2012.10.29 09:00:00.029,1.02727,1.0274,6.23,1.73
2012.10.29 09:00:01.379,1.02728,1.02742,2.48,1.73
2012.10.29 09:00:01.502,1.02731,1.02743,1.73,2.70
2012.10.29 09:00:01.824,1.02733,1.02748,2.48,2.85
2012.10.29 09:00:02.129,1.02734,1.02748,2.25,2.10
2012.10.29 09:00:02.189,1.02734,1.02748,2.25,2.10
2012.10.29 09:00:03.641,1.02732,1.02747,2.48,2.48
2012.10.29 09:00:04.195,1.02733,1.02748,2.48,3.98
2012.10.29 09:00:05.200,1.02733,1.02748,2.48,3.23
2012.10.29 09:00:05.410,1.02733,1.02748,2.48,3.98
2012.10.29 09:00:05.949,1.02734,1.02748,2.25,3.23
2012.10.29 09:00:06.639,1.02734,1.02748,2.25,3.23
2012.10.29 09:00:08.868,1.02734,1.02749,3.23,1.58
2012.10.29 09:00:09.410,1.02735,1.02749,1.73,1.73
2012.10.29 09:00:10.290,1.02737,1.02752,1.73,3.98
2012.10.29 09:00:10.779,1.02737,1.02753,1.73,3.23
2012.10.29 09:00:11.678,1.02737,1.02753,1.73,3.23
2012.10.29 09:00:12.209,1.02737,1.02753,1.73,2.48
2012.10.29 09:00:12.758,1.02739,1.02753,2.25,1.73
2012.10.29 09:00:13.013,1.02739,1.02753,2.25,1.50
2012.10.29 09:00:13.510,1.02743,1.02756,3.75,2.25
2012.10.29 09:00:13.749,1.02743,1.02756,3.98,1.13
2012.10.29 09:00:14.291,1.02743,1.02756,3.98,1.35
2012.10.29 09:00:15.069,1.02743,1.02756,4.73,1.35
2012.10.29 09:00:15.768,1.02743,1.02756,3.98,1.35
2012.10.29 09:00:20.389,1.02747,1.02759,1.50,1.73
2012.10.29 09:00:20.688,1.02747,1.0276,2.48,2.10
2012.10.29 09:00:24.063,1.02745,1.02759,1.73,2.48
2012.10.29 09:00:28.499,1.02746,1.02759,1.73,1.73
2012.10.29 09:00:29.060,1.02746,1.02761,3.23,1.35
2012.10.29 09:00:32.121,1.02745,1.02759,4.58,1.73
2012.10.29 09:00:33.983,1.02746,1.02758,2.10,1.73
2012.10.29 09:00:34.169,1.02747,1.02758,1.73,1.73
2012.10.29 09:00:34.750,1.02747,1.02758,1.73,1.73
2012.10.29 09:00:40.460,1.02747,1.02758,1.73,1.73
2012.10.29 09:00:42.759,1.02748,1.0276,1.73,2.48
2012.10.29 09:00:45.520,1.02746,1.02758,2.10,1.73
2012.10.29 09:00:46.110,1.02745,1.02759,1.73,2.48
2012.10.29 09:00:49.779,1.02746,1.02759,3.98,2.48
2012.10.29 09:00:50.019,1.02746,1.02759,4.73,1.73
2012.10.29 09:00:56.820,1.02745,1.02757,3.98,1.73
2012.10.29 09:01:00.030,1.02745,1.02757,3.23,1.73
2012.10.29 09:01:00.390,1.02743,1.02756,3.98,1.73
2012.10.29 09:01:00.750,1.02741,1.02753,1.73,1.73
2012.10.29 09:01:03.169,1.02741,1.02753,4.73,2.25
2012.10.29 09:01:04.740,1.02741,1.02753,4.73,2.25
2012.10.29 09:01:06.419,1.02741,1.02753,4.73,1.50
2012.10.29 09:01:07.598,1.02741,1.02753,4.73,2.25
2012.10.29 09:01:08.159,1.02741,1.02753,1.73,3.98
2012.10.29 09:01:09.129,1.02737,1.0275,2.48,1.50
2012.10.29 09:01:09.310,1.02737,1.02747,1.50,1.73
2012.10.29 09:01:09.490,1.02734,1.02747,1.73,1.73
2012.10.29 09:01:14.620,1.02735,1.02746,1.73,1.73
2012.10.29 09:01:15.188,1.02735,1.02745,1.73,1.50
2012.10.29 09:01:22.159,1.02732,1.02744,2.10,1.50
2012.10.29 09:01:22.219,1.02731,1.02744,2.48,1.73
2012.10.29 09:01:22.520,1.0273,1.02743,1.50,1.73
2012.10.29 09:01:22.762,1.02726,1.02739,1.73,1.73
2012.10.29 09:01:23.362,1.02726,1.02737,1.73,1.50
2012.10.29 09:01:24.014,1.02726,1.02737,1.73,1.50
2012.10.29 09:01:25.656,1.02727,1.02737,1.73,1.50
2012.10.29 09:01:25.793,1.02727,1.02737,1.73,2.25
2012.10.29 09:01:26.460,1.02726,1.02737,1.73,1.50
2012.10.29 09:01:27.540,1.02727,1.02737,1.73,1.50
2012.10.29 09:01:31.620,1.02723,1.02737,3.98,1.50
2012.10.29 09:01:31.683,1.02721,1.02735,2.25,2.25
2012.10.29 09:01:31.810,1.02721,1.0273,2.25,1.73
2012.10.29 09:01:32.001,1.02717,1.0273,2.48,2.48
2012.10.29 09:01:32.119,1.02717,1.02729,1.73,1.73
2012.10.29 09:01:32.499,1.02718,1.02729,3.75,1.73
2012.10.29 09:01:32.619,1.02716,1.0273,2.10,1.73
2012.10.29 09:01:32.678,1.02716,1.02729,2.48,1.73
2012.10.29 09:01:32.799,1.02717,1.02729,3.98,1.73
2012.10.29 09:01:33.038,1.02717,1.0273,3.98,1.73
2012.10.29 09:01:33.445,1.02716,1.02729,6.23,1.73
2012.10.29 09:01:34.007,1.02715,1.02726,1.50,2.48
2012.10.29 09:01:34.309,1.02713,1.02723,3.23,1.50
2012.10.29 09:01:39.809,1.02711,1.02723,6.23,1.50
2012.10.29 09:01:40.191,1.0271,1.02723,1.73,1.73
2012.10.29 09:01:40.548,1.02711,1.02724,1.73,1.73
2012.10.29 09:01:40.728,1.02711,1.02724,1.73,1.73
2012.10.29 09:01:40.970,1.02711,1.02724,1.73,1.73
2012.10.29 09:01:42.179,1.02711,1.02724,1.73,1.73
2012.10.29 09:01:42.948,1.0271,1.02724,6.23,2.48
2012.10.29 09:01:44.066,1.02709,1.02723,2.48,1.73
2012.10.29 09:01:44.313,1.02709,1.02722,1.50,1.73
2012.10.29 09:01:48.671,1.02716,1.02723,1.50,1.73
2012.10.29 09:01:48.805,1.0271,1.02722,1.73,1.73
2012.10.29 09:01:49.318,1.02709,1.02722,3.98,1.73
2012.10.29 09:01:49.839,1.02709,1.02722,4.73,1.73
2012.10.29 09:01:50.429,1.02709,1.02722,4.73,1.73
2012.10.29 09:01:53.142,1.0271,1.02722,1.73,1.73
2012.10.29 09:01:53.849,1.0271,1.02722,1.73,2.48
2012.10.29 09:01:55.210,1.02714,1.02725,1.50,1.73
2012.10.29 09:01:55.571,1.02718,1.02729,1.13,1.73
2012.10.29 09:01:55.989,1.02716,1.0273,1.73,2.48
2012.10.29 09:01:56.449,1.02714,1.02729,2.10,1.73
2012.10.29 09:01:59.729,1.02716,1.02729,2.48,1.73
2012.10.29 09:02:02.549,1.02717,1.0273,3.23,1.73
2012.10.29 09:02:02.791,1.0272,1.02735,1.50,4.35
2012.10.29 09:02:02.852,1.0272,1.02735,1.50,2.63
2012.10.29 09:02:03.389,1.02722,1.02735,1.50,1.50
2012.10.29 09:02:04.118,1.02721,1.02735,1.13,1.50
2012.10.29 09:02:05.138,1.0272,1.02735,3.00,1.50
2012.10.29 09:02:06.612,1.0272,1.02731,1.73,1.73
2012.10.29 09:02:06.970,1.02717,1.0273,1.73,1.73
2012.10.29 09:02:07.335,1.02719,1.02732,1.73,1.73
2012.10.29 09:02:08.769,1.02721,1.02734,1.73,2.48
2012.10.29 09:02:09.199,1.02722,1.02736,4.73,1.73
2012.10.29 09:02:13.059,1.02724,1.02736,2.48,1.73
2012.10.29 09:02:13.360,1.02726,1.02736,3.98,1.50
2012.10.29 09:02:13.880,1.02726,1.02736,3.98,1.50
2012.10.29 09:02:13.940,1.02724,1.02736,2.10,1.73
2012.10.29 09:02:14.509,1.02724,1.02736,3.98,1.73
2012.10.29 09:02:15.248,1.02724,1.02736,2.85,1.73
2012.10.29 09:02:20.869,1.02723,1.02736,3.98,1.73
2012.10.29 09:02:28.090,1.02716,1.02729,2.25,4.88
2012.10.29 09:02:28.209,1.02719,1.02723,1.88,1.13
2012.10.29 09:02:28.331,1.02714,1.02723,1.50,1.35
2012.10.29 09:02:28.451,1.02711,1.0272,1.88,2.48
2012.10.29 09:02:28.630,1.02714,1.0272,1.50,3.00
2012.10.29 09:02:28.749,1.02712,1.0272,3.75,3.00
2012.10.29 09:02:29.262,1.02712,1.0272,3.98,1.50
2012.10.29 09:02:30.233,1.02712,1.02721,3.98,1.73
2012.10.29 09:02:30.791,1.02714,1.02727,1.73,1.73
2012.10.29 09:02:30.971,1.02713,1.02728,3.23,2.48
2012.10.29 09:02:31.600,1.02714,1.02729,3.23,3.23
2012.10.29 09:02:34.269,1.02714,1.02729,5.48,2.85
2012.10.29 09:02:34.389,1.02714,1.02729,5.48,2.85
2012.10.29 09:02:34.450,1.02714,1.02729,5.85,2.48
2012.10.29 09:02:46.253,1.02716,1.0273,1.73,2.48
2012.10.29 09:02:48.602,1.02715,1.0273,3.23,3.23
2012.10.29 09:02:49.575,1.02715,1.02727,1.73,1.73
2012.10.29 09:02:55.072,1.02717,1.0273,3.23,1.73
2012.10.29 09:02:55.189,1.02717,1.0273,3.60,1.73
2012.10.29 09:02:57.829,1.02717,1.0273,2.10,1.73
2012.10.29 09:02:58.290,1.02715,1.02729,2.10,1.73
2012.10.29 09:03:00.170,1.02714,1.02728,1.73,1.73
2012.10.29 09:03:00.353,1.02711,1.02724,3.98,1.50
2012.10.29 09:03:00.411,1.02711,1.02724,3.98,1.73
2012.10.29 09:03:00.651,1.02711,1.02722,1.50,1.73
2012.10.29 09:03:00.950,1.02708,1.02722,1.73,3.23
2012.10.29 09:03:03.960,1.02708,1.02721,1.73,1.73
2012.10.29 09:03:09.730,1.02707,1.02721,4.73,1.73
2012.10.29 09:03:10.029,1.02707,1.02718,1.73,1.73
2012.10.29 09:03:10.391,1.02704,1.02716,1.73,1.73
2012.10.29 09:03:10.874,1.02701,1.02715,2.10,2.48
2012.10.29 09:03:12.544,1.02701,1.02715,2.85,1.73
2012.10.29 09:03:13.587,1.02701,1.02714,1.73,1.73
2012.10.29 09:03:13.710,1.02701,1.02715,2.48,1.73
2012.10.29 09:03:15.170,1.02701,1.02715,1.73,1.73
2012.10.29 09:03:15.229,1.02701,1.02715,2.48,1.73
2012.10.29 09:03:15.410,1.02703,1.02715,1.73,1.73
2012.10.29 09:03:15.711,1.02708,1.02717,1.50,2.48
2012.10.29 09:03:15.892,1.02709,1.02719,1.73,1.50
2012.10.29 09:03:16.914,1.02708,1.02721,1.73,2.48
2012.10.29 09:03:17.420,1.02708,1.02721,1.73,1.73
2012.10.29 09:03:18.070,1.02706,1.02721,2.10,1.73
2012.10.29 09:03:18.192,1.02706,1.02716,1.35,1.50
2012.10.29 09:03:18.502,1.02704,1.02716,1.13,2.48
2012.10.29 09:03:18.651,1.02702,1.02716,1.73,2.48
2012.10.29 09:03:18.950,1.02706,1.02716,3.75,2.48
2012.10.29 09:03:19.131,1.02709,1.02721,1.73,1.73
2012.10.29 09:03:19.430,1.0271,1.02722,3.98,1.73
2012.10.29 09:03:22.963,1.02712,1.02723,1.73,1.50
2012.10.29 09:03:25.740,1.0271,1.02723,3.23,1.73
2012.10.29 09:03:28.740,1.02708,1.02722,2.48,1.73
2012.10.29 09:03:31.989,1.02708,1.02722,2.48,1.73
2012.10.29 09:03:32.304,1.02713,1.02726,3.38,2.48
2012.10.29 09:03:32.623,1.02718,1.0273,1.73,1.35
2012.10.29 09:03:32.680,1.02718,1.02729,1.73,1.50
2012.10.29 09:03:33.220,1.02718,1.02731,1.73,2.48
2012.10.29 09:03:34.540,1.02718,1.02731,1.73,2.48
2012.10.29 09:03:35.077,1.02718,1.02732,1.73,1.73
2012.10.29 09:03:36.951,1.0272,1.02733,3.00,2.48
2012.10.29 09:03:37.071,1.0272,1.02733,4.50,1.73
2012.10.29 09:03:37.401,1.0272,1.02733,4.50,2.48
2012.10.29 09:03:37.940,1.0272,1.02731,3.00,1.50
2012.10.29 09:03:38.701,1.02718,1.02731,3.00,1.50
2012.10.29 09:03:40.980,1.02719,1.02732,2.10,1.73
2012.10.29 09:03:41.040,1.02717,1.02732,3.98,1.73
2012.10.29 09:03:41.220,1.02718,1.02732,3.98,1.73
2012.10.29 09:03:43.039,1.02718,1.02733,3.98,3.98
2012.10.29 09:03:43.460,1.02718,1.02734,5.48,2.48
2012.10.29 09:03:44.120,1.02718,1.02733,1.73,3.23
2012.10.29 09:03:44.829,1.02717,1.02732,3.23,2.48
2012.10.29 09:03:45.340,1.02717,1.0273,5.48,1.73
2012.10.29 09:03:45.830,1.02715,1.0273,2.10,3.23
2012.10.29 09:03:46.131,1.02712,1.02726,4.73,1.73
2012.10.29 09:03:48.780,1.0271,1.02724,3.23,3.98
2012.10.29 09:03:52.500,1.02713,1.02724,1.50,3.23
2012.10.29 09:03:52.803,1.02716,1.02729,1.73,3.98
2012.10.29 09:03:53.244,1.02713,1.02725,1.50,1.35
2012.10.29 09:03:53.550,1.0271,1.02721,1.50,1.73
2012.10.29 09:03:55.440,1.02709,1.02721,2.25,1.73
2012.10.29 09:03:55.901,1.0271,1.02724,2.48,1.73
2012.10.29 09:03:56.022,1.0271,1.02723,1.73,1.73
2012.10.29 09:04:03.324,1.02709,1.02722,3.98,1.73
2012.10.29 09:04:03.630,1.02707,1.02722,1.73,3.60
2012.10.29 09:04:08.571,1.02703,1.02717,1.73,1.73
2012.10.29 09:04:08.699,1.02702,1.02717,3.98,3.23
2012.10.29 09:04:09.017,1.02702,1.02716,3.23,1.73
2012.10.29 09:04:09.621,1.02702,1.02714,1.73,1.73
2012.10.29 09:04:10.170,1.02702,1.02715,1.73,1.73
2012.10.29 09:04:10.769,1.02702,1.02715,1.73,1.73
2012.10.29 09:04:13.199,1.02702,1.02714,1.73,1.73
2012.10.29 09:04:13.621,1.027,1.02713,2.48,1.73
2012.10.29 09:04:14.150,1.02701,1.02713,2.25,1.73
2012.10.29 09:04:14.700,1.027,1.02713,2.48,1.73
2012.10.29 09:04:14.942,1.02697,1.02712,2.48,4.58
2012.10.29 09:04:15.241,1.02692,1.02708,2.48,4.73
2012.10.29 09:04:16.050,1.02692,1.02707,2.48,2.85
2012.10.29 09:04:16.170,1.02692,1.02707,2.48,2.10
2012.10.29 09:04:17.410,1.02692,1.02704,1.50,1.73
2012.10.29 09:04:18.530,1.02691,1.02704,1.50,1.73
2012.10.29 09:04:19.040,1.02692,1.02704,1.73,1.73
2012.10.29 09:04:19.970,1.02697,1.02707,1.50,2.48
2012.10.29 09:04:20.273,1.027,1.0271,1.50,1.73
2012.10.29 09:04:20.699,1.027,1.0271,1.50,1.73
2012.10.29 09:04:21.131,1.02698,1.02713,1.35,1.73
2012.10.29 09:04:21.689,1.02699,1.02713,2.10,1.73
2012.10.29 09:04:24.655,1.027,1.02713,2.48,1.73
2012.10.29 09:04:24.780,1.027,1.02714,2.48,1.73
2012.10.29 09:04:25.081,1.02705,1.02714,1.50,1.73
2012.10.29 09:04:25.261,1.02708,1.0272,1.73,3.23
2012.10.29 09:04:25.620,1.02708,1.02722,2.48,2.48
2012.10.29 09:04:27.387,1.02709,1.02721,1.73,1.73
2012.10.29 09:04:28.490,1.02709,1.02723,1.73,1.73
2012.10.29 09:04:28.610,1.02712,1.02725,2.48,3.23
2012.10.29 09:04:29.153,1.02711,1.02725,4.73,1.73
2012.10.29 09:04:29.271,1.02709,1.02724,4.35,1.73
2012.10.29 09:04:29.633,1.02707,1.0272,3.00,3.23
2012.10.29 09:04:30.891,1.02707,1.0272,1.50,3.23
2012.10.29 09:04:32.553,1.02707,1.0272,1.50,3.23
2012.10.29 09:04:40.051,1.02705,1.02717,1.73,1.73
2012.10.29 09:04:40.291,1.02702,1.02715,1.73,3.23
2012.10.29 09:04:40.711,1.02707,1.02715,1.50,2.48
2012.10.29 09:04:40.831,1.02707,1.02717,1.50,1.73
2012.10.29 09:04:40.949,1.02707,1.02717,1.73,1.50
2012.10.29 09:04:41.129,1.02707,1.0272,3.23,1.73
2012.10.29 09:04:41.431,1.02708,1.02721,1.50,2.10
2012.10.29 09:04:41.702,1.02707,1.02721,3.23,2.48
2012.10.29 09:04:42.444,1.02706,1.02721,3.60,2.48
2012.10.29 09:04:42.555,1.02706,1.02721,3.60,2.48
2012.10.29 09:04:50.781,1.02706,1.02719,2.48,1.73
2012.10.29 09:04:51.461,1.02706,1.02717,1.73,1.73
2012.10.29 09:04:51.580,1.02706,1.02716,1.50,1.73
2012.10.29 09:04:52.089,1.02704,1.02716,1.50,1.73
2012.10.29 09:04:52.680,1.02701,1.02713,2.25,1.73
2012.10.29 09:04:53.331,1.02704,1.02715,1.58,1.50
2012.10.29 09:04:53.571,1.02707,1.02717,1.73,2.25
2012.10.29 09:04:53.750,1.02707,1.02717,2.48,1.73
2012.10.29 09:04:53.930,1.02712,1.02721,1.50,1.73
2012.10.29 09:04:54.050,1.02712,1.02722,1.50,1.73
2012.10.29 09:04:54.111,1.02708,1.02723,3.23,1.73
2012.10.29 09:04:58.863,1.02715,1.02723,3.75,1.50
2012.10.29 09:04:59.160,1.0272,1.02728,4.88,1.73
2012.10.29 09:04:59.341,1.02722,1.02731,1.13,1.35
2012.10.29 09:04:59.581,1.02723,1.02735,2.48,2.48
2012.10.29 09:05:00.130,1.02723,1.02737,2.48,2.48
2012.10.29 09:05:01.470,1.02723,1.02737,2.48,1.73
2012.10.29 09:05:02.010,1.02725,1.02739,1.35,3.23
2012.10.29 09:05:04.690,1.0273,1.02739,1.50,3.23
2012.10.29 09:05:04.811,1.02733,1.02739,4.13,2.25
2012.10.29 09:05:04.870,1.02734,1.02741,1.13,2.48
2012.10.29 09:05:04.934,1.02736,1.02747,3.75,1.73
2012.10.29 09:05:05.002,1.02736,1.02746,4.13,1.73
2012.10.29 09:05:05.559,1.02736,1.02746,4.35,1.50
2012.10.29 09:05:05.661,1.02736,1.02747,4.35,1.73
2012.10.29 09:05:06.192,1.02736,1.02748,4.35,3.23
2012.10.29 09:05:10.516,1.02735,1.02748,4.35,3.00
2012.10.29 09:05:11.061,1.02738,1.02751,5.25,2.10
2012.10.29 09:05:11.181,1.02739,1.02751,1.73,2.10
2012.10.29 09:05:11.542,1.02743,1.02753,1.13,2.48
2012.10.29 09:05:11.660,1.02743,1.02754,1.35,2.48
2012.10.29 09:05:12.382,1.02745,1.02757,1.35,1.73
2012.10.29 09:05:12.680,1.02744,1.02758,4.50,1.73
2012.10.29 09:05:16.060,1.02742,1.02755,1.50,3.23
2012.10.29 09:05:16.610,1.02742,1.02754,3.98,1.73
2012.10.29 09:05:17.261,1.02743,1.02754,3.98,1.73
2012.10.29 09:05:17.815,1.02742,1.02754,1.73,3.23
2012.10.29 09:05:18.570,1.02744,1.02754,3.98,2.48
2012.10.29 09:05:19.243,1.02745,1.02757,1.35,1.73
2012.10.29 09:05:19.310,1.02745,1.02756,1.35,1.35
2012.10.29 09:05:20.032,1.02742,1.02754,2.48,2.48
2012.10.29 09:05:20.481,1.02742,1.02755,4.73,1.73
2012.10.29 09:05:22.457,1.02743,1.02756,1.50,1.73
2012.10.29 09:05:22.791,1.02746,1.02758,1.35,1.73
2012.10.29 09:05:27.209,1.02745,1.02757,3.75,1.73
2012.10.29 09:05:32.460,1.02745,1.02757,3.75,1.73
2012.10.29 09:05:32.972,1.02745,1.02757,3.98,1.73
2012.10.29 09:05:33.254,1.02749,1.02759,1.88,1.73
2012.10.29 09:05:33.320,1.02749,1.02758,1.88,1.73
2012.10.29 09:05:33.563,1.0275,1.02758,1.35,1.50
2012.10.29 09:05:33.991,1.02747,1.02758,1.73,1.73
2012.10.29 09:05:36.952,1.0274,1.02749,1.35,1.50
2012.10.29 09:05:37.190,1.02735,1.02749,4.35,2.48
2012.10.29 09:05:37.730,1.02737,1.02747,2.10,1.73
2012.10.29 09:05:39.929,1.02735,1.02748,2.85,1.73
2012.10.29 09:05:40.470,1.02737,1.02749,1.35,1.73
2012.10.29 09:05:41.011,1.02735,1.02747,2.85,1.73
2012.10.29 09:05:41.534,1.02738,1.02746,1.73,1.50
2012.10.29 09:05:44.340,1.0274,1.02748,1.50,1.73
2012.10.29 09:05:44.961,1.0274,1.02751,1.50,2.85
2012.10.29 09:05:45.970,1.0274,1.02751,1.50,1.73
2012.10.29 09:05:48.169,1.02738,1.02751,1.73,2.48
2012.10.29 09:05:49.200,1.0274,1.02751,1.50,2.48
2012.10.29 09:05:51.991,1.02742,1.02751,1.88,1.73
2012.10.29 09:05:52.300,1.02743,1.02753,1.50,3.98
2012.10.29 09:05:52.952,1.02743,1.02753,1.50,3.23
2012.10.29 09:05:53.911,1.02743,1.02752,1.13,2.48
2012.10.29 09:05:53.971,1.02739,1.02752,1.50,2.48
2012.10.29 09:05:54.185,1.02745,1.02752,1.50,2.48
2012.10.29 09:05:54.730,1.02744,1.02752,1.50,1.73
2012.10.29 09:05:57.342,1.02748,1.02754,4.50,1.50
2012.10.29 09:05:57.401,1.02751,1.02757,1.50,1.50
2012.10.29 09:05:57.527,1.02751,1.0276,1.50,1.50
2012.10.29 09:05:57.890,1.02754,1.02762,2.85,1.50
2012.10.29 09:05:58.970,1.02754,1.02762,2.10,1.50
2012.10.29 09:05:59.474,1.02753,1.02761,2.85,1.50
2012.10.29 09:05:59.945,1.02753,1.0276,2.85,1.50
2012.10.29 09:06:00.499,1.02753,1.02763,2.10,1.50
2012.10.29 09:06:01.331,1.02754,1.02766,3.23,1.50
2012.10.29 09:06:01.881,1.02758,1.02769,2.10,1.73
2012.10.29 09:06:02.141,1.02753,1.02762,1.35,1.50
2012.10.29 09:06:02.200,1.02752,1.02762,1.35,1.50
2012.10.29 09:06:02.320,1.02752,1.02762,1.35,1.50
2012.10.29 09:06:03.422,1.02751,1.02761,3.98,1.50
2012.10.29 09:06:03.781,1.02753,1.02764,2.10,1.73
2012.10.29 09:06:04.111,1.02754,1.02768,3.60,1.73
2012.10.29 09:06:04.471,1.02757,1.02768,1.35,1.73
2012.10.29 09:06:07.310,1.02757,1.02767,2.10,1.50
2012.10.29 09:06:07.371,1.02756,1.02767,3.98,1.50
2012.10.29 09:06:07.931,1.02757,1.02771,1.73,2.48
2012.10.29 09:06:08.052,1.02759,1.02771,2.48,2.48
2012.10.29 09:06:08.291,1.02759,1.02774,3.23,3.23
2012.10.29 09:06:09.940,1.02758,1.02771,1.73,1.73
2012.10.29 09:06:10.062,1.02757,1.02771,2.25,3.23
2012.10.29 09:06:10.182,1.02756,1.02769,2.85,2.48
2012.10.29 09:06:10.300,1.02756,1.02769,1.88,2.48
2012.10.29 09:06:10.839,1.02753,1.02768,6.98,1.73
2012.10.29 09:06:14.081,1.02752,1.02765,2.85,1.50
2012.10.29 09:06:14.140,1.02752,1.02765,1.73,1.73
2012.10.29 09:06:14.320,1.02751,1.02764,3.98,1.73
2012.10.29 09:06:14.830,1.02749,1.02763,1.73,1.73
2012.10.29 09:06:15.130,1.02747,1.02758,4.35,1.73
2012.10.29 09:06:15.191,1.02747,1.02758,3.98,1.73
2012.10.29 09:06:15.723,1.02747,1.02756,3.98,1.50
2012.10.29 09:06:20.241,1.02748,1.02758,4.35,1.73
2012.10.29 09:06:20.541,1.02749,1.0276,2.10,1.73
2012.10.29 09:06:20.601,1.02749,1.0276,1.35,1.73
2012.10.29 09:06:20.911,1.02748,1.02761,1.35,2.48
2012.10.29 09:06:21.032,1.02747,1.02759,3.23,1.73
2012.10.29 09:06:24.100,1.02748,1.02759,4.35,2.48
2012.10.29 09:06:24.642,1.02749,1.02759,1.35,2.25
2012.10.29 09:06:29.830,1.02749,1.02759,1.35,2.25
2012.10.29 09:06:32.461,1.02749,1.02759,1.35,2.25
2012.10.29 09:06:39.439,1.02749,1.02759,1.73,2.25
2012.10.29 09:06:42.591,1.02748,1.02758,1.35,1.50
2012.10.29 09:06:43.139,1.02748,1.02758,1.35,1.50
2012.10.29 09:06:43.757,1.02746,1.02758,1.35,1.50
2012.10.29 09:06:44.381,1.02746,1.02758,1.35,1.73
2012.10.29 09:06:45.971,1.02746,1.02758,1.35,1.73
2012.10.29 09:06:46.420,1.02745,1.02759,3.98,3.98
2012.10.29 09:06:46.971,1.02745,1.02756,3.98,1.50
2012.10.29 09:06:48.345,1.02745,1.02756,4.73,1.50
2012.10.29 09:06:48.471,1.02743,1.02756,2.63,3.98
2012.10.29 09:06:48.710,1.02742,1.02755,2.10,1.73
2012.10.29 09:06:49.271,1.02743,1.02755,4.50,1.73
2012.10.29 09:06:49.390,1.02743,1.02755,4.73,1.73
2012.10.29 09:06:54.311,1.02742,1.02756,1.73,2.48
2012.10.29 09:06:57.040,1.0274,1.02756,1.73,2.63
2012.10.29 09:06:57.630,1.0274,1.02755,1.73,1.13
2012.10.29 09:07:00.011,1.02738,1.02752,3.98,1.35
2012.10.29 09:07:00.581,1.02736,1.0275,4.73,3.00
2012.10.29 09:07:00.640,1.02736,1.0275,4.73,3.23
2012.10.29 09:07:01.061,1.02733,1.02747,4.73,1.73
2012.10.29 09:07:01.780,1.02733,1.02746,3.98,1.73
2012.10.29 09:07:02.301,1.02732,1.02745,3.98,1.73
2012.10.29 09:07:06.181,1.02731,1.02745,2.48,1.73
2012.10.29 09:07:06.242,1.02731,1.02745,2.25,1.73
2012.10.29 09:07:06.303,1.02729,1.02745,1.50,3.98
2012.10.29 09:07:06.852,1.02729,1.02741,1.50,2.48
2012.10.29 09:07:06.910,1.02727,1.02741,2.48,2.48
2012.10.29 09:07:08.121,1.02727,1.02738,2.48,1.73
2012.10.29 09:07:08.680,1.02727,1.02738,2.48,1.73
2012.10.29 09:07:10.041,1.02727,1.02738,1.50,1.73
2012.10.29 09:07:10.160,1.02721,1.02735,1.73,1.73
2012.10.29 09:07:10.280,1.02718,1.02734,2.85,2.48
2012.10.29 09:07:10.460,1.02718,1.02731,1.50,2.48
2012.10.29 09:07:11.000,1.02714,1.02727,1.35,1.73
2012.10.29 09:07:11.250,1.02712,1.02727,5.48,2.48
2012.10.29 09:07:11.700,1.0271,1.02724,2.10,1.73
2012.10.29 09:07:12.060,1.02707,1.02721,1.88,1.73
2012.10.29 09:07:12.180,1.02707,1.02721,4.35,1.73
2012.10.29 09:07:12.980,1.02711,1.02723,3.75,1.73
2012.10.29 09:07:13.040,1.02714,1.02723,1.73,1.50
2012.10.29 09:07:14.042,1.02715,1.02724,1.50,1.50
2012.10.29 09:07:14.359,1.02714,1.02726,3.98,1.73
2012.10.29 09:07:14.429,1.02714,1.02726,3.75,1.73
2012.10.29 09:07:14.671,1.02714,1.02723,3.75,1.50
2012.10.29 09:07:14.910,1.02711,1.02723,1.73,1.73
2012.10.29 09:07:18.100,1.02711,1.02723,1.73,2.10
2012.10.29 09:07:23.610,1.02711,1.02725,1.50,1.35
2012.10.29 09:07:24.161,1.02709,1.02724,2.48,1.35
2012.10.29 09:07:31.870,1.02709,1.02724,6.23,1.35
2012.10.29 09:07:32.410,1.0271,1.02724,1.73,1.35
2012.10.29 09:07:33.094,1.0271,1.02724,1.73,1.35
2012.10.29 09:07:33.672,1.02712,1.02726,3.23,2.48
2012.10.29 09:07:36.250,1.02712,1.02726,3.23,1.73
2012.10.29 09:07:36.760,1.02712,1.02726,1.73,3.23
2012.10.29 09:07:37.971,1.0271,1.02726,2.48,3.23
2012.10.29 09:07:40.361,1.02712,1.02727,2.48,3.23
2012.10.29 09:07:40.720,1.02715,1.02731,2.48,3.08
2012.10.29 09:07:41.261,1.02716,1.02731,1.50,3.08
2012.10.29 09:07:42.261,1.02716,1.02731,2.25,4.95
2012.10.29 09:07:42.381,1.0272,1.02732,2.48,1.95
2012.10.29 09:07:42.920,1.0272,1.02737,4.73,2.48
2012.10.29 09:07:43.470,1.0272,1.02736,3.23,2.48
2012.10.29 09:07:43.531,1.0272,1.02736,2.48,2.48
2012.10.29 09:07:44.212,1.02718,1.02732,2.48,2.48
2012.10.29 09:07:44.749,1.02718,1.02732,1.73,2.48
2012.10.29 09:07:45.591,1.02718,1.02733,3.23,1.35
2012.10.29 09:07:46.131,1.02718,1.02733,1.73,2.85
2012.10.29 09:07:46.321,1.02716,1.02733,1.73,3.60
2012.10.29 09:07:46.830,1.02715,1.02731,3.23,1.73
2012.10.29 09:07:48.501,1.02719,1.02731,1.50,1.73
2012.10.29 09:07:49.018,1.02719,1.02733,1.73,3.23
2012.10.29 09:07:50.790,1.02719,1.02733,1.73,3.23
2012.10.29 09:07:54.671,1.0272,1.02733,1.73,1.35
2012.10.29 09:07:55.551,1.0272,1.02734,1.73,1.73
2012.10.29 09:08:00.500,1.0272,1.02732,2.48,1.73
2012.10.29 09:08:00.991,1.02724,1.02733,1.73,1.50
2012.10.29 09:08:01.171,1.02724,1.02739,2.48,2.48
2012.10.29 09:08:01.471,1.02728,1.02743,5.48,1.73
2012.10.29 09:08:01.530,1.02728,1.02741,5.48,1.50
2012.10.29 09:08:15.750,1.02731,1.02745,3.23,1.73
2012.10.29 09:08:15.811,1.02731,1.02746,3.23,1.73
2012.10.29 09:08:15.871,1.02732,1.02746,1.73,1.50
2012.10.29 09:08:16.231,1.0274,1.02752,1.50,3.23
2012.10.29 09:08:16.551,1.02741,1.02752,3.98,1.50
2012.10.29 09:08:16.790,1.02741,1.02752,3.98,1.50
2012.10.29 09:08:22.942,1.02742,1.02754,3.98,1.73
2012.10.29 09:08:23.002,1.02743,1.02756,1.50,2.48
2012.10.29 09:08:23.121,1.02743,1.02758,1.73,2.10
2012.10.29 09:08:23.481,1.02746,1.0276,2.33,1.73
2012.10.29 09:08:23.541,1.02747,1.0276,1.73,1.73
2012.10.29 09:08:24.310,1.02747,1.02762,1.73,2.48
2012.10.29 09:08:24.820,1.02746,1.0276,4.73,2.85
2012.10.29 09:08:29.590,1.02744,1.02757,3.23,4.50
2012.10.29 09:08:29.770,1.02744,1.02758,3.98,1.35
2012.10.29 09:08:30.820,1.02746,1.0276,3.75,2.48
2012.10.29 09:08:31.192,1.02743,1.02755,1.50,4.35
2012.10.29 09:08:31.550,1.02738,1.02752,1.73,2.48
2012.10.29 09:08:32.126,1.02735,1.02752,4.73,3.08
2012.10.29 09:08:35.081,1.02738,1.02752,1.73,3.45
2012.10.29 09:08:35.440,1.02743,1.02756,1.50,2.48
2012.10.29 09:08:35.800,1.02737,1.02752,5.10,2.48
2012.10.29 09:08:36.410,1.02738,1.02754,1.73,3.23
2012.10.29 09:08:36.590,1.0274,1.02756,1.73,6.23
2012.10.29 09:08:36.770,1.0274,1.02756,1.73,5.85
2012.10.29 09:08:37.130,1.02741,1.02756,1.50,7.35
2012.10.29 09:08:38.221,1.02741,1.02756,1.50,7.35
2012.10.29 09:08:40.311,1.02741,1.02756,1.50,7.35
2012.10.29 09:08:43.232,1.02737,1.02751,3.23,1.73
2012.10.29 09:08:43.536,1.02736,1.02749,3.98,3.98
2012.10.29 09:08:43.840,1.02738,1.02749,3.98,2.48
2012.10.29 09:08:44.143,1.02739,1.02753,1.73,2.48
2012.10.29 09:08:44.700,1.02739,1.02753,1.73,2.48
2012.10.29 09:08:45.953,1.02739,1.02753,1.73,2.48
2012.10.29 09:08:47.371,1.02738,1.0275,3.98,2.48
2012.10.29 09:08:47.610,1.02735,1.02749,1.35,1.73
2012.10.29 09:08:47.731,1.02734,1.02748,1.73,3.23
2012.10.29 09:08:50.451,1.02732,1.02746,3.98,1.73
2012.10.29 09:08:51.780,1.02731,1.02746,4.35,3.23
2012.10.29 09:08:51.960,1.02729,1.02744,2.10,1.73
2012.10.29 09:08:53.450,1.02731,1.02743,3.75,3.23
2012.10.29 09:08:53.572,1.02731,1.02746,3.98,4.73
2012.10.29 09:08:53.631,1.02734,1.02746,3.75,2.48
2012.10.29 09:08:53.750,1.02734,1.02746,3.98,2.48
2012.10.29 09:08:53.871,1.02732,1.02746,4.73,3.98
2012.10.29 09:08:54.231,1.02733,1.02747,2.33,2.48
2012.10.29 09:08:54.770,1.02735,1.02748,3.98,3.23
2012.10.29 09:08:55.421,1.02739,1.02749,3.75,2.48
2012.10.29 09:08:55.723,1.02741,1.02753,5.33,3.98
2012.10.29 09:08:55.840,1.02744,1.02753,4.50,1.73
2012.10.29 09:08:55.962,1.02744,1.02755,4.50,1.73
2012.10.29 09:08:56.023,1.02744,1.02755,4.58,1.50
2012.10.29 09:08:56.571,1.02744,1.02756,3.98,2.85
2012.10.29 09:08:56.631,1.02741,1.02754,4.73,1.50
2012.10.29 09:08:56.812,1.02742,1.02754,3.98,2.48
2012.10.29 09:08:56.992,1.02742,1.02755,3.98,1.35
2012.10.29 09:08:57.052,1.02746,1.02755,3.75,1.35
2012.10.29 09:08:57.173,1.02746,1.02758,3.75,3.23
2012.10.29 09:08:57.601,1.02748,1.0276,1.73,1.13
2012.10.29 09:08:57.721,1.02754,1.02764,3.98,1.88
2012.10.29 09:08:58.231,1.02754,1.02764,3.98,1.13
2012.10.29 09:08:58.914,1.02753,1.02765,3.98,1.50
2012.10.29 09:08:59.160,1.02753,1.02766,3.98,2.48
2012.10.29 09:09:02.030,1.02754,1.02768,3.98,3.23
2012.10.29 09:09:03.320,1.02754,1.02766,3.98,1.73
2012.10.29 09:09:03.822,1.02754,1.02765,3.98,1.50
2012.10.29 09:09:04.511,1.02751,1.02765,4.35,1.50
2012.10.29 09:09:04.570,1.02751,1.02765,4.35,1.73
2012.10.29 09:09:04.814,1.02751,1.02764,3.98,1.50
2012.10.29 09:09:05.340,1.02754,1.02762,3.98,1.50
2012.10.29 09:09:07.580,1.02754,1.02765,3.98,1.73
2012.10.29 09:09:07.640,1.02754,1.02766,4.73,1.73
2012.10.29 09:09:07.760,1.02756,1.02766,3.75,1.73
2012.10.29 09:09:09.622,1.02756,1.02766,3.98,1.50
2012.10.29 09:09:10.211,1.02756,1.02768,3.98,1.73
2012.10.29 09:09:12.521,1.02756,1.02768,3.98,1.73
2012.10.29 09:09:13.051,1.02756,1.02769,3.98,1.73
2012.10.29 09:09:13.601,1.02757,1.02769,3.98,1.73
2012.10.29 09:09:14.120,1.02757,1.02769,4.35,1.73
2012.10.29 09:09:15.071,1.02757,1.02767,4.35,1.50
2012.10.29 09:09:16.391,1.02757,1.02766,1.35,1.50
2012.10.29 09:09:16.996,1.02757,1.02766,1.35,1.50
2012.10.29 09:09:17.181,1.02754,1.02764,3.98,1.73
2012.10.29 09:09:17.361,1.02751,1.02764,5.10,1.73
2012.10.29 09:09:17.720,1.02749,1.02762,3.98,3.60
2012.10.29 09:09:17.841,1.02749,1.02762,4.73,3.60
2012.10.29 09:09:20.540,1.02745,1.02755,1.35,1.50
2012.10.29 09:09:20.780,1.02743,1.02755,3.98,1.73
2012.10.29 09:09:20.900,1.02742,1.02755,1.35,1.73
2012.10.29 09:09:21.388,1.02739,1.02753,1.73,2.48
2012.10.29 09:09:21.691,1.02734,1.02746,2.33,1.73
2012.10.29 09:09:23.590,1.02734,1.02747,3.23,1.73
2012.10.29 09:09:33.850,1.02737,1.02747,1.35,1.73
2012.10.29 09:09:35.811,1.02735,1.02747,1.35,1.73
2012.10.29 09:09:36.120,1.02734,1.02747,2.10,3.23
2012.10.29 09:09:36.660,1.02736,1.02747,1.35,1.50
2012.10.29 09:09:36.976,1.02736,1.02747,1.95,2.25
2012.10.29 09:09:37.221,1.0273,1.02741,5.10,1.50
2012.10.29 09:09:37.581,1.02732,1.02745,1.58,5.10
2012.10.29 09:09:37.702,1.02733,1.02745,2.10,2.85
2012.10.29 09:09:38.240,1.02735,1.02746,1.13,1.73
2012.10.29 09:09:38.541,1.02738,1.02746,3.98,1.50
2012.10.29 09:09:38.661,1.02738,1.02749,3.98,3.23
2012.10.29 09:09:39.130,1.02737,1.02749,2.10,3.23
2012.10.29 09:09:40.551,1.02738,1.02749,4.73,1.73
2012.10.29 09:09:40.792,1.02738,1.02753,9.08,2.85
2012.10.29 09:09:41.151,1.02741,1.02754,3.98,1.73
2012.10.29 09:09:42.652,1.02742,1.02755,2.48,1.73
2012.10.29 09:09:49.230,1.02747,1.02756,3.75,1.73
2012.10.29 09:09:52.552,1.02751,1.02758,3.75,1.73
2012.10.29 09:09:52.732,1.02747,1.02757,1.20,1.50
2012.10.29 09:09:52.790,1.02745,1.02757,4.73,1.50
2012.10.29 09:09:53.151,1.02749,1.0276,1.73,1.35
2012.10.29 09:09:53.670,1.02749,1.02761,2.10,2.48
2012.10.29 09:09:56.271,1.02751,1.02763,2.10,2.48
2012.10.29 09:09:56.915,1.02751,1.02765,2.10,3.98
2012.10.29 09:09:57.111,1.02751,1.02762,2.10,1.50
2012.10.29 09:09:57.470,1.02748,1.02759,1.73,1.73
2012.10.29 09:09:57.651,1.02746,1.02758,1.73,1.73
2012.10.29 09:09:58.171,1.02744,1.02757,3.98,1.73
2012.10.29 09:10:00.411,1.0275,1.02757,1.13,1.50
2012.10.29 09:10:00.532,1.02752,1.02759,2.10,1.50
2012.10.29 09:10:00.721,1.02753,1.02765,1.35,1.73
2012.10.29 09:10:00.781,1.02753,1.02763,1.35,3.75
2012.10.29 09:10:00.841,1.02753,1.02765,1.35,3.98
2012.10.29 09:10:00.960,1.02751,1.02765,3.23,1.73
2012.10.29 09:10:01.261,1.02753,1.02768,5.10,4.73
2012.10.29 09:10:01.380,1.02753,1.02767,4.88,1.35
2012.10.29 09:10:01.501,1.02752,1.02766,2.48,1.73
2012.10.29 09:10:01.560,1.02752,1.02766,2.48,1.73
2012.10.29 09:10:01.861,1.0275,1.02758,1.50,2.25
2012.10.29 09:10:01.986,1.02747,1.0276,1.73,1.73
2012.10.29 09:10:06.201,1.02742,1.02753,1.88,1.50
2012.10.29 09:10:06.382,1.02742,1.02751,1.50,3.23
2012.10.29 09:10:06.622,1.02739,1.0275,1.50,3.98
2012.10.29 09:10:07.104,1.02733,1.0275,4.73,5.48
2012.10.29 09:10:08.690,1.02734,1.0275,4.35,2.10
2012.10.29 09:10:09.547,1.02734,1.02747,1.73,1.35
2012.10.29 09:10:10.150,1.02734,1.02747,1.50,1.35
2012.10.29 09:10:12.851,1.02732,1.02746,4.73,4.73
2012.10.29 09:10:13.211,1.02727,1.02741,1.35,2.48
2012.10.29 09:10:13.514,1.02724,1.02738,1.35,2.10
2012.10.29 09:10:13.820,1.02722,1.02735,1.88,1.73
2012.10.29 09:10:13.881,1.02721,1.0273,1.73,1.50
2012.10.29 09:10:14.002,1.02719,1.02732,1.73,2.48
2012.10.29 09:10:14.066,1.02719,1.02732,1.73,3.23
2012.10.29 09:10:14.660,1.02719,1.02737,3.60,1.73
2012.10.29 09:10:14.720,1.02726,1.02736,1.73,2.25
2012.10.29 09:10:14.962,1.02728,1.02737,1.95,1.50
2012.10.29 09:10:15.021,1.02732,1.02737,4.50,1.50
2012.10.29 09:10:15.382,1.02735,1.0274,2.10,1.50
2012.10.29 09:10:15.441,1.02736,1.02742,1.13,1.50
2012.10.29 09:10:15.920,1.02736,1.02744,2.63,1.50
2012.10.29 09:10:16.041,1.02737,1.02748,4.95,1.50
2012.10.29 09:10:16.126,1.0274,1.02756,1.50,3.23
2012.10.29 09:10:16.791,1.02737,1.02756,5.70,2.48
2012.10.29 09:10:20.030,1.02742,1.02756,1.35,3.23
2012.10.29 09:10:22.930,1.02744,1.02755,1.35,2.48
2012.10.29 09:10:27.701,1.02743,1.02756,5.10,2.10
2012.10.29 09:10:28.220,1.02744,1.02756,1.35,2.10
2012.10.29 09:10:33.501,1.02743,1.02755,3.98,1.73
2012.10.29 09:10:34.101,1.02743,1.02755,3.98,1.73
2012.10.29 09:10:46.722,1.02747,1.02759,3.75,1.73
2012.10.29 09:10:46.841,1.02748,1.02761,1.35,2.85
2012.10.29 09:10:59.971,1.02748,1.02762,4.58,2.10
2012.10.29 09:11:00.031,1.02752,1.02762,1.13,1.73
2012.10.29 09:11:00.692,1.02754,1.02763,1.35,2.25
2012.10.29 09:11:01.060,1.02757,1.02764,1.35,1.50
2012.10.29 09:11:01.251,1.02757,1.02766,1.35,1.50
2012.10.29 09:11:01.371,1.02757,1.02768,1.35,1.73
2012.10.29 09:11:03.233,1.02756,1.02768,4.35,1.73
2012.10.29 09:11:03.740,1.02756,1.02768,4.35,1.73
2012.10.29 09:11:05.162,1.02754,1.02765,3.98,1.50
2012.10.29 09:11:05.221,1.02754,1.02765,3.98,1.50
2012.10.29 09:11:05.762,1.02755,1.02766,4.35,1.50
2012.10.29 09:11:06.311,1.02755,1.02766,3.98,1.73
2012.10.29 09:11:06.652,1.02755,1.02766,3.98,1.73
2012.10.29 09:11:06.711,1.02755,1.02766,3.98,1.73
2012.10.29 09:11:06.771,1.02754,1.02765,1.35,1.50
2012.10.29 09:11:07.292,1.02752,1.02764,6.60,1.50
2012.10.29 09:11:07.870,1.02752,1.02762,1.50,1.73
2012.10.29 09:11:07.931,1.02749,1.02762,3.23,1.73
2012.10.29 09:11:08.521,1.0275,1.02762,1.50,1.73
2012.10.29 09:11:10.501,1.02748,1.02762,1.73,1.73
2012.10.29 09:11:11.880,1.0275,1.02762,1.50,1.73
2012.10.29 09:11:12.382,1.0275,1.02763,2.48,1.73
2012.10.29 09:11:17.385,1.02751,1.02764,1.73,2.48
2012.10.29 09:11:19.401,1.02752,1.02767,4.35,3.23
2012.10.29 09:11:19.462,1.02753,1.02767,3.00,1.73
2012.10.29 09:11:19.701,1.02756,1.02768,2.85,1.73
2012.10.29 09:11:23.474,1.02755,1.02769,1.50,2.48
2012.10.29 09:11:23.591,1.02755,1.0277,1.73,1.73
2012.10.29 09:11:24.204,1.02754,1.02766,1.73,1.73
2012.10.29 09:11:24.577,1.02751,1.02764,3.60,1.73
2012.10.29 09:11:25.452,1.02754,1.02767,1.50,1.73
2012.10.29 09:11:25.811,1.02756,1.0277,2.25,1.73
2012.10.29 09:11:25.871,1.02756,1.0277,2.25,1.50
2012.10.29 09:11:25.991,1.02756,1.02768,2.25,3.75
2012.10.29 09:11:26.051,1.02756,1.02768,1.50,3.75
2012.10.29 09:11:26.643,1.02755,1.02767,1.50,1.50
2012.10.29 09:11:28.051,1.02755,1.02767,1.50,1.50
2012.10.29 09:11:30.801,1.02756,1.02768,1.50,1.50
2012.10.29 09:11:30.861,1.02757,1.02769,1.13,1.50
2012.10.29 09:11:31.421,1.02757,1.0277,1.35,1.73
2012.10.29 09:11:42.711,1.0276,1.0277,1.50,1.73
2012.10.29 09:11:42.831,1.0276,1.0277,1.73,1.50
2012.10.29 09:11:54.544,1.0276,1.02771,1.35,1.73
2012.10.29 09:11:54.842,1.02765,1.02774,4.13,2.48
2012.10.29 09:11:55.022,1.02766,1.02777,2.63,1.73
2012.10.29 09:11:55.201,1.02766,1.0278,3.38,1.73
2012.10.29 09:11:55.562,1.02772,1.02782,4.35,1.73
2012.10.29 09:11:55.802,1.02776,1.02784,1.13,1.73
2012.10.29 09:11:55.861,1.02776,1.02784,1.13,1.50
2012.10.29 09:11:56.101,1.02775,1.02787,4.13,3.23
2012.10.29 09:11:56.221,1.02773,1.02786,1.35,1.73
2012.10.29 09:11:56.753,1.02773,1.02786,1.73,1.73
2012.10.29 09:11:57.690,1.02774,1.02788,1.13,4.73
2012.10.29 09:11:58.021,1.02776,1.0279,1.13,2.48
2012.10.29 09:11:58.265,1.02778,1.02791,1.13,3.98
2012.10.29 09:11:58.792,1.02778,1.02791,1.13,2.33
2012.10.29 09:11:58.851,1.02778,1.02791,1.13,2.33
2012.10.29 09:11:59.570,1.02778,1.02791,1.13,3.23
2012.10.29 09:12:00.260,1.02779,1.02791,3.75,3.23
2012.10.29 09:12:00.382,1.0278,1.02792,1.35,1.73
2012.10.29 09:12:01.621,1.0278,1.02791,1.35,1.73
2012.10.29 09:12:03.191,1.02781,1.02792,3.75,1.73
2012.10.29 09:12:03.370,1.02779,1.02792,1.35,1.73
2012.10.29 09:12:03.490,1.02779,1.02792,1.35,1.73
2012.10.29 09:12:04.371,1.02777,1.0279,1.73,4.73
2012.10.29 09:12:04.430,1.02776,1.02789,3.23,1.73
2012.10.29 09:12:04.799,1.02778,1.02791,1.13,3.23
2012.10.29 09:12:05.322,1.02778,1.02789,1.13,2.48
2012.10.29 09:12:09.191,1.02778,1.02789,1.13,2.48
2012.10.29 09:12:15.591,1.02775,1.02788,1.35,3.23
2012.10.29 09:12:15.921,1.02774,1.02787,2.48,1.73
2012.10.29 09:12:16.621,1.02774,1.02787,1.50,3.98
2012.10.29 09:12:17.853,1.02774,1.02787,1.73,3.98
2012.10.29 09:12:20.831,1.02773,1.02787,1.50,1.73
2012.10.29 09:12:21.372,1.02772,1.02787,2.85,3.23
2012.10.29 09:12:23.183,1.02771,1.02781,2.48,4.50
2012.10.29 09:12:23.541,1.02768,1.02781,4.73,2.48
2012.10.29 09:12:24.107,1.02767,1.02779,3.98,1.73
2012.10.29 09:12:24.631,1.02768,1.0278,1.50,1.73
2012.10.29 09:12:25.882,1.02768,1.0278,1.50,1.73
2012.10.29 09:12:26.183,1.02775,1.02788,3.23,2.48
2012.10.29 09:12:26.241,1.02775,1.02788,3.23,2.48
2012.10.29 09:12:26.300,1.02776,1.02788,4.35,2.48
2012.10.29 09:12:30.321,1.02776,1.02789,5.10,1.73
2012.10.29 09:12:32.731,1.02775,1.02788,1.35,1.73
2012.10.29 09:12:33.250,1.02774,1.02787,2.10,1.73
2012.10.29 09:12:40.121,1.02777,1.02788,3.75,2.48
2012.10.29 09:12:40.427,1.0278,1.0279,1.50,1.73
2012.10.29 09:12:40.612,1.0278,1.02793,1.50,1.73
2012.10.29 09:12:40.791,1.0278,1.02794,3.38,2.48
2012.10.29 09:12:41.212,1.02782,1.02794,1.13,1.73
2012.10.29 09:12:41.801,1.02783,1.02793,3.98,1.73
2012.10.29 09:12:44.473,1.02782,1.02795,3.23,1.73
2012.10.29 09:12:44.837,1.02785,1.028,3.75,2.48
2012.10.29 09:12:44.901,1.02785,1.02798,3.98,1.73
2012.10.29 09:12:45.201,1.02787,1.028,2.48,1.73
2012.10.29 09:12:45.740,1.02788,1.028,3.00,1.73
2012.10.29 09:12:51.520,1.0279,1.02805,1.35,1.73
2012.10.29 09:12:55.310,1.02792,1.02803,3.75,1.73
2012.10.29 09:12:55.491,1.02793,1.02804,1.35,2.48
2012.10.29 09:12:56.361,1.0279,1.02801,1.35,3.75
2012.10.29 09:12:56.420,1.02791,1.028,1.35,1.73
2012.10.29 09:12:56.482,1.02789,1.02799,1.35,1.50
2012.10.29 09:12:56.601,1.02787,1.02801,2.85,3.23
2012.10.29 09:12:56.662,1.02787,1.02801,2.85,3.23
2012.10.29 09:12:57.291,1.02789,1.02802,1.73,3.23
2012.10.29 09:12:57.487,1.02789,1.02802,2.48,1.73
2012.10.29 09:12:58.782,1.02789,1.02803,1.88,4.73
2012.10.29 09:13:00.751,1.0279,1.02801,1.50,1.73
2012.10.29 09:13:02.501,1.0279,1.02801,1.73,1.73
2012.10.29 09:13:02.621,1.02792,1.02803,3.98,1.73
2012.10.29 09:13:03.690,1.02792,1.02804,3.75,1.73
2012.10.29 09:13:03.822,1.0279,1.02803,1.35,1.73
2012.10.29 09:13:03.941,1.02789,1.02801,1.13,1.73
2012.10.29 09:13:04.253,1.02792,1.02803,3.98,1.73
2012.10.29 09:13:04.381,1.02792,1.02804,3.98,1.73
2012.10.29 09:13:05.260,1.02793,1.02805,1.50,1.73
2012.10.29 09:13:05.584,1.028,1.02809,1.50,1.35
2012.10.29 09:13:05.956,1.028,1.02813,1.73,1.35
2012.10.29 09:13:06.191,1.028,1.02814,1.73,2.10
2012.10.29 09:13:06.744,1.028,1.02814,3.98,1.73
2012.10.29 09:13:07.502,1.02802,1.02814,1.50,1.73
2012.10.29 09:13:08.041,1.02801,1.02814,3.98,1.73
2012.10.29 09:13:10.821,1.028,1.02814,1.73,1.73
2012.10.29 09:13:12.970,1.02802,1.02814,3.75,3.23
2012.10.29 09:13:13.701,1.02802,1.02814,3.98,1.73
2012.10.29 09:13:14.392,1.02799,1.02813,3.98,1.73
2012.10.29 09:13:14.751,1.02798,1.02812,4.73,2.48
2012.10.29 09:13:19.550,1.02799,1.02811,1.73,1.73
2012.10.29 09:13:19.672,1.02801,1.02811,1.50,1.73
2012.10.29 09:13:20.990,1.02799,1.02812,1.73,1.73
2012.10.29 09:13:21.113,1.02799,1.02812,1.50,1.73
2012.10.29 09:13:21.471,1.02803,1.02812,1.50,1.73
2012.10.29 09:13:21.591,1.02804,1.02816,5.48,2.48
2012.10.29 09:13:22.132,1.02802,1.02815,2.48,2.48
2012.10.29 09:13:22.371,1.02803,1.02815,3.00,1.73
2012.10.29 09:13:23.511,1.02804,1.02815,1.73,1.50
2012.10.29 09:13:23.631,1.02804,1.02818,2.10,1.73
2012.10.29 09:13:24.851,1.02806,1.02818,4.50,1.73
2012.10.29 09:13:25.090,1.02807,1.02819,1.35,1.73
2012.10.29 09:13:27.372,1.02808,1.0282,4.88,2.48
2012.10.29 09:13:29.320,1.0281,1.0282,6.00,1.73
2012.10.29 09:13:29.390,1.0281,1.02821,6.00,1.73
2012.10.29 09:13:29.600,1.02814,1.02824,1.50,2.48
2012.10.29 09:13:29.782,1.02814,1.02824,1.73,1.50
2012.10.29 09:13:29.962,1.02815,1.02826,6.00,2.10
2012.10.29 09:13:30.292,1.02816,1.02826,1.73,1.73
2012.10.29 09:13:30.651,1.02818,1.02827,1.73,1.50
2012.10.29 09:13:30.772,1.02819,1.02832,1.50,3.23
2012.10.29 09:13:30.832,1.02819,1.02833,1.50,2.48
2012.10.29 09:13:31.132,1.02821,1.02834,1.35,3.23
2012.10.29 09:13:31.372,1.02822,1.02835,2.10,1.73
2012.10.29 09:13:31.743,1.02824,1.02837,4.73,2.85
2012.10.29 09:13:32.411,1.02824,1.02836,1.35,2.48
2012.10.29 09:13:32.713,1.02827,1.0284,4.73,1.73
2012.10.29 09:13:32.771,1.02827,1.02841,4.73,1.73
2012.10.29 09:13:33.081,1.02826,1.02841,3.23,3.23
2012.10.29 09:13:33.912,1.02826,1.02838,3.98,1.73
2012.10.29 09:13:34.453,1.02827,1.02842,3.23,2.48
2012.10.29 09:13:34.572,1.02828,1.02842,1.73,1.73
2012.10.29 09:13:34.691,1.02831,1.02843,1.50,2.10
2012.10.29 09:13:35.702,1.0283,1.02845,1.88,1.73
2012.10.29 09:13:35.821,1.02828,1.02841,1.50,1.73
2012.10.29 09:13:36.302,1.02828,1.02838,1.88,1.73
2012.10.29 09:13:36.421,1.02828,1.02838,1.88,1.73
2012.10.29 09:13:36.541,1.02827,1.02836,1.35,1.50
2012.10.29 09:13:37.083,1.02825,1.02838,3.60,1.73
2012.10.29 09:13:37.202,1.02825,1.02838,2.10,2.48
2012.10.29 09:13:37.691,1.02822,1.02835,3.23,2.63
2012.10.29 09:13:38.001,1.02823,1.02833,1.50,1.73
2012.10.29 09:13:38.369,1.02823,1.0283,1.50,1.73
2012.10.29 09:13:38.936,1.02822,1.0283,2.25,1.73
2012.10.29 09:13:39.061,1.0282,1.0283,2.10,1.73
2012.10.29 09:13:40.061,1.0282,1.02833,4.88,1.73
2012.10.29 09:13:40.121,1.0282,1.02833,3.38,1.73
2012.10.29 09:13:40.601,1.0282,1.02831,2.63,1.65
2012.10.29 09:13:41.267,1.0282,1.02831,2.25,1.66
2012.10.29 09:13:42.679,1.0282,1.02831,2.25,1.73
2012.10.29 09:13:43.291,1.02819,1.02828,1.13,1.73
2012.10.29 09:13:43.652,1.02818,1.02825,2.25,1.50
2012.10.29 09:13:44.212,1.02813,1.02825,3.23,1.50
2012.10.29 09:13:44.392,1.02813,1.02828,3.23,6.23
2012.10.29 09:13:44.916,1.02815,1.02828,2.48,6.00
2012.10.29 09:13:45.044,1.02813,1.02828,3.23,6.23
2012.10.29 09:13:45.584,1.02811,1.02825,1.73,1.73
2012.10.29 09:13:46.065,1.02812,1.02825,2.48,2.48
2012.10.29 09:13:46.593,1.02812,1.02825,2.48,4.73
2012.10.29 09:13:51.501,1.0281,1.02823,2.10,4.50
2012.10.29 09:13:51.561,1.0281,1.02823,2.10,4.50
2012.10.29 09:13:51.741,1.02813,1.02825,1.35,4.35
2012.10.29 09:13:51.863,1.02816,1.02828,1.35,1.73
2012.10.29 09:13:51.924,1.02816,1.0283,1.35,5.48
2012.10.29 09:13:52.101,1.02817,1.02829,1.73,1.50
2012.10.29 09:13:52.161,1.02817,1.02829,1.73,1.88
2012.10.29 09:13:52.281,1.02818,1.02829,1.73,1.13
2012.10.29 09:13:52.461,1.02819,1.02829,1.73,1.50
2012.10.29 09:13:52.821,1.02831,1.02839,1.50,1.50
2012.10.29 09:13:52.881,1.02831,1.02839,1.73,1.50
2012.10.29 09:13:53.061,1.02834,1.02845,1.73,2.48
2012.10.29 09:13:53.182,1.02836,1.02847,1.73,1.13
2012.10.29 09:13:53.301,1.02837,1.02847,1.73,1.13
2012.10.29 09:13:53.361,1.02837,1.02849,2.48,2.48
2012.10.29 09:13:53.421,1.02837,1.0285,2.85,6.83
2012.10.29 09:13:53.601,1.02837,1.02848,2.85,3.98
2012.10.29 09:13:55.791,1.02837,1.02848,1.73,3.98
2012.10.29 09:13:56.376,1.02837,1.02849,1.73,3.98
2012.10.29 09:13:56.937,1.02837,1.02848,1.73,3.98
2012.10.29 09:13:58.352,1.02835,1.02846,2.48,1.50
2012.10.29 09:13:58.720,1.02833,1.02845,1.35,4.50
2012.10.29 09:14:00.431,1.02833,1.02845,1.35,2.25
2012.10.29 09:14:00.852,1.02834,1.02844,1.73,3.75
2012.10.29 09:14:01.092,1.02834,1.02846,1.73,5.25
2012.10.29 09:14:01.631,1.02833,1.02846,1.35,5.25
2012.10.29 09:14:01.944,1.02832,1.02843,2.48,1.50
2012.10.29 09:14:02.721,1.02831,1.02844,2.48,3.75
2012.10.29 09:14:03.690,1.02833,1.02843,1.73,1.50
2012.10.29 09:14:03.810,1.02833,1.02843,1.73,1.50
2012.10.29 09:14:04.790,1.02833,1.02843,1.73,1.50
2012.10.29 09:14:07.772,1.02833,1.02843,1.73,1.50
2012.10.29 09:14:07.952,1.02834,1.02846,2.48,5.25
2012.10.29 09:14:10.515,1.02833,1.02848,1.73,2.10
2012.10.29 09:14:10.641,1.02839,1.02848,3.75,1.35
2012.10.29 09:14:11.001,1.02849,1.02861,1.73,2.25
2012.10.29 09:14:11.361,1.0285,1.02863,1.73,2.25
2012.10.29 09:14:12.448,1.0285,1.02863,1.65,1.88
2012.10.29 09:14:12.701,1.02852,1.02865,1.73,4.73
2012.10.29 09:14:13.231,1.02854,1.02865,1.50,3.98
2012.10.29 09:14:13.672,1.0285,1.02862,1.73,1.13
2012.10.29 09:14:13.793,1.02848,1.02859,1.73,1.50
2012.10.29 09:14:14.181,1.02848,1.02856,1.50,3.75
2012.10.29 09:14:14.253,1.02846,1.02856,2.25,5.10
2012.10.29 09:14:14.831,1.02844,1.02856,1.73,5.10
2012.10.29 09:14:15.141,1.02841,1.02855,1.73,3.23
2012.10.29 09:14:15.661,1.02841,1.02853,1.73,1.50
2012.10.29 09:14:15.783,1.02841,1.0285,1.73,1.50
2012.10.29 09:14:15.845,1.02838,1.0285,4.73,2.25
2012.10.29 09:14:15.912,1.02836,1.02849,1.73,5.25
2012.10.29 09:14:15.971,1.02835,1.02849,2.48,5.48
2012.10.29 09:14:16.091,1.02835,1.02849,2.48,2.48
2012.10.29 09:14:16.439,1.02835,1.02849,2.48,2.48
2012.10.29 09:14:19.291,1.02832,1.02847,3.98,4.73
2012.10.29 09:14:19.412,1.02832,1.02847,3.98,5.10
2012.10.29 09:14:19.661,1.0284,1.02849,3.75,2.10
2012.10.29 09:14:19.781,1.0284,1.02849,4.73,1.50
2012.10.29 09:14:19.901,1.0284,1.02853,4.73,1.13
2012.10.29 09:14:19.962,1.02842,1.02854,3.98,2.25
2012.10.29 09:14:20.022,1.02843,1.02857,1.73,2.48
2012.10.29 09:14:20.502,1.0285,1.02857,3.75,1.73
2012.10.29 09:14:20.742,1.0285,1.0286,3.75,2.10
2012.10.29 09:14:20.801,1.02848,1.0286,4.73,2.10
2012.10.29 09:14:20.862,1.02848,1.02861,4.73,2.63
2012.10.29 09:14:21.101,1.02849,1.02863,1.73,3.60
2012.10.29 09:14:22.462,1.02849,1.02863,1.73,2.10
2012.10.29 09:14:22.981,1.02849,1.02861,1.73,1.73
2012.10.29 09:14:23.161,1.02849,1.0286,1.73,1.73
2012.10.29 09:14:23.401,1.02849,1.02863,1.73,3.98
2012.10.29 09:14:26.021,1.02853,1.02863,3.75,1.73
2012.10.29 09:14:26.141,1.02851,1.02863,4.73,1.50
2012.10.29 09:14:26.711,1.02851,1.02864,4.73,3.98
2012.10.29 09:14:27.807,1.02849,1.02862,1.73,1.73
2012.10.29 09:14:30.881,1.02851,1.02864,1.73,3.23
2012.10.29 09:14:33.951,1.02851,1.02864,1.50,1.73
2012.10.29 09:14:34.507,1.02851,1.02864,1.73,1.73
2012.10.29 09:14:35.070,1.02851,1.02865,1.73,4.73
2012.10.29 09:14:35.703,1.02851,1.02865,1.73,4.35
2012.10.29 09:14:39.601,1.0285,1.02864,1.73,3.98
2012.10.29 09:14:40.157,1.0285,1.02864,1.73,4.73
2012.10.29 09:14:41.180,1.0285,1.02863,1.73,1.35
2012.10.29 09:14:41.999,1.0285,1.02863,1.73,1.35
2012.10.29 09:14:42.660,1.02849,1.02862,1.73,1.73
2012.10.29 09:14:43.262,1.02848,1.02862,3.98,2.48
2012.10.29 09:14:43.751,1.02846,1.02859,4.73,1.73
2012.10.29 09:14:44.291,1.02846,1.02858,3.98,1.73
2012.10.29 09:14:45.046,1.02846,1.02858,3.98,1.73
2012.10.29 09:14:45.511,1.02846,1.02858,3.75,1.73
2012.10.29 09:14:45.871,1.02846,1.02858,3.75,1.73
2012.10.29 09:14:46.351,1.02849,1.0286,5.25,1.50
2012.10.29 09:14:46.471,1.02849,1.0286,5.25,1.73
2012.10.29 09:14:48.483,1.02849,1.02862,4.73,1.73
2012.10.29 09:14:50.161,1.0285,1.02863,1.73,2.48
2012.10.29 09:14:50.281,1.02852,1.02863,3.75,2.48
2012.10.29 09:14:51.231,1.0285,1.02863,1.50,1.73
2012.10.29 09:14:51.351,1.02848,1.02862,2.63,2.48
2012.10.29 09:14:51.472,1.02851,1.02862,3.98,1.73
2012.10.29 09:14:51.592,1.02849,1.02862,3.38,1.73
2012.10.29 09:14:55.021,1.02849,1.02861,5.63,1.73
2012.10.29 09:14:56.332,1.02848,1.02861,4.73,1.73
2012.10.29 09:14:58.481,1.02848,1.02861,3.98,1.73
2012.10.29 09:15:00.661,1.02847,1.02861,6.98,1.73
2012.10.29 09:15:04.633,1.02848,1.02862,3.98,1.73
2012.10.29 09:15:07.202,1.02852,1.02863,3.75,2.48
2012.10.29 09:15:07.262,1.02852,1.02863,4.73,1.73
2012.10.29 09:15:09.422,1.02854,1.02868,3.75,1.73
2012.10.29 09:15:12.100,1.02855,1.02868,1.50,1.73
2012.10.29 09:15:12.461,1.02855,1.02867,1.50,1.50
2012.10.29 09:15:12.521,1.02856,1.02869,2.25,3.23
2012.10.29 09:15:12.581,1.02856,1.0287,5.25,2.48
2012.10.29 09:15:12.642,1.02856,1.0287,5.25,2.48
2012.10.29 09:15:12.822,1.02854,1.0287,3.00,1.73
2012.10.29 09:15:14.172,1.02854,1.0287,3.75,3.23
2012.10.29 09:15:18.151,1.02855,1.02868,6.00,1.73
2012.10.29 09:15:18.273,1.02861,1.02871,3.98,1.35
2012.10.29 09:15:18.332,1.02858,1.02871,3.98,1.35
2012.10.29 09:15:19.082,1.02859,1.02871,3.23,1.13
2012.10.29 09:15:19.624,1.02863,1.02876,1.50,2.48
2012.10.29 09:15:20.372,1.02863,1.02876,1.50,2.48
2012.10.29 09:15:21.028,1.02863,1.02877,1.50,3.98
2012.10.29 09:15:21.471,1.02861,1.02876,4.50,3.98
2012.10.29 09:15:22.019,1.02862,1.02873,1.50,2.48
2012.10.29 09:15:22.461,1.02866,1.02875,3.75,2.48
2012.10.29 09:15:22.641,1.02867,1.02879,1.50,2.48
2012.10.29 09:15:22.761,1.02868,1.02879,1.50,1.73
2012.10.29 09:15:23.062,1.02873,1.02879,1.50,1.50
2012.10.29 09:15:23.483,1.02877,1.02891,3.75,1.73
2012.10.29 09:15:23.603,1.02876,1.0289,2.10,1.35
2012.10.29 09:15:25.170,1.02876,1.02891,2.85,2.48
2012.10.29 09:15:25.810,1.02877,1.02891,1.35,2.48
2012.10.29 09:15:26.403,1.02879,1.02892,3.75,1.73
2012.10.29 09:15:26.761,1.02881,1.02893,3.00,1.73
2012.10.29 09:15:28.127,1.02883,1.02893,3.75,2.48
2012.10.29 09:15:28.432,1.02885,1.02893,3.75,1.50
2012.10.29 09:15:28.963,1.02887,1.02895,3.75,2.48
2012.10.29 09:15:29.023,1.02886,1.02897,1.50,1.73
2012.10.29 09:15:29.547,1.02885,1.02898,3.75,3.98
2012.10.29 09:15:29.951,1.02883,1.02899,4.73,3.23
2012.10.29 09:15:30.132,1.02885,1.02899,2.25,1.73
2012.10.29 09:15:31.537,1.02887,1.02901,1.73,1.73
2012.10.29 09:15:33.291,1.02889,1.02902,3.75,1.73
2012.10.29 09:15:34.891,1.02889,1.02902,3.00,2.48
2012.10.29 09:15:36.681,1.02888,1.02902,1.50,3.98
2012.10.29 09:15:38.882,1.02886,1.02897,1.50,1.73
2012.10.29 09:15:39.123,1.02882,1.02892,1.50,1.73
2012.10.29 09:15:39.482,1.02882,1.02893,1.50,3.60
2012.10.29 09:15:40.214,1.02882,1.02891,1.50,1.73
2012.10.29 09:15:40.852,1.02881,1.02889,1.50,4.73
2012.10.29 09:15:41.211,1.02873,1.02885,1.50,1.73
2012.10.29 09:15:41.511,1.02872,1.02886,2.10,1.73
2012.10.29 09:15:41.692,1.02872,1.02885,1.88,1.73
2012.10.29 09:15:42.053,1.0287,1.02882,2.25,1.73
2012.10.29 09:15:44.071,1.0287,1.02884,3.00,3.23
2012.10.29 09:15:44.132,1.02872,1.02884,1.50,2.48
2012.10.29 09:15:44.311,1.02872,1.02884,1.50,1.73
2012.10.29 09:15:44.371,1.02872,1.02884,2.25,1.73
2012.10.29 09:15:44.624,1.02872,1.02885,2.25,1.73
2012.10.29 09:15:45.051,1.02875,1.0289,1.50,3.23
2012.10.29 09:15:45.420,1.02878,1.02893,5.48,5.48
2012.10.29 09:15:45.543,1.02878,1.02892,2.48,2.48
2012.10.29 09:15:46.092,1.02877,1.02892,1.73,3.23
2012.10.29 09:15:46.152,1.02877,1.02892,1.50,3.23
2012.10.29 09:15:46.671,1.02876,1.02892,3.23,3.23
2012.10.29 09:15:47.867,1.02876,1.02889,2.48,1.73
2012.10.29 09:15:47.946,1.02873,1.02885,1.50,1.73
2012.10.29 09:15:49.422,1.02874,1.02885,1.50,2.48
2012.10.29 09:15:51.292,1.02874,1.02885,1.50,2.48
2012.10.29 09:15:51.351,1.02873,1.02885,1.50,2.48
2012.10.29 09:15:52.783,1.02874,1.02885,1.50,2.48
2012.10.29 09:15:53.782,1.02874,1.02885,2.25,1.73
2012.10.29 09:15:54.171,1.02879,1.02887,3.75,1.13
2012.10.29 09:15:54.236,1.02875,1.02887,5.25,1.35
2012.10.29 09:15:54.362,1.02875,1.02887,3.98,1.35
2012.10.29 09:15:54.421,1.02876,1.02887,1.50,1.35
2012.10.29 09:15:54.734,1.02879,1.02891,4.50,1.35
2012.10.29 09:15:54.791,1.02882,1.02893,3.00,1.73
2012.10.29 09:15:54.913,1.02882,1.02894,2.10,4.73
2012.10.29 09:15:55.031,1.02882,1.02894,3.75,3.23
2012.10.29 09:15:55.152,1.02882,1.02894,3.75,3.23
2012.10.29 09:15:56.592,1.02882,1.02895,1.50,1.73
2012.10.29 09:15:58.123,1.02881,1.02896,2.25,3.98
2012.10.29 09:15:59.811,1.02882,1.02896,3.75,2.85
2012.10.29 09:16:00.562,1.02881,1.02898,8.25,3.60
2012.10.29 09:16:00.681,1.02884,1.02898,1.73,1.35
2012.10.29 09:16:00.803,1.02886,1.02898,2.48,1.35
2012.10.29 09:16:00.922,1.02886,1.02898,2.48,1.35
2012.10.29 09:16:01.592,1.02886,1.029,1.50,3.98
2012.10.29 09:16:04.032,1.02887,1.02902,2.25,1.73
2012.10.29 09:16:04.091,1.02887,1.02902,3.23,1.73
2012.10.29 09:16:04.549,1.0289,1.02902,1.73,1.73
2012.10.29 09:16:05.024,1.0289,1.02902,1.50,1.73
2012.10.29 09:16:05.732,1.02887,1.02902,4.73,1.73
2012.10.29 09:16:06.461,1.02887,1.029,2.25,1.73
2012.10.29 09:16:06.842,1.02883,1.02898,3.23,4.73
2012.10.29 09:16:07.022,1.02882,1.02897,4.35,2.48
2012.10.29 09:16:10.212,1.0288,1.02895,4.73,1.73
2012.10.29 09:16:11.042,1.0288,1.02897,3.75,3.98
2012.10.29 09:16:11.342,1.02881,1.02897,3.23,2.48
2012.10.29 09:16:11.702,1.02888,1.02902,1.50,1.73
2012.10.29 09:16:12.132,1.02889,1.02904,1.35,2.48
2012.10.29 09:16:12.270,1.02888,1.02904,1.50,2.48
2012.10.29 09:16:13.961,1.0289,1.02905,3.00,2.48
2012.10.29 09:16:14.271,1.0289,1.02906,6.23,4.35
2012.10.29 09:16:14.880,1.02892,1.02906,1.50,4.35
2012.10.29 09:16:15.061,1.0289,1.02906,4.73,1.35
2012.10.29 09:16:16.651,1.0289,1.02906,4.73,2.10
2012.10.29 09:16:16.821,1.0289,1.02903,2.48,1.73
2012.10.29 09:16:17.361,1.02889,1.02903,3.23,1.73
2012.10.29 09:16:17.547,1.02889,1.02903,2.48,1.73
2012.10.29 09:16:18.092,1.02891,1.02906,3.23,4.35
2012.10.29 09:16:21.487,1.02892,1.02906,1.50,4.73
2012.10.29 09:16:22.001,1.02889,1.02905,1.73,2.10
2012.10.29 09:16:22.361,1.02888,1.02903,1.73,1.73
2012.10.29 09:16:23.641,1.02888,1.02903,1.73,1.73
2012.10.29 09:16:24.001,1.02887,1.02903,2.85,1.73
2012.10.29 09:16:25.961,1.02887,1.02899,1.13,3.98
2012.10.29 09:16:26.321,1.02886,1.02899,1.35,3.98
2012.10.29 09:16:26.881,1.02886,1.02899,1.73,3.98
2012.10.29 09:16:27.001,1.02886,1.02899,1.73,3.98
2012.10.29 09:16:29.806,1.02883,1.02895,3.23,3.98
2012.10.29 09:16:29.873,1.02883,1.02897,2.25,3.98
2012.10.29 09:16:30.051,1.02883,1.02897,1.73,3.98
2012.10.29 09:16:30.532,1.02882,1.02895,1.13,3.98
2012.10.29 09:16:30.992,1.02882,1.02895,1.13,3.98
2012.10.29 09:16:31.066,1.0288,1.02894,1.73,2.48
2012.10.29 09:16:32.983,1.02882,1.02894,3.75,3.98
2012.10.29 09:16:33.223,1.02882,1.02894,3.00,1.73
2012.10.29 09:16:33.342,1.02882,1.02897,5.25,1.73
2012.10.29 09:16:33.881,1.02882,1.02898,3.75,4.73
2012.10.29 09:16:34.573,1.02882,1.02897,3.75,3.23
2012.10.29 09:16:35.200,1.02882,1.02897,3.00,3.23
2012.10.29 09:16:36.205,1.02882,1.02897,3.00,3.23
2012.10.29 09:16:39.862,1.02888,1.02901,4.50,2.33
2012.10.29 09:16:39.921,1.0289,1.02902,3.23,2.48
2012.10.29 09:16:39.981,1.0289,1.02902,4.73,2.48
2012.10.29 09:16:40.542,1.02889,1.02902,4.73,3.98
2012.10.29 09:16:40.902,1.02886,1.02901,1.73,1.73
2012.10.29 09:16:41.027,1.02886,1.029,1.73,2.48
2012.10.29 09:16:42.501,1.02884,1.02898,2.10,3.23
2012.10.29 09:16:48.342,1.02884,1.02898,1.73,3.23
2012.10.29 09:16:48.462,1.02882,1.02894,2.10,1.50
2012.10.29 09:16:48.643,1.02881,1.02894,1.35,1.50
2012.10.29 09:16:48.703,1.02881,1.02892,1.35,1.73
2012.10.29 09:16:49.097,1.0288,1.02892,1.50,1.73
2012.10.29 09:16:49.282,1.02878,1.02891,2.48,1.73
2012.10.29 09:16:49.820,1.02878,1.02891,2.48,1.73
2012.10.29 09:16:52.481,1.02878,1.02892,2.48,1.73
2012.10.29 09:16:54.211,1.02879,1.02892,1.73,1.73
2012.10.29 09:16:54.692,1.02879,1.02892,3.75,1.73
2012.10.29 09:16:55.241,1.02879,1.02896,6.00,3.23
2012.10.29 09:16:55.801,1.0288,1.02896,1.50,2.48
2012.10.29 09:16:57.300,1.0288,1.02896,1.50,2.48
2012.10.29 09:16:57.672,1.0288,1.02895,1.50,2.48
2012.10.29 09:17:00.221,1.0288,1.02895,2.48,2.48
2012.10.29 09:17:00.552,1.02884,1.02895,3.75,2.25
2012.10.29 09:17:01.091,1.02884,1.02897,4.73,1.73
2012.10.29 09:17:01.692,1.02884,1.02897,5.48,1.73
2012.10.29 09:17:03.511,1.02884,1.02897,6.98,1.73
2012.10.29 09:17:05.022,1.02884,1.02897,5.48,1.73
2012.10.29 09:17:06.075,1.02884,1.02897,4.73,1.73
2012.10.29 09:17:07.200,1.02884,1.02897,5.48,1.73
2012.10.29 09:17:08.871,1.02884,1.02897,1.50,1.73
2012.10.29 09:17:13.234,1.02886,1.02896,3.60,1.50
2012.10.29 09:17:13.294,1.02888,1.02903,3.00,2.48
2012.10.29 09:17:13.422,1.02888,1.02903,4.50,2.25
2012.10.29 09:17:13.981,1.02888,1.02903,4.50,1.50
2012.10.29 09:17:14.342,1.02888,1.02905,4.50,3.23
2012.10.29 09:17:15.642,1.02887,1.029,1.73,2.48
2012.10.29 09:17:15.762,1.02887,1.02899,1.73,1.73
2012.10.29 09:17:16.121,1.02885,1.029,2.10,2.48
2012.10.29 09:17:16.185,1.02886,1.029,2.25,1.50
2012.10.29 09:17:16.614,1.02886,1.02899,3.98,2.48
2012.10.29 09:17:18.762,1.02886,1.02897,3.98,1.73
2012.10.29 09:17:19.003,1.02882,1.02895,3.00,1.73
2012.10.29 09:17:19.541,1.02882,1.02894,1.73,2.48
2012.10.29 09:17:19.721,1.02878,1.02892,5.63,1.73
2012.10.29 09:17:19.842,1.02875,1.02885,3.00,1.73
2012.10.29 09:17:20.081,1.02873,1.02885,2.25,2.48
2012.10.29 09:17:20.588,1.02873,1.02884,1.50,2.48
2012.10.29 09:17:22.378,1.0287,1.0288,1.73,1.50
2012.10.29 09:17:22.562,1.0287,1.02879,1.50,1.73
2012.10.29 09:17:23.041,1.02865,1.02877,1.73,1.73
2012.10.29 09:17:23.531,1.02866,1.02877,5.25,1.73
2012.10.29 09:17:24.280,1.02867,1.02878,1.73,2.48
2012.10.29 09:17:25.472,1.02872,1.02881,4.50,1.73
2012.10.29 09:17:25.536,1.02871,1.02881,3.23,1.50
2012.10.29 09:17:26.081,1.02872,1.02883,1.50,1.73
2012.10.29 09:17:26.853,1.02871,1.02883,1.73,1.73
2012.10.29 09:17:30.074,1.02871,1.02884,1.73,3.23
2012.10.29 09:17:30.373,1.02875,1.02886,1.50,3.23
2012.10.29 09:17:30.493,1.02873,1.02886,1.88,1.73
2012.10.29 09:17:31.285,1.02872,1.02887,2.10,1.73
2012.10.29 09:17:31.842,1.02874,1.02889,5.25,2.10
2012.10.29 09:17:32.895,1.02874,1.02888,1.50,1.73
2012.10.29 09:17:33.441,1.02876,1.02891,5.48,2.48
2012.10.29 09:17:38.572,1.02877,1.0289,1.35,1.73
2012.10.29 09:17:39.922,1.02876,1.0289,3.23,1.73
2012.10.29 09:17:44.962,1.02876,1.0289,2.85,1.73
2012.10.29 09:17:45.933,1.02876,1.0289,2.48,1.73
2012.10.29 09:17:46.292,1.02872,1.02888,4.73,3.23
2012.10.29 09:17:47.251,1.02872,1.02886,3.60,1.73
2012.10.29 09:17:47.552,1.02869,1.02878,2.48,3.75
2012.10.29 09:17:47.672,1.02866,1.02878,1.50,3.98
2012.10.29 09:17:47.731,1.02865,1.02877,2.25,1.73
2012.10.29 09:17:47.972,1.02863,1.02877,1.73,1.73
2012.10.29 09:17:48.211,1.02862,1.02877,2.48,1.73
2012.10.29 09:17:48.751,1.02867,1.02877,1.50,1.73
2012.10.29 09:17:49.497,1.02866,1.02876,1.88,1.73
2012.10.29 09:17:51.301,1.02864,1.02877,1.88,1.73
2012.10.29 09:17:53.091,1.02863,1.02877,1.35,1.73
2012.10.29 09:17:53.392,1.02862,1.02874,1.50,3.98
2012.10.29 09:17:56.121,1.0286,1.02874,1.73,2.10
2012.10.29 09:18:00.747,1.02859,1.02871,2.85,4.73
2012.10.29 09:18:00.813,1.02858,1.02869,1.35,4.50
2012.10.29 09:18:00.995,1.02854,1.02868,3.60,1.73
2012.10.29 09:18:01.122,1.02854,1.02867,2.48,3.75
2012.10.29 09:18:01.482,1.02854,1.02866,1.88,1.73
2012.10.29 09:18:03.271,1.02852,1.02866,2.85,1.73
2012.10.29 09:18:04.102,1.02853,1.02866,1.13,1.73
2012.10.29 09:18:04.482,1.02852,1.02866,2.85,1.73
2012.10.29 09:18:04.853,1.02851,1.02864,3.75,1.73
2012.10.29 09:18:05.162,1.02851,1.02861,1.50,1.73
2012.10.29 09:18:05.403,1.02849,1.02861,3.00,2.48
2012.10.29 09:18:05.642,1.02845,1.02858,2.85,1.73
2012.10.29 09:18:06.151,1.02845,1.02858,2.85,2.48
2012.10.29 09:18:07.172,1.02843,1.02855,3.23,1.50
2012.10.29 09:18:08.611,1.02843,1.02855,3.00,1.73
2012.10.29 09:18:08.791,1.02842,1.02852,4.13,2.48
2012.10.29 09:18:09.031,1.02842,1.02852,3.00,2.48
2012.10.29 09:18:09.764,1.02842,1.02852,3.00,1.73
2012.10.29 09:18:10.075,1.02842,1.02851,2.25,1.73
2012.10.29 09:18:10.456,1.02841,1.02852,1.88,1.73
2012.10.29 09:18:10.642,1.02841,1.02851,1.88,4.73
2012.10.29 09:18:10.761,1.02839,1.02848,1.50,3.98
2012.10.29 09:18:10.881,1.02839,1.02848,1.50,3.98
2012.10.29 09:18:11.005,1.0284,1.02851,1.50,2.70
2012.10.29 09:18:11.421,1.02843,1.02856,1.50,3.98
2012.10.29 09:18:11.482,1.02843,1.02857,1.50,3.23
2012.10.29 09:18:11.602,1.02844,1.02857,1.73,3.23
2012.10.29 09:18:12.141,1.02844,1.02859,2.48,5.48
2012.10.29 09:18:13.641,1.02844,1.02859,2.48,5.48
2012.10.29 09:18:13.762,1.02844,1.02857,2.48,3.98
2012.10.29 09:18:14.334,1.02841,1.02855,3.23,3.98
2012.10.29 09:18:14.891,1.02842,1.02855,2.48,3.98
2012.10.29 09:18:15.811,1.02842,1.02855,2.85,3.98
2012.10.29 09:18:16.112,1.0284,1.02854,1.73,3.98
2012.10.29 09:18:18.933,1.0284,1.02855,5.48,3.23
2012.10.29 09:18:19.431,1.0284,1.02854,3.23,3.98
2012.10.29 09:18:19.991,1.02839,1.02853,1.07,2.48
2012.10.29 09:18:20.643,1.02839,1.02854,2.57,5.48
2012.10.29 09:18:26.922,1.02839,1.02853,2.48,2.48
2012.10.29 09:18:26.982,1.02839,1.0285,2.57,3.75
2012.10.29 09:18:27.532,1.02837,1.0285,1.07,3.98
2012.10.29 09:18:33.962,1.0284,1.02852,3.75,2.10
2012.10.29 09:18:34.321,1.02842,1.02854,1.50,1.35
2012.10.29 09:18:34.381,1.02842,1.02854,1.50,1.35
2012.10.29 09:18:35.102,1.02843,1.02857,1.50,3.60
2012.10.29 09:18:35.284,1.02845,1.02857,1.50,2.85
2012.10.29 09:18:36.161,1.02844,1.02855,3.75,1.50
2012.10.29 09:18:36.284,1.02841,1.02855,1.50,1.88
2012.10.29 09:18:36.341,1.02839,1.02855,2.72,3.38
2012.10.29 09:18:36.461,1.02841,1.02855,1.50,2.10
2012.10.29 09:18:36.643,1.02843,1.02855,3.75,1.35
2012.10.29 09:18:36.763,1.02841,1.02855,6.00,1.35
2012.10.29 09:18:37.302,1.02841,1.02855,6.23,2.10
2012.10.29 09:18:38.313,1.02841,1.02855,2.48,1.73
2012.10.29 09:18:39.372,1.02841,1.02853,1.73,1.73
2012.10.29 09:18:39.432,1.02837,1.02853,2.10,1.73
2012.10.29 09:18:39.492,1.02837,1.02852,1.35,1.73
2012.10.29 09:18:39.671,1.02836,1.02847,6.98,1.50
2012.10.29 09:18:40.993,1.02836,1.02847,1.35,1.50
2012.10.29 09:18:42.092,1.02836,1.02847,1.35,1.50
2012.10.29 09:18:42.601,1.02833,1.02847,2.48,1.50
2012.10.29 09:18:42.661,1.02833,1.02847,2.25,1.50
2012.10.29 09:18:42.931,1.02836,1.02847,2.48,1.73
2012.10.29 09:18:42.991,1.02836,1.02847,2.25,1.73
2012.10.29 09:18:43.531,1.02836,1.02848,1.50,1.73
2012.10.29 09:18:48.099,1.02834,1.02845,3.75,1.73
2012.10.29 09:18:48.654,1.02833,1.02845,5.48,1.73
2012.10.29 09:18:49.313,1.02833,1.02845,1.73,1.73
2012.10.29 09:18:52.002,1.02834,1.02847,1.50,1.73
2012.10.29 09:18:52.785,1.02836,1.02847,1.50,1.73
2012.10.29 09:18:53.051,1.02836,1.02849,1.73,1.58
2012.10.29 09:18:57.393,1.02837,1.0285,3.75,1.73
2012.10.29 09:18:57.572,1.02838,1.0285,1.50,1.73
2012.10.29 09:19:00.052,1.02837,1.0285,1.73,2.48
2012.10.29 09:19:00.172,1.02837,1.0285,1.50,2.48
2012.10.29 09:19:00.724,1.02834,1.02848,1.35,1.73
2012.10.29 09:19:04.753,1.02833,1.02847,1.50,2.48
2012.10.29 09:19:05.583,1.02834,1.02848,1.50,2.10
2012.10.29 09:19:05.834,1.02834,1.02848,2.25,3.60
2012.10.29 09:19:06.254,1.02836,1.0285,6.00,1.73
2012.10.29 09:19:06.331,1.02837,1.02852,2.10,2.10
2012.10.29 09:19:06.396,1.02841,1.02852,1.50,2.85
2012.10.29 09:19:06.703,1.02843,1.02852,1.13,1.13
2012.10.29 09:19:07.236,1.02843,1.02854,1.13,2.48
2012.10.29 09:19:07.673,1.02842,1.02852,3.23,1.50
2012.10.29 09:19:07.851,1.02834,1.0285,3.23,1.73
2012.10.29 09:19:08.155,1.02833,1.02846,1.35,2.10
2012.10.29 09:19:08.216,1.02833,1.02845,1.13,2.48
2012.10.29 09:19:08.285,1.02833,1.02845,1.35,2.48
2012.10.29 09:19:08.592,1.02834,1.02846,3.98,1.35
2012.10.29 09:19:08.712,1.02834,1.02846,3.98,1.35
2012.10.29 09:19:11.652,1.02834,1.02847,3.98,1.35
2012.10.29 09:19:12.211,1.02834,1.02846,3.98,1.73
2012.10.29 09:19:17.932,1.02833,1.02846,4.35,1.73
2012.10.29 09:19:18.486,1.02833,1.02846,4.35,1.73
2012.10.29 09:19:18.792,1.02831,1.02845,6.60,1.73
2012.10.29 09:19:19.233,1.02833,1.02846,2.63,1.73
2012.10.29 09:19:19.592,1.02836,1.0285,5.85,1.73
2012.10.29 09:19:19.952,1.02835,1.02847,1.73,1.73
2012.10.29 09:19:30.121,1.02834,1.02846,1.35,1.73
2012.10.29 09:19:35.292,1.02833,1.02847,5.85,2.48
2012.10.29 09:19:35.911,1.02839,1.02847,3.75,1.73
2012.10.29 09:19:35.972,1.02839,1.02849,3.75,2.10
2012.10.29 09:19:36.334,1.02839,1.02852,4.35,1.73
2012.10.29 09:19:36.871,1.02839,1.02852,5.10,1.73
2012.10.29 09:19:38.032,1.02839,1.02852,5.10,1.73
2012.10.29 09:19:38.571,1.02839,1.02851,4.35,3.23
2012.10.29 09:19:45.772,1.02839,1.02853,3.98,3.23
2012.10.29 09:19:58.811,1.02837,1.02851,1.73,2.85
2012.10.29 09:19:59.429,1.02837,1.02851,1.73,2.10
2012.10.29 09:19:59.730,1.02833,1.02847,4.73,1.13
2012.10.29 09:20:00.271,1.02833,1.02847,3.98,2.10
2012.10.29 09:20:01.670,1.02833,1.02846,5.48,2.48
2012.10.29 09:20:02.041,1.02831,1.02845,2.48,1.73
2012.10.29 09:20:02.680,1.02831,1.02843,1.50,1.73
2012.10.29 09:20:03.230,1.02828,1.02843,6.23,1.73
2012.10.29 09:20:03.770,1.02829,1.02843,2.48,1.73
2012.10.29 09:20:04.533,1.02829,1.02843,2.48,2.48
2012.10.29 09:20:05.239,1.02828,1.02842,6.23,1.35
2012.10.29 09:20:05.631,1.02827,1.02842,6.23,3.23
2012.10.29 09:20:11.072,1.02826,1.02837,3.98,1.73
2012.10.29 09:20:11.631,1.02826,1.02837,3.98,1.73
2012.10.29 09:20:11.692,1.02826,1.02835,3.75,2.10
2012.10.29 09:20:11.752,1.02822,1.02835,2.25,2.10
2012.10.29 09:20:11.931,1.02819,1.02833,1.73,1.73
2012.10.29 09:20:12.112,1.02819,1.02831,1.73,1.73
2012.10.29 09:20:12.290,1.02816,1.0283,2.63,1.73
2012.10.29 09:20:12.830,1.02815,1.0283,3.23,2.10
2012.10.29 09:20:14.890,1.0282,1.02831,1.50,2.48
2012.10.29 09:20:14.950,1.0282,1.02831,1.73,2.48
2012.10.29 09:20:15.191,1.0282,1.02831,3.98,1.50
2012.10.29 09:20:15.742,1.02821,1.02833,3.98,1.73
2012.10.29 09:20:16.500,1.02823,1.02834,3.98,1.73
2012.10.29 09:20:16.861,1.02824,1.02837,2.48,1.73
2012.10.29 09:20:17.100,1.02821,1.02834,4.73,1.73
2012.10.29 09:20:18.079,1.02824,1.02836,1.50,2.48
2012.10.29 09:20:18.820,1.02824,1.02832,2.25,1.73
2012.10.29 09:20:19.060,1.02823,1.02834,1.35,1.73
2012.10.29 09:20:19.571,1.02821,1.02834,3.98,1.73
2012.10.29 09:20:23.744,1.02821,1.02833,1.13,2.48
2012.10.29 09:20:23.931,1.02822,1.02834,1.73,3.23
2012.10.29 09:20:33.673,1.02822,1.02836,3.00,3.23
2012.10.29 09:20:33.853,1.0282,1.02831,1.50,1.73
2012.10.29 09:20:33.973,1.02818,1.02829,2.33,1.73
2012.10.29 09:20:34.032,1.02818,1.02829,2.10,1.73
2012.10.29 09:20:34.997,1.02817,1.02829,3.00,1.73
2012.10.29 09:20:36.180,1.02814,1.02829,4.73,1.73
2012.10.29 09:20:36.931,1.02814,1.02829,4.73,1.73
2012.10.29 09:20:39.130,1.02816,1.02828,3.23,1.73
2012.10.29 09:20:43.522,1.02813,1.02826,1.73,1.73
2012.10.29 09:20:43.703,1.0281,1.02824,3.23,2.48
2012.10.29 09:20:43.881,1.0281,1.02819,2.48,3.75
2012.10.29 09:20:44.182,1.02806,1.02818,2.40,1.73
2012.10.29 09:20:44.301,1.02806,1.02818,2.40,2.48
2012.10.29 09:20:45.281,1.02806,1.02818,3.23,1.73
2012.10.29 09:20:46.541,1.02806,1.02818,3.23,1.73
2012.10.29 09:20:47.421,1.02806,1.02819,3.23,5.10
2012.10.29 09:20:47.970,1.02806,1.02819,2.48,5.10
2012.10.29 09:20:50.860,1.02803,1.02817,3.23,2.85
2012.10.29 09:20:51.101,1.02801,1.02814,1.73,2.85
2012.10.29 09:20:51.641,1.028,1.02812,1.73,1.73
2012.10.29 09:20:52.201,1.028,1.02812,1.50,1.73
2012.10.29 09:20:53.272,1.02796,1.02808,1.73,1.73
2012.10.29 09:20:53.391,1.02795,1.02806,1.88,1.73
2012.10.29 09:20:53.751,1.02792,1.02804,3.98,1.73
2012.10.29 09:20:54.350,1.02792,1.02806,3.23,1.73
2012.10.29 09:20:56.720,1.02792,1.02806,1.73,2.10
2012.10.29 09:21:02.620,1.02792,1.02806,2.10,1.13
2012.10.29 09:21:02.981,1.02793,1.02805,1.50,3.98
2012.10.29 09:21:03.521,1.02792,1.02806,2.10,4.73
2012.10.29 09:21:04.104,1.02792,1.02808,2.85,3.23
2012.10.29 09:21:09.010,1.02794,1.02808,1.73,2.48
2012.10.29 09:21:23.070,1.02794,1.02805,2.10,1.73
2012.10.29 09:21:26.800,1.02795,1.02806,1.73,1.73
2012.10.29 09:21:27.911,1.02799,1.02808,4.50,1.73
2012.10.29 09:21:28.030,1.02801,1.02813,1.58,2.48
2012.10.29 09:21:28.093,1.02802,1.02814,3.75,1.73
2012.10.29 09:21:28.152,1.02803,1.02815,2.48,2.10
2012.10.29 09:21:29.861,1.02804,1.02815,3.75,1.73
2012.10.29 09:21:30.161,1.02804,1.02818,3.98,2.48
2012.10.29 09:21:39.422,1.02806,1.02818,1.73,1.73
2012.10.29 09:21:39.483,1.02809,1.02819,4.50,1.35
2012.10.29 09:21:39.721,1.02809,1.02824,6.23,3.23
2012.10.29 09:21:43.860,1.02812,1.02824,3.75,1.73
2012.10.29 09:21:44.041,1.02813,1.02825,1.73,1.73
2012.10.29 09:21:47.721,1.02813,1.02825,2.25,1.73
2012.10.29 09:21:48.291,1.02812,1.02824,2.25,1.73
2012.10.29 09:21:48.651,1.0281,1.0282,2.25,1.73
2012.10.29 09:21:49.011,1.02807,1.02815,4.13,1.73
2012.10.29 09:21:49.073,1.02808,1.02817,1.50,1.73
2012.10.29 09:21:49.620,1.02807,1.02817,1.13,1.73
2012.10.29 09:21:50.141,1.02805,1.02816,2.48,1.73
2012.10.29 09:21:50.720,1.02805,1.02816,1.73,1.73
2012.10.29 09:21:53.911,1.02807,1.02818,1.50,1.73
2012.10.29 09:21:54.211,1.02808,1.02819,3.00,1.73
2012.10.29 09:21:54.481,1.02812,1.02824,3.00,1.73
2012.10.29 09:21:54.660,1.02812,1.02824,2.25,1.73
2012.10.29 09:21:54.842,1.0281,1.02824,3.23,1.73
2012.10.29 09:21:55.427,1.02812,1.02824,1.13,1.73
2012.10.29 09:21:59.801,1.02813,1.02825,1.50,2.48
2012.10.29 09:22:00.890,1.02813,1.02825,1.13,1.73
2012.10.29 09:22:03.070,1.02813,1.02825,5.25,2.48
2012.10.29 09:22:03.756,1.02815,1.02825,1.50,2.48
2012.10.29 09:22:03.941,1.02811,1.02824,2.25,1.73
2012.10.29 09:22:04.121,1.02807,1.02819,1.88,3.23
2012.10.29 09:22:04.661,1.02809,1.02819,2.25,1.73
2012.10.29 09:22:07.761,1.0281,1.02821,1.50,1.73
2012.10.29 09:22:07.941,1.02809,1.02821,3.23,1.73
2012.10.29 09:22:08.500,1.02809,1.02821,3.00,1.73
2012.10.29 09:22:09.020,1.0281,1.02821,1.50,1.73
2012.10.29 09:22:09.751,1.0281,1.02821,2.25,1.73
2012.10.29 09:22:11.361,1.02811,1.02821,1.50,1.73
2012.10.29 09:22:12.592,1.02809,1.02821,3.23,2.48
2012.10.29 09:22:12.833,1.02808,1.02819,3.98,1.50
2012.10.29 09:22:13.010,1.02807,1.02817,1.73,1.50
2012.10.29 09:22:13.530,1.02805,1.02817,4.73,1.73
2012.10.29 09:22:14.831,1.02807,1.02819,3.00,1.35
2012.10.29 09:22:15.350,1.02809,1.02821,2.25,1.73
2012.10.29 09:22:15.690,1.02809,1.02821,2.25,1.73
2012.10.29 09:22:17.040,1.02807,1.02821,5.48,2.10
2012.10.29 09:22:17.302,1.02807,1.02821,5.48,2.10
2012.10.29 09:22:17.644,1.02811,1.02823,2.48,1.73
2012.10.29 09:22:17.772,1.02814,1.02824,1.50,2.10
2012.10.29 09:22:18.772,1.02814,1.02825,1.50,1.73
2012.10.29 09:22:20.442,1.02812,1.02825,1.50,2.48
2012.10.29 09:22:20.681,1.0281,1.02823,1.50,1.35
2012.10.29 09:22:21.019,1.02808,1.02819,1.13,1.73
2012.10.29 09:22:22.044,1.02808,1.02819,1.50,1.73
2012.10.29 09:22:22.350,1.02809,1.0282,5.25,1.73
2012.10.29 09:22:22.411,1.02811,1.02822,3.75,1.35
2012.10.29 09:22:22.532,1.02811,1.02824,4.50,2.85
2012.10.29 09:22:31.430,1.02813,1.02824,3.75,1.73
2012.10.29 09:22:31.791,1.02814,1.02825,3.23,1.73
2012.10.29 09:22:33.890,1.02811,1.02824,3.23,1.73
2012.10.29 09:22:36.761,1.02811,1.02823,2.25,1.73
2012.10.29 09:22:36.821,1.02809,1.02822,1.50,1.73
2012.10.29 09:22:36.941,1.02808,1.02821,2.85,1.73
2012.10.29 09:22:37.460,1.02809,1.02822,3.00,2.85
2012.10.29 09:22:38.000,1.02808,1.0282,1.73,1.73
2012.10.29 09:22:40.031,1.02807,1.0282,3.98,2.48
2012.10.29 09:22:40.091,1.02807,1.0282,3.98,2.48
2012.10.29 09:22:40.455,1.02804,1.02813,1.88,4.73
2012.10.29 09:22:40.761,1.02799,1.0281,1.50,3.98
2012.10.29 09:22:40.822,1.02796,1.02807,1.73,2.48
2012.10.29 09:22:41.001,1.02794,1.02809,5.48,1.73
2012.10.29 09:22:41.510,1.02794,1.02807,4.73,1.35
2012.10.29 09:22:41.630,1.02794,1.02806,4.73,1.73
2012.10.29 09:22:42.694,1.02794,1.02805,4.73,1.73
2012.10.29 09:22:43.972,1.02794,1.02806,4.73,2.48
2012.10.29 09:22:44.111,1.02794,1.02806,1.73,2.48
2012.10.29 09:22:44.721,1.02793,1.02806,1.73,2.48
2012.10.29 09:22:49.850,1.02795,1.02808,1.50,1.73
2012.10.29 09:22:49.910,1.02796,1.02808,3.98,1.73
2012.10.29 09:22:50.350,1.02797,1.02809,1.50,1.73
2012.10.29 09:22:50.470,1.02799,1.02811,3.75,2.48
2012.10.29 09:22:50.531,1.02799,1.02811,3.75,2.48
2012.10.29 09:22:51.630,1.02801,1.02812,1.50,2.48
2012.10.29 09:22:51.691,1.02802,1.02813,4.50,2.85
2012.10.29 09:22:51.990,1.02802,1.02814,4.73,1.73
2012.10.29 09:22:52.540,1.02804,1.02815,1.50,1.73
2012.10.29 09:22:52.661,1.02806,1.02816,3.98,3.23
2012.10.29 09:22:53.140,1.02806,1.02816,2.48,1.73
2012.10.29 09:22:53.692,1.02806,1.02818,2.25,1.73
2012.10.29 09:22:53.874,1.02807,1.02818,1.50,1.73
2012.10.29 09:22:53.942,1.02807,1.02821,4.50,2.48
2012.10.29 09:22:54.182,1.02809,1.02821,1.73,1.73
2012.10.29 09:22:54.481,1.02811,1.02821,1.73,1.73
2012.10.29 09:22:56.993,1.02808,1.02823,3.75,3.23
2012.10.29 09:22:57.110,1.02811,1.02823,1.73,2.48
2012.10.29 09:22:58.009,1.02809,1.02821,3.75,2.48
2012.10.29 09:22:58.132,1.02803,1.02817,3.83,1.35
2012.10.29 09:22:58.192,1.02802,1.02817,1.73,2.85
2012.10.29 09:22:58.620,1.028,1.02813,5.25,1.73
2012.10.29 09:22:58.740,1.028,1.02815,1.73,3.23
2012.10.29 09:23:00.802,1.02801,1.02813,1.73,1.35
2012.10.29 09:23:01.400,1.02802,1.02814,1.50,1.73
2012.10.29 09:23:02.064,1.02801,1.02814,1.73,1.73
2012.10.29 09:23:02.351,1.02803,1.02815,2.25,1.73
2012.10.29 09:23:02.591,1.02803,1.02815,3.75,1.73
2012.10.29 09:23:02.711,1.02803,1.02815,1.50,1.73
2012.10.29 09:23:03.159,1.028,1.02815,3.98,1.73
2012.10.29 09:23:04.661,1.02802,1.02816,1.50,2.85
2012.10.29 09:23:04.843,1.02806,1.02818,1.50,2.85
2012.10.29 09:23:08.080,1.02806,1.0282,2.25,2.85
2012.10.29 09:23:08.851,1.02804,1.0282,3.98,4.73
2012.10.29 09:23:09.032,1.02806,1.0282,2.48,3.98
2012.10.29 09:23:09.940,1.02806,1.0282,2.48,1.73
2012.10.29 09:23:12.071,1.02807,1.02822,2.25,2.48
2012.10.29 09:23:12.250,1.02805,1.02819,6.00,1.73
2012.10.29 09:23:12.611,1.02807,1.02821,1.73,2.48
2012.10.29 09:23:13.090,1.02808,1.02821,1.50,2.48
2012.10.29 09:23:13.452,1.02811,1.02823,4.50,2.10
2012.10.29 09:23:13.510,1.02811,1.02823,1.73,2.33
2012.10.29 09:23:13.631,1.02811,1.02823,1.50,1.58
2012.10.29 09:23:16.461,1.0281,1.02824,2.25,2.48
2012.10.29 09:23:16.764,1.02811,1.02825,1.50,1.35
2012.10.29 09:23:16.835,1.02812,1.02825,1.50,1.35
2012.10.29 09:23:17.490,1.02813,1.02826,3.00,1.73
2012.10.29 09:23:17.610,1.02813,1.02826,3.00,1.73
2012.10.29 09:23:17.730,1.02814,1.02827,3.75,4.73
2012.10.29 09:23:17.791,1.02814,1.02828,4.50,1.73
2012.10.29 09:23:17.850,1.02814,1.02828,1.50,1.73
2012.10.29 09:23:17.910,1.02814,1.02828,1.73,1.73
2012.10.29 09:23:20.391,1.02813,1.02828,3.23,1.73
2012.10.29 09:23:23.104,1.0281,1.02824,3.23,1.73
2012.10.29 09:23:23.162,1.0281,1.02822,1.73,2.10
2012.10.29 09:23:23.342,1.02809,1.02822,1.50,2.85
2012.10.29 09:23:23.979,1.02807,1.02822,2.25,3.60
2012.10.29 09:23:26.970,1.0281,1.02822,1.50,1.35
2012.10.29 09:23:27.031,1.0281,1.02822,1.73,1.35
2012.10.29 09:23:27.270,1.02811,1.02824,4.73,1.35
2012.10.29 09:23:27.330,1.02812,1.02824,1.73,1.35
2012.10.29 09:23:27.961,1.02815,1.02828,1.73,3.23
2012.10.29 09:23:29.520,1.02815,1.02828,2.48,2.48
2012.10.29 09:23:43.880,1.02816,1.02824,1.50,1.73
2012.10.29 09:23:44.062,1.02813,1.02823,1.73,1.73
2012.10.29 09:23:44.181,1.02809,1.02821,3.23,4.73
2012.10.29 09:23:44.362,1.02807,1.02819,1.73,1.73
2012.10.29 09:23:44.973,1.02807,1.02819,1.73,1.73
2012.10.29 09:23:47.310,1.02806,1.02818,3.38,1.73
2012.10.29 09:23:55.822,1.02804,1.02818,1.73,4.73
2012.10.29 09:23:56.180,1.02803,1.02814,1.13,1.73
2012.10.29 09:23:59.260,1.02804,1.02817,2.25,1.73
2012.10.29 09:23:59.501,1.02802,1.0281,3.23,3.75
2012.10.29 09:23:59.802,1.02795,1.02808,1.50,2.48
2012.10.29 09:23:59.921,1.02793,1.02806,1.50,1.73
2012.10.29 09:24:00.163,1.02791,1.02801,1.13,1.73
2012.10.29 09:24:01.270,1.02792,1.02804,3.75,2.48
2012.10.29 09:24:01.822,1.02792,1.02805,1.73,1.73
2012.10.29 09:24:02.451,1.02794,1.02805,1.50,1.73
2012.10.29 09:24:04.280,1.02792,1.02805,4.73,1.73
2012.10.29 09:24:04.460,1.02793,1.02806,2.48,2.48
2012.10.29 09:24:04.581,1.02798,1.02806,1.50,1.73
2012.10.29 09:24:05.222,1.02798,1.0281,3.00,1.73
2012.10.29 09:24:14.420,1.02802,1.02814,2.25,1.35
2012.10.29 09:24:14.901,1.02803,1.02817,3.00,1.73
2012.10.29 09:24:15.092,1.02804,1.02818,2.48,1.73
2012.10.29 09:24:15.641,1.02804,1.02818,2.48,2.48
2012.10.29 09:24:15.880,1.02802,1.02816,3.23,1.73
2012.10.29 09:24:23.241,1.028,1.02815,3.23,5.48
2012.10.29 09:24:23.761,1.02799,1.02812,6.60,2.48
2012.10.29 09:24:26.680,1.02799,1.02814,3.60,2.48
2012.10.29 09:24:26.862,1.02799,1.02813,2.63,1.73
2012.10.29 09:24:27.470,1.02798,1.02812,1.73,2.48
2012.10.29 09:24:28.010,1.02798,1.02812,1.73,2.48
2012.10.29 09:24:28.131,1.02798,1.02813,2.48,2.48
2012.10.29 09:24:29.910,1.02798,1.02813,2.85,2.48
2012.10.29 09:24:30.705,1.02799,1.02813,1.88,2.48
2012.10.29 09:24:31.367,1.02799,1.02812,1.88,1.73
2012.10.29 09:24:34.140,1.02799,1.02813,2.63,1.73
2012.10.29 09:24:34.440,1.028,1.02814,6.98,1.73
2012.10.29 09:24:35.016,1.028,1.02814,4.73,2.48
2012.10.29 09:24:40.731,1.028,1.02814,3.00,2.48
2012.10.29 09:24:41.032,1.02798,1.02808,3.23,1.73
2012.10.29 09:24:41.391,1.02798,1.02807,1.50,2.48
2012.10.29 09:24:41.511,1.02793,1.02806,1.73,1.73
2012.10.29 09:24:42.690,1.02793,1.02807,1.73,1.73
2012.10.29 09:24:43.430,1.02793,1.02807,1.50,2.48
2012.10.29 09:24:43.940,1.02791,1.02805,2.48,1.73
2012.10.29 09:24:45.130,1.02791,1.02805,1.73,2.48
2012.10.29 09:24:45.680,1.0279,1.02804,3.60,1.73
2012.10.29 09:24:46.921,1.0279,1.02802,2.48,2.10
2012.10.29 09:24:47.281,1.02789,1.028,3.75,1.73
2012.10.29 09:24:47.582,1.02789,1.02802,3.75,3.60
2012.10.29 09:24:47.705,1.02789,1.028,3.75,1.73
2012.10.29 09:24:49.561,1.02789,1.028,3.75,3.23
2012.10.29 09:24:49.921,1.02789,1.028,3.00,3.23
2012.10.29 09:24:50.901,1.02784,1.02796,1.13,1.73
2012.10.29 09:24:51.465,1.02783,1.02796,4.73,2.48
2012.10.29 09:24:52.231,1.02783,1.02797,4.73,2.48
2012.10.29 09:24:54.020,1.02782,1.02796,3.98,1.73
2012.10.29 09:24:54.141,1.02782,1.02796,3.98,2.10
2012.10.29 09:24:54.661,1.02782,1.02796,3.98,2.85
2012.10.29 09:24:55.391,1.02784,1.02797,1.50,2.10
2012.10.29 09:24:55.752,1.02787,1.02799,4.50,1.58
2012.10.29 09:24:55.811,1.02787,1.028,4.73,1.73
2012.10.29 09:25:00.850,1.02787,1.02799,2.10,2.48
2012.10.29 09:25:01.520,1.02786,1.02799,1.50,2.48
2012.10.29 09:25:01.642,1.02785,1.02796,3.23,1.73
2012.10.29 09:25:02.421,1.02785,1.028,3.98,2.48
2012.10.29 09:25:02.661,1.02786,1.028,3.00,2.48
2012.10.29 09:25:06.011,1.02787,1.028,2.25,1.73
2012.10.29 09:25:06.362,1.02783,1.02797,3.00,2.10
2012.10.29 09:25:06.670,1.02782,1.02796,2.63,2.10
2012.10.29 09:25:07.966,1.02782,1.02796,2.63,1.35
2012.10.29 09:25:10.475,1.02778,1.02791,2.10,1.73
2012.10.29 09:25:10.811,1.02778,1.02791,4.88,1.73
2012.10.29 09:25:12.521,1.02779,1.02791,3.75,2.10
2012.10.29 09:25:12.941,1.0278,1.02793,1.50,1.58
2012.10.29 09:25:13.180,1.02781,1.02793,2.25,2.25
2012.10.29 09:25:13.422,1.02777,1.02789,3.98,1.65
2012.10.29 09:25:14.942,1.02775,1.02789,1.73,1.73
2012.10.29 09:25:15.001,1.02775,1.02786,1.73,2.10
2012.10.29 09:25:15.062,1.02775,1.02786,1.50,2.10
2012.10.29 09:25:15.181,1.02772,1.02783,2.48,1.73
2012.10.29 09:25:15.301,1.02769,1.02782,6.00,1.73
2012.10.29 09:25:16.022,1.02772,1.02784,3.75,3.98
2012.10.29 09:25:16.142,1.02772,1.02784,3.98,3.98
2012.10.29 09:25:17.720,1.02771,1.02784,3.98,1.73
2012.10.29 09:25:18.710,1.0277,1.02783,1.35,1.73
2012.10.29 09:25:22.472,1.02769,1.0278,1.73,1.73
2012.10.29 09:25:23.480,1.02769,1.02779,1.73,1.50
2012.10.29 09:25:23.721,1.02765,1.02775,1.50,1.73
2012.10.29 09:25:23.780,1.02763,1.02775,1.35,1.73
2012.10.29 09:25:24.021,1.02761,1.02772,1.73,1.50
2012.10.29 09:25:24.320,1.02757,1.02769,2.63,1.73
2012.10.29 09:25:24.831,1.02759,1.02769,1.50,1.73
2012.10.29 09:25:25.881,1.02759,1.02772,2.48,2.48
2012.10.29 09:25:25.940,1.02761,1.02772,1.50,2.48
2012.10.29 09:25:27.752,1.0276,1.02772,1.50,2.48
2012.10.29 09:25:28.062,1.02758,1.02768,2.48,1.73
2012.10.29 09:25:28.611,1.02756,1.02768,4.73,3.23
2012.10.29 09:25:28.971,1.02751,1.02765,1.35,2.48
2012.10.29 09:25:29.090,1.02749,1.02765,5.48,2.48
2012.10.29 09:25:29.630,1.02752,1.02764,1.73,1.50
2012.10.29 09:25:29.930,1.02754,1.02764,1.73,1.50
2012.10.29 09:25:30.151,1.02752,1.02764,2.63,1.50
2012.10.29 09:25:30.332,1.02747,1.02759,2.48,2.25
2012.10.29 09:25:30.453,1.02747,1.02759,2.48,2.48
2012.10.29 09:25:30.571,1.02747,1.02758,2.48,1.73
2012.10.29 09:25:30.631,1.02748,1.02759,3.75,1.73
2012.10.29 09:25:31.188,1.02748,1.0276,6.23,1.50
2012.10.29 09:25:31.370,1.02748,1.02761,6.23,1.73
2012.10.29 09:25:31.620,1.02748,1.02761,6.23,1.73
2012.10.29 09:25:32.031,1.02748,1.02761,6.23,1.73
2012.10.29 09:25:32.731,1.02748,1.02761,6.23,1.73
2012.10.29 09:25:34.171,1.02748,1.02761,6.23,1.73
2012.10.29 09:25:34.712,1.02748,1.02761,6.23,1.73
2012.10.29 09:25:35.531,1.02748,1.02761,6.23,1.73
2012.10.29 09:25:43.941,1.02751,1.02763,1.50,1.73
2012.10.29 09:25:45.182,1.02752,1.02764,3.75,2.48
2012.10.29 09:25:45.433,1.02756,1.02767,1.50,2.48
2012.10.29 09:25:46.091,1.02757,1.02769,1.88,1.73
2012.10.29 09:25:46.152,1.02759,1.0277,6.23,1.50
2012.10.29 09:25:46.284,1.02762,1.02774,1.73,2.48
2012.10.29 09:25:46.831,1.02762,1.02775,3.60,1.73
2012.10.29 09:25:46.951,1.02762,1.02776,3.60,1.73
2012.10.29 09:25:48.861,1.02763,1.02777,6.23,3.23
2012.10.29 09:25:48.923,1.02764,1.02777,1.73,1.73
2012.10.29 09:25:52.092,1.02763,1.02777,2.48,3.23
2012.10.29 09:25:52.211,1.02763,1.02776,4.73,1.73
2012.10.29 09:25:52.752,1.02767,1.02778,3.98,1.73
2012.10.29 09:25:52.871,1.02767,1.02778,3.98,1.35
2012.10.29 09:25:52.991,1.02766,1.02781,6.23,1.73
2012.10.29 09:25:53.311,1.02768,1.0278,2.85,1.73
2012.10.29 09:25:53.612,1.02772,1.02783,3.75,2.10
2012.10.29 09:25:53.732,1.02773,1.02786,1.50,2.48
2012.10.29 09:25:54.172,1.02773,1.02786,3.23,1.73
2012.10.29 09:25:55.462,1.02773,1.02787,3.98,2.48
2012.10.29 09:25:56.038,1.02775,1.02787,1.50,1.73
2012.10.29 09:25:56.341,1.02776,1.0279,2.25,2.10
2012.10.29 09:25:56.461,1.02777,1.0279,4.73,1.35
2012.10.29 09:25:56.522,1.02777,1.0279,4.73,1.35
2012.10.29 09:25:57.130,1.02777,1.02792,4.73,2.48
2012.10.29 09:25:57.662,1.02777,1.02792,4.73,2.48
2012.10.29 09:25:57.982,1.02777,1.02789,3.98,1.73
2012.10.29 09:25:58.342,1.02775,1.02787,1.73,1.73
2012.10.29 09:25:58.881,1.02773,1.02786,2.48,1.35
2012.10.29 09:26:03.233,1.02771,1.02786,1.73,1.73
2012.10.29 09:26:03.602,1.02769,1.02781,1.73,2.10
2012.10.29 09:26:03.662,1.02767,1.02781,1.58,2.10
2012.10.29 09:26:03.722,1.02766,1.0278,2.33,5.25
2012.10.29 09:26:03.785,1.02766,1.0278,1.58,6.23
2012.10.29 09:26:04.283,1.02764,1.02777,2.25,1.20
2012.10.29 09:26:09.711,1.02764,1.02778,2.25,1.73
2012.10.29 09:26:10.250,1.02762,1.02776,5.25,1.73
2012.10.29 09:26:10.798,1.02762,1.02777,5.48,1.35
2012.10.29 09:26:16.146,1.02764,1.02778,6.98,1.73
2012.10.29 09:26:16.475,1.02765,1.02779,4.73,1.73
2012.10.29 09:26:17.032,1.02765,1.02779,3.23,2.48
2012.10.29 09:26:30.081,1.02762,1.02777,2.10,1.73
2012.10.29 09:26:30.792,1.02763,1.02778,1.73,3.60
2012.10.29 09:26:35.940,1.02764,1.02778,5.25,1.73
2012.10.29 09:26:36.001,1.02764,1.02778,5.48,1.73
2012.10.29 09:26:44.842,1.02764,1.02778,3.23,1.73
2012.10.29 09:26:45.681,1.02764,1.02778,3.23,1.73
2012.10.29 09:26:46.022,1.02764,1.02776,1.73,1.50
2012.10.29 09:26:46.080,1.02764,1.02776,1.50,1.50
2012.10.29 09:26:46.142,1.02762,1.02776,2.63,1.88
2012.10.29 09:26:46.432,1.02763,1.02776,1.50,1.13
2012.10.29 09:26:46.699,1.02766,1.02781,1.50,3.00
2012.10.29 09:26:47.400,1.02766,1.02781,3.75,2.63
2012.10.29 09:26:47.781,1.02766,1.02781,3.75,2.63
2012.10.29 09:26:53.592,1.02766,1.02781,4.50,1.88
2012.10.29 09:26:53.953,1.02766,1.02777,1.50,1.73
2012.10.29 09:26:54.013,1.02764,1.02774,1.50,1.73
2012.10.29 09:26:54.371,1.02763,1.02775,1.35,2.48
2012.10.29 09:26:54.731,1.02769,1.02779,1.73,2.25
2012.10.29 09:26:54.791,1.02769,1.02777,1.50,1.50
2012.10.29 09:26:54.911,1.02769,1.02781,1.73,1.50
2012.10.29 09:26:55.230,1.02769,1.02784,3.98,1.50
2012.10.29 09:26:55.351,1.02769,1.02784,3.98,1.50
2012.10.29 09:26:55.712,1.02769,1.02784,3.90,1.50
2012.10.29 09:26:56.422,1.02769,1.02784,4.73,1.50
2012.10.29 09:26:56.481,1.02769,1.02784,4.73,1.50
2012.10.29 09:26:56.785,1.02769,1.02784,4.73,1.50
2012.10.29 09:26:57.250,1.02769,1.02783,5.25,1.50
2012.10.29 09:26:58.141,1.02768,1.02782,2.25,1.50
2012.10.29 09:26:58.202,1.02767,1.02782,2.85,1.73
2012.10.29 09:26:58.623,1.02767,1.02781,2.85,1.73
2012.10.29 09:26:59.180,1.02767,1.02781,2.48,1.73
2012.10.29 09:27:00.581,1.02767,1.02781,2.48,1.73
2012.10.29 09:27:00.822,1.02771,1.02781,1.73,1.73
2012.10.29 09:27:01.000,1.02769,1.02785,6.23,3.23
2012.10.29 09:27:01.061,1.02772,1.02785,1.73,2.48
2012.10.29 09:27:01.370,1.02772,1.02787,2.48,1.73
2012.10.29 09:27:01.900,1.02774,1.02788,1.73,5.48
2012.10.29 09:27:02.261,1.02775,1.0279,1.73,3.23
2012.10.29 09:27:02.380,1.02776,1.0279,4.73,2.48
2012.10.29 09:27:11.372,1.02776,1.02792,3.23,3.23
2012.10.29 09:27:11.906,1.02777,1.02792,2.48,1.73
2012.10.29 09:27:12.432,1.0278,1.02792,1.73,1.73
2012.10.29 09:27:12.492,1.0278,1.02793,1.73,1.50
2012.10.29 09:27:12.553,1.02784,1.02795,2.48,2.63
2012.10.29 09:27:12.852,1.02786,1.02797,1.73,1.50
2012.10.29 09:27:13.761,1.02784,1.02797,2.48,1.50
2012.10.29 09:27:14.622,1.02785,1.02798,1.73,1.73
2012.10.29 09:27:14.951,1.02785,1.02797,1.73,1.50
2012.10.29 09:27:19.351,1.02785,1.02797,1.73,1.50
2012.10.29 09:27:19.610,1.02784,1.02797,3.60,1.50
2012.10.29 09:27:20.210,1.02785,1.02798,1.73,2.48
2012.10.29 09:27:24.510,1.02785,1.02798,1.73,3.23
2012.10.29 09:27:32.744,1.02783,1.02797,1.73,1.73
2012.10.29 09:27:32.861,1.02783,1.02796,1.73,1.73
2012.10.29 09:27:33.404,1.02783,1.02794,1.73,1.50
2012.10.29 09:27:33.463,1.02782,1.02792,1.35,3.75
2012.10.29 09:27:33.822,1.02776,1.02786,1.35,1.50
2012.10.29 09:27:34.182,1.02774,1.02785,2.48,1.73
2012.10.29 09:27:34.540,1.0277,1.02785,4.73,1.73
2012.10.29 09:27:34.842,1.0277,1.02784,3.23,1.73
2012.10.29 09:27:35.381,1.0277,1.02782,1.73,1.73
2012.10.29 09:27:35.722,1.02769,1.02782,2.48,1.73
2012.10.29 09:27:35.961,1.0277,1.02785,1.73,4.73
2012.10.29 09:27:37.081,1.02773,1.02785,3.75,1.73
2012.10.29 09:27:37.440,1.02776,1.02787,4.73,1.73
2012.10.29 09:27:37.991,1.02778,1.02787,1.73,1.50
2012.10.29 09:27:38.113,1.02778,1.02787,1.73,1.50
2012.10.29 09:27:40.091,1.02778,1.02787,1.73,1.50
2012.10.29 09:27:41.121,1.02778,1.02787,1.73,1.50
2012.10.29 09:27:41.678,1.02778,1.02788,1.73,1.50
2012.10.29 09:27:43.600,1.02775,1.02787,4.73,1.73
2012.10.29 09:27:44.082,1.02772,1.02786,2.48,4.50
2012.10.29 09:27:44.441,1.02771,1.02785,3.83,1.50
2012.10.29 09:27:44.621,1.02772,1.02786,1.73,4.50
2012.10.29 09:27:44.741,1.02771,1.02784,2.25,1.50
2012.10.29 09:27:45.729,1.02771,1.02786,2.48,4.73
2012.10.29 09:27:46.850,1.02773,1.02788,4.73,3.23
2012.10.29 09:27:46.919,1.02773,1.02788,4.73,1.50
2012.10.29 09:27:47.734,1.02774,1.02788,1.73,1.50
2012.10.29 09:27:51.700,1.02774,1.02785,1.73,3.75
2012.10.29 09:27:51.761,1.02773,1.02785,1.35,3.75
2012.10.29 09:27:52.321,1.0277,1.02784,1.35,4.50
2012.10.29 09:27:52.561,1.02769,1.02784,1.73,1.50
2012.10.29 09:27:53.241,1.02769,1.02784,1.73,1.50
2012.10.29 09:27:54.663,1.02771,1.02785,2.48,1.73
2012.10.29 09:27:55.102,1.02769,1.02784,2.10,2.48
2012.10.29 09:27:55.771,1.02772,1.02784,1.73,1.73
2012.10.29 09:27:58.304,1.02768,1.02782,3.23,1.50
2012.10.29 09:27:58.422,1.02767,1.0278,2.85,3.00
2012.10.29 09:27:58.661,1.02765,1.02778,1.73,1.50
2012.10.29 09:27:58.781,1.02764,1.02778,1.73,1.73
2012.10.29 09:27:59.509,1.02764,1.02778,1.73,1.73
2012.10.29 09:28:00.392,1.02763,1.02778,3.98,1.73
2012.10.29 09:28:01.241,1.02764,1.02779,3.23,2.85
2012.10.29 09:28:03.282,1.02766,1.0278,1.73,1.73
2012.10.29 09:28:03.524,1.02767,1.02779,2.48,1.50
2012.10.29 09:28:03.831,1.02765,1.02779,4.73,1.50
2012.10.29 09:28:03.892,1.02765,1.02779,4.73,1.50
2012.10.29 09:28:04.961,1.02766,1.02779,2.48,1.50
2012.10.29 09:28:05.022,1.02766,1.02779,1.73,1.50
2012.10.29 09:28:05.141,1.02766,1.02776,1.50,1.73
2012.10.29 09:28:05.672,1.02762,1.02776,1.73,2.48
2012.10.29 09:28:07.582,1.02763,1.02777,3.23,1.73
2012.10.29 09:28:08.093,1.02763,1.02778,3.23,2.48
2012.10.29 09:28:09.933,1.02763,1.02777,2.48,1.73
2012.10.29 09:28:12.051,1.02762,1.02777,4.73,1.73
2012.10.29 09:28:12.492,1.02761,1.02775,3.60,4.50
2012.10.29 09:28:12.678,1.02759,1.02772,1.73,3.75
2012.10.29 09:28:12.802,1.02756,1.02771,7.58,2.48
2012.10.29 09:28:12.861,1.02756,1.02768,6.08,4.73
2012.10.29 09:28:13.042,1.02756,1.02767,4.35,1.73
2012.10.29 09:28:13.581,1.02751,1.02765,3.60,1.73
2012.10.29 09:28:16.122,1.02751,1.02765,3.60,1.73
2012.10.29 09:28:17.606,1.02751,1.02765,3.60,1.73
2012.10.29 09:28:18.461,1.02755,1.02768,1.50,1.73
2012.10.29 09:28:18.522,1.02755,1.02768,1.73,1.73
2012.10.29 09:28:19.786,1.02752,1.02765,2.48,1.13
2012.10.29 09:28:19.971,1.02751,1.02765,1.73,2.85
2012.10.29 09:28:20.271,1.02751,1.02765,1.73,3.23
2012.10.29 09:28:22.300,1.0275,1.02763,2.10,5.85
2012.10.29 09:28:22.601,1.0275,1.02765,2.85,2.48
2012.10.29 09:28:23.141,1.02751,1.02765,1.73,1.73
2012.10.29 09:28:27.411,1.02751,1.02765,1.73,1.50
2012.10.29 09:28:27.591,1.02754,1.02768,3.23,3.23
2012.10.29 09:28:27.711,1.0276,1.0277,3.98,1.50
2012.10.29 09:28:27.771,1.0276,1.02771,3.98,2.25
2012.10.29 09:28:27.952,1.02758,1.02771,2.48,1.73
2012.10.29 09:28:28.252,1.02758,1.02772,3.23,1.73
2012.10.29 09:28:29.741,1.02758,1.02772,1.73,3.00
2012.10.29 09:28:30.051,1.02758,1.02772,1.73,3.00
2012.10.29 09:28:30.381,1.02758,1.02772,1.73,3.00
2012.10.29 09:28:30.923,1.02758,1.02772,1.73,3.23
2012.10.29 09:28:31.471,1.02757,1.02772,2.48,3.00
2012.10.29 09:28:31.905,1.02757,1.02769,1.73,1.73
2012.10.29 09:28:32.031,1.02757,1.02769,1.73,1.73
2012.10.29 09:28:37.413,1.02754,1.0277,5.48,4.73
2012.10.29 09:28:39.220,1.02755,1.0277,1.73,5.10
2012.10.29 09:28:43.840,1.02756,1.0277,1.73,3.23
2012.10.29 09:28:44.142,1.02756,1.02771,4.73,3.60
2012.10.29 09:28:48.971,1.02758,1.02771,5.48,1.13
2012.10.29 09:28:49.091,1.0276,1.02773,1.73,6.23
2012.10.29 09:28:55.563,1.02758,1.02772,5.48,1.73
2012.10.29 09:29:00.332,1.02758,1.02772,3.98,3.23
2012.10.29 09:29:00.632,1.02755,1.02767,1.73,1.35
2012.10.29 09:29:01.170,1.02754,1.02769,5.48,2.63
2012.10.29 09:29:05.924,1.02754,1.02769,5.48,2.85
2012.10.29 09:29:06.700,1.02754,1.02769,5.48,2.48
2012.10.29 09:29:07.781,1.02754,1.02768,1.73,1.73
2012.10.29 09:29:12.872,1.02752,1.02766,4.73,2.48
2012.10.29 09:29:16.241,1.02751,1.02765,2.48,5.85
2012.10.29 09:29:16.709,1.02753,1.02765,4.73,1.35
2012.10.29 09:29:16.772,1.02753,1.02767,4.73,2.48
2012.10.29 09:29:22.612,1.02752,1.02766,3.98,1.73
2012.10.29 09:29:24.872,1.02752,1.02766,1.73,2.10
2012.10.29 09:29:25.332,1.02752,1.02764,1.73,2.10
2012.10.29 09:29:25.860,1.02751,1.02764,1.73,2.85
2012.10.29 09:29:26.243,1.02752,1.02766,1.73,1.73
2012.10.29 09:29:26.363,1.02751,1.02764,1.73,1.73
2012.10.29 09:29:28.461,1.02748,1.02764,7.35,1.73
2012.10.29 09:29:28.702,1.02751,1.02765,3.98,1.73
2012.10.29 09:29:33.092,1.02751,1.02765,3.98,2.85
2012.10.29 09:29:33.751,1.02751,1.02765,3.98,4.35
2012.10.29 09:29:33.811,1.02751,1.02765,3.98,5.85
2012.10.29 09:29:36.651,1.02749,1.02763,2.48,1.13
2012.10.29 09:29:38.430,1.02749,1.02764,3.98,1.73
2012.10.29 09:29:38.551,1.0275,1.02764,1.73,1.50
2012.10.29 09:29:38.862,1.02756,1.02769,1.50,2.10
2012.10.29 09:29:38.921,1.02756,1.02769,1.73,1.35
2012.10.29 09:29:38.981,1.02756,1.02769,1.73,1.35
2012.10.29 09:29:39.042,1.02756,1.02769,1.73,1.35
2012.10.29 09:29:39.604,1.02756,1.02771,1.73,5.85
2012.10.29 09:29:40.752,1.02757,1.02769,2.48,1.73
2012.10.29 09:29:42.641,1.02757,1.02766,2.48,1.13
2012.10.29 09:29:43.002,1.02742,1.02751,1.73,6.00
2012.10.29 09:29:43.121,1.02743,1.02749,1.50,3.00
2012.10.29 09:29:43.181,1.02743,1.02749,1.50,3.00
2012.10.29 09:29:43.241,1.02735,1.0275,3.23,5.10
2012.10.29 09:29:43.422,1.02735,1.02749,3.23,2.25
2012.10.29 09:29:43.542,1.02735,1.02749,2.48,2.48
2012.10.29 09:29:44.162,1.02735,1.02749,3.23,2.48
2012.10.29 09:29:44.402,1.02738,1.02749,1.73,1.73
2012.10.29 09:29:44.931,1.02739,1.02751,1.50,2.48
2012.10.29 09:29:46.783,1.02737,1.02752,3.98,3.23
2012.10.29 09:29:47.349,1.02736,1.02748,2.48,1.73
2012.10.29 09:29:47.871,1.02737,1.02751,4.73,2.10
2012.10.29 09:29:49.002,1.02736,1.02751,4.35,1.35
2012.10.29 09:29:49.622,1.02736,1.0275,2.85,2.48
2012.10.29 09:29:49.681,1.02736,1.0275,1.35,3.23
2012.10.29 09:29:49.983,1.02732,1.02747,6.23,1.73
2012.10.29 09:29:50.402,1.02733,1.02745,1.73,1.13
2012.10.29 09:29:50.701,1.02734,1.02747,7.73,1.13
2012.10.29 09:29:50.941,1.02737,1.02747,1.50,4.35
2012.10.29 09:29:51.001,1.02734,1.02746,2.48,1.73
2012.10.29 09:29:51.182,1.02732,1.02747,3.23,2.48
2012.10.29 09:29:51.848,1.02734,1.02748,1.73,2.85
2012.10.29 09:29:52.391,1.02736,1.0275,3.23,2.33
2012.10.29 09:29:53.352,1.02738,1.02752,1.73,2.48
2012.10.29 09:29:53.653,1.02741,1.02755,2.48,1.73
2012.10.29 09:29:56.042,1.02741,1.02757,2.85,5.10
2012.10.29 09:29:56.281,1.02745,1.02757,1.73,1.73
2012.10.29 09:29:58.644,1.02745,1.0276,2.10,2.85
2012.10.29 09:29:59.181,1.02745,1.0276,2.10,2.85
2012.10.29 09:29:59.505,1.02745,1.0276,2.10,1.13
2012.10.29 09:29:59.644,1.0275,1.02763,1.73,2.33
2012.10.29 09:29:59.702,1.0275,1.02763,1.73,1.35
2012.10.29 09:30:00.242,1.0275,1.02766,2.48,3.23
2012.10.29 09:30:00.741,1.02753,1.02767,1.73,4.73
2012.10.29 09:30:01.281,1.02754,1.02767,1.73,1.73
2012.10.29 09:30:04.331,1.02754,1.02767,2.10,2.10
2012.10.29 09:30:04.633,1.02753,1.02761,1.73,2.63
2012.10.29 09:30:04.751,1.02746,1.0276,2.48,2.25
2012.10.29 09:30:08.721,1.02746,1.0276,1.35,1.50
2012.10.29 09:30:08.781,1.02746,1.0276,1.13,1.50
2012.10.29 09:30:09.021,1.02743,1.02757,2.48,1.73
2012.10.29 09:30:09.201,1.02742,1.02756,2.10,2.85
2012.10.29 09:30:09.324,1.0274,1.0275,2.48,1.50
2012.10.29 09:30:09.441,1.02738,1.02751,1.35,3.38
2012.10.29 09:30:10.401,1.02736,1.02749,2.48,1.50
2012.10.29 09:30:17.171,1.02735,1.02749,2.48,1.50
2012.10.29 09:30:17.651,1.02735,1.02749,1.73,3.00
2012.10.29 09:30:17.711,1.02734,1.02748,1.35,1.50
2012.10.29 09:30:17.891,1.02733,1.02746,2.10,2.48
2012.10.29 09:30:19.702,1.02733,1.02746,1.73,2.48
2012.10.29 09:30:22.323,1.02733,1.02747,2.48,2.48
2012.10.29 09:30:22.870,1.02733,1.02747,1.73,3.98
2012.10.29 09:30:23.691,1.02733,1.02746,1.73,1.73
2012.10.29 09:30:30.521,1.02733,1.02744,1.73,2.25
2012.10.29 09:30:31.523,1.02733,1.02746,1.73,1.73
2012.10.29 09:30:31.852,1.02733,1.02747,2.48,4.73
2012.10.29 09:30:37.282,1.02731,1.02744,3.23,1.50
2012.10.29 09:30:37.582,1.0273,1.02743,2.48,1.73
2012.10.29 09:30:39.971,1.02734,1.02746,2.25,1.35
2012.10.29 09:30:40.032,1.02734,1.02746,2.25,1.35
2012.10.29 09:30:40.151,1.02738,1.02751,1.73,2.10
2012.10.29 09:30:41.192,1.02739,1.02751,1.50,1.73
2012.10.29 09:30:46.071,1.02738,1.02752,2.10,4.73
2012.10.29 09:30:47.131,1.02738,1.02752,2.10,4.73
2012.10.29 09:30:49.121,1.02739,1.02753,2.10,1.73
2012.10.29 09:30:49.679,1.02739,1.02752,2.10,2.25
2012.10.29 09:30:52.462,1.02738,1.02752,5.85,3.00
2012.10.29 09:30:55.341,1.02739,1.02753,1.73,1.73
2012.10.29 09:30:55.911,1.02739,1.02754,1.73,2.48
2012.10.29 09:30:57.631,1.02738,1.02751,3.98,1.50
2012.10.29 09:31:05.511,1.02738,1.02753,2.48,5.10
2012.10.29 09:31:07.562,1.02736,1.0275,2.48,2.85
2012.10.29 09:31:07.863,1.02736,1.02745,1.50,1.13
2012.10.29 09:31:07.925,1.02736,1.02744,1.50,1.50
2012.10.29 09:31:08.232,1.02728,1.02742,6.23,3.00
2012.10.29 09:31:08.763,1.02728,1.02742,6.23,2.48
2012.10.29 09:31:09.591,1.02728,1.02742,5.48,2.48
2012.10.29 09:31:11.291,1.02729,1.02744,1.73,3.23
2012.10.29 09:31:11.352,1.02729,1.02744,2.48,1.50
2012.10.29 09:31:11.918,1.02732,1.02746,2.48,3.98
2012.10.29 09:31:12.401,1.02732,1.02748,2.48,4.73
2012.10.29 09:31:18.141,1.02731,1.02745,3.98,1.73
2012.10.29 09:31:18.503,1.02728,1.02743,6.23,1.50
2012.10.29 09:31:20.141,1.02727,1.02742,5.48,2.48
2012.10.29 09:31:22.058,1.02726,1.02739,3.98,1.50
2012.10.29 09:31:23.001,1.02724,1.02739,4.35,1.73
2012.10.29 09:31:23.121,1.02722,1.02738,3.23,3.23
2012.10.29 09:31:24.991,1.02724,1.02738,3.23,1.50
2012.10.29 09:31:34.271,1.02725,1.02739,1.73,1.73
2012.10.29 09:31:34.821,1.02728,1.02739,1.73,1.50
2012.10.29 09:31:35.872,1.02729,1.02743,2.48,2.33
2012.10.29 09:31:35.932,1.0273,1.02744,3.23,1.50
2012.10.29 09:31:36.471,1.02733,1.02747,2.48,6.00
2012.10.29 09:31:39.336,1.02733,1.02748,3.23,2.48
2012.10.29 09:31:45.141,1.02733,1.02747,2.10,2.48
2012.10.29 09:31:45.381,1.02731,1.02746,2.48,2.48
2012.10.29 09:31:56.346,1.0273,1.02743,2.48,3.75
2012.10.29 09:31:56.471,1.02731,1.02742,1.50,2.48
2012.10.29 09:31:56.591,1.02731,1.02744,2.48,1.50
2012.10.29 09:31:57.109,1.02731,1.02745,1.73,2.10
2012.10.29 09:31:58.881,1.02731,1.02744,1.73,2.25
2012.10.29 09:32:00.202,1.02731,1.02745,1.73,4.73
2012.10.29 09:32:00.632,1.0273,1.02745,1.73,4.73
2012.10.29 09:32:01.181,1.02728,1.02742,1.35,3.98
2012.10.29 09:32:03.018,1.02727,1.0274,1.35,1.50
2012.10.29 09:32:03.088,1.02726,1.0274,3.23,1.73
2012.10.29 09:32:03.600,1.02726,1.02739,1.73,1.50
2012.10.29 09:32:04.101,1.02725,1.02739,2.48,1.73
2012.10.29 09:32:04.162,1.02725,1.02738,1.73,2.48
2012.10.29 09:32:04.522,1.02723,1.02738,2.48,5.48
2012.10.29 09:32:08.592,1.02723,1.02736,2.85,1.73
2012.10.29 09:32:08.657,1.02723,1.02736,2.85,1.73
2012.10.29 09:32:12.091,1.02724,1.02736,1.73,1.73
2012.10.29 09:32:12.521,1.02726,1.02737,1.50,3.98
2012.10.29 09:32:12.652,1.02725,1.02737,1.50,3.98
2012.10.29 09:32:12.714,1.02725,1.02738,2.10,2.48
2012.10.29 09:32:12.896,1.02726,1.0274,1.73,1.73
2012.10.29 09:32:17.381,1.02729,1.02741,1.73,1.73
2012.10.29 09:32:17.682,1.02728,1.02741,3.23,1.73
2012.10.29 09:32:23.991,1.02727,1.02739,1.35,1.95
2012.10.29 09:32:24.113,1.02725,1.02739,1.73,3.45
2012.10.29 09:32:26.149,1.02724,1.02736,4.73,2.25
2012.10.29 09:32:27.901,1.02724,1.02736,4.73,2.25
2012.10.29 09:32:29.110,1.02724,1.02738,4.73,3.23
2012.10.29 09:32:30.813,1.02725,1.02738,3.98,2.48
2012.10.29 09:32:31.373,1.02725,1.02738,3.98,3.23
2012.10.29 09:32:32.751,1.02725,1.02738,3.98,3.23
2012.10.29 09:32:33.151,1.02725,1.02738,3.98,3.23
2012.10.29 09:32:33.691,1.02725,1.02736,3.98,2.25
2012.10.29 09:32:36.049,1.02725,1.02738,3.98,2.48
2012.10.29 09:32:36.583,1.02726,1.02738,1.73,1.73
2012.10.29 09:32:36.766,1.02727,1.02738,4.73,1.50
2012.10.29 09:32:37.152,1.02728,1.0274,1.73,2.48
2012.10.29 09:32:37.332,1.02729,1.02741,3.98,1.50
2012.10.29 09:32:37.511,1.02731,1.02745,4.73,5.10
2012.10.29 09:32:38.631,1.02731,1.02745,4.73,4.73
2012.10.29 09:32:39.682,1.02731,1.02745,4.73,4.73
2012.10.29 09:32:47.181,1.02731,1.02744,2.10,1.50
2012.10.29 09:32:48.881,1.02731,1.02744,1.73,1.50
2012.10.29 09:32:51.443,1.02731,1.02744,1.73,1.50
2012.10.29 09:32:51.944,1.02731,1.02744,1.73,1.50
2012.10.29 09:32:53.011,1.02731,1.02744,2.48,1.50
2012.10.29 09:33:02.281,1.02731,1.02745,1.73,2.48
2012.10.29 09:33:03.903,1.02732,1.02745,3.98,2.48
2012.10.29 09:33:05.622,1.02732,1.02745,3.98,2.48
2012.10.29 09:33:23.481,1.02733,1.02745,3.98,2.25
2012.10.29 09:33:24.031,1.02733,1.02745,3.98,1.50
2012.10.29 09:33:24.561,1.02733,1.02745,3.98,1.50
2012.10.29 09:33:25.081,1.02733,1.02744,3.98,1.50
2012.10.29 09:33:28.590,1.02737,1.02748,3.75,1.73
2012.10.29 09:33:28.773,1.02737,1.02748,5.48,1.50
2012.10.29 09:33:28.832,1.02737,1.02748,5.48,1.50
2012.10.29 09:33:29.022,1.02737,1.0275,5.48,2.48
2012.10.29 09:33:33.342,1.02737,1.0275,4.73,1.73
2012.10.29 09:33:33.571,1.02737,1.0275,3.98,1.73
2012.10.29 09:33:34.113,1.0274,1.02752,1.73,3.23
2012.10.29 09:33:35.902,1.02739,1.02752,1.73,1.73
2012.10.29 09:33:35.962,1.02742,1.02753,3.75,1.73
2012.10.29 09:33:36.082,1.02745,1.02757,4.73,1.58
2012.10.29 09:33:36.142,1.02745,1.02758,4.73,1.50
2012.10.29 09:33:36.443,1.02755,1.02763,3.75,1.73
2012.10.29 09:33:36.562,1.02758,1.02766,1.73,1.35
2012.10.29 09:33:37.103,1.02757,1.0277,1.73,6.83
2012.10.29 09:33:40.653,1.02757,1.0277,1.73,5.25
2012.10.29 09:33:40.832,1.02765,1.02773,4.50,2.48
2012.10.29 09:33:40.951,1.02769,1.02777,3.75,1.50
2012.10.29 09:33:41.134,1.02773,1.02777,1.50,1.50
2012.10.29 09:33:41.733,1.02767,1.02779,3.98,3.00
2012.10.29 09:33:42.292,1.02765,1.02779,2.48,4.35
2012.10.29 09:33:42.811,1.02762,1.02777,2.10,3.23
2012.10.29 09:33:42.871,1.02762,1.02777,2.10,3.23
2012.10.29 09:33:43.823,1.02761,1.02775,4.73,2.48
2012.10.29 09:33:44.340,1.02758,1.0277,1.73,2.48
2012.10.29 09:33:44.412,1.02757,1.0277,1.73,3.23
2012.10.29 09:33:45.611,1.02757,1.02769,1.73,2.48
2012.10.29 09:33:47.032,1.02757,1.02769,1.73,1.13
2012.10.29 09:33:47.152,1.02759,1.02769,3.98,1.35
2012.10.29 09:33:49.367,1.02757,1.02769,5.48,1.73
2012.10.29 09:33:50.751,1.02757,1.02769,2.48,1.35
2012.10.29 09:33:52.853,1.02759,1.02771,1.73,1.35
2012.10.29 09:33:53.212,1.02762,1.02773,1.73,1.73
2012.10.29 09:33:53.392,1.02762,1.02775,1.73,1.35
2012.10.29 09:33:53.903,1.02762,1.02777,1.73,3.23
2012.10.29 09:33:55.093,1.02764,1.02777,3.23,1.73
2012.10.29 09:33:55.153,1.02767,1.02777,1.50,1.73
2012.10.29 09:33:55.211,1.02767,1.02778,1.73,1.73
2012.10.29 09:33:55.712,1.02767,1.02779,1.73,1.73
2012.10.29 09:33:56.412,1.02769,1.02779,3.23,1.73
2012.10.29 09:33:56.892,1.02769,1.02782,2.48,1.50
2012.10.29 09:33:57.471,1.02769,1.02782,2.48,1.50
2012.10.29 09:33:58.031,1.0277,1.02782,1.73,1.50
2012.10.29 09:33:58.091,1.02772,1.02784,1.73,2.25
2012.10.29 09:33:58.333,1.02772,1.02784,3.23,1.50
2012.10.29 09:33:58.452,1.02772,1.02786,4.73,2.48
2012.10.29 09:33:58.956,1.02774,1.02786,1.73,1.73
2012.10.29 09:33:59.276,1.02774,1.02786,1.73,2.48
2012.10.29 09:33:59.781,1.02776,1.02789,1.73,2.10
2012.10.29 09:34:01.579,1.02776,1.02788,1.73,2.48
2012.10.29 09:34:02.512,1.02776,1.02788,1.73,1.73
2012.10.29 09:34:04.114,1.02778,1.02788,1.73,1.73
2012.10.29 09:34:08.434,1.02775,1.0279,2.48,3.23
2012.10.29 09:34:08.552,1.02775,1.02786,2.25,1.73
2012.10.29 09:34:09.092,1.02775,1.02786,2.25,1.73
2012.10.29 09:34:10.144,1.02774,1.02786,1.50,1.73
2012.10.29 09:34:12.474,1.02772,1.02786,2.48,1.73
2012.10.29 09:34:16.517,1.02772,1.02786,2.48,1.73
2012.10.29 09:34:17.067,1.02772,1.02787,3.23,6.23
2012.10.29 09:34:21.353,1.02772,1.02787,1.73,3.23
2012.10.29 09:34:21.865,1.02769,1.02781,1.73,1.73
2012.10.29 09:34:22.374,1.02769,1.02782,1.73,2.48
2012.10.29 09:34:22.948,1.02769,1.02782,1.73,2.48
2012.10.29 09:34:28.762,1.0277,1.02783,1.73,2.48
2012.10.29 09:34:29.926,1.02771,1.02784,1.50,2.85
2012.10.29 09:34:30.177,1.02776,1.02785,1.50,1.50
2012.10.29 09:34:30.483,1.02774,1.02787,1.73,2.48
2012.10.29 09:34:31.056,1.02774,1.02787,1.73,3.23
2012.10.29 09:34:34.944,1.02771,1.02785,3.23,1.73
2012.10.29 09:34:35.122,1.02771,1.02785,1.73,1.73
2012.10.29 09:34:35.618,1.02769,1.02782,3.23,1.73
2012.10.29 09:34:36.164,1.02769,1.02783,1.73,2.10
2012.10.29 09:34:36.711,1.02769,1.02782,3.23,1.73
2012.10.29 09:34:40.552,1.02769,1.02782,1.73,1.35
2012.10.29 09:34:40.975,1.02765,1.02779,3.98,2.48
2012.10.29 09:34:41.332,1.02765,1.02777,1.73,2.48
2012.10.29 09:34:42.821,1.02763,1.02777,2.48,3.23
2012.10.29 09:34:45.992,1.0276,1.02772,3.60,1.58
