2012.10.11 01:00:00.987,1.00305,1.0032,2.25,2.48
2012.10.11 01:00:02.016,1.00303,1.00318,3.23,2.25
2012.10.11 01:00:02.376,1.00299,1.00314,1.73,2.48
2012.10.11 01:00:02.438,1.00299,1.00314,1.73,2.48
2012.10.11 01:00:02.678,1.00299,1.00313,1.73,2.48
2012.10.11 01:00:02.985,1.003,1.00315,1.73,1.35
2012.10.11 01:00:03.770,1.003,1.00315,1.73,1.35
2012.10.11 01:00:04.996,1.00299,1.00315,1.73,3.23
2012.10.11 01:00:05.536,1.00299,1.00314,1.73,1.73
2012.10.11 01:00:06.326,1.00298,1.00314,3.23,1.73
2012.10.11 01:00:07.385,1.00298,1.00314,3.23,1.73
2012.10.11 01:00:07.906,1.00298,1.00315,2.48,3.98
2012.10.11 01:00:11.027,1.00297,1.00313,1.58,2.85
2012.10.11 01:00:11.705,1.00297,1.00313,1.58,2.85
2012.10.11 01:00:13.259,1.00295,1.00311,2.33,2.48
2012.10.11 01:00:13.897,1.00294,1.0031,3.98,1.73
2012.10.11 01:00:14.015,1.00294,1.0031,3.23,1.73
2012.10.11 01:00:15.168,1.00294,1.0031,2.48,1.73
2012.10.11 01:00:15.775,1.00295,1.00311,2.33,2.48
2012.10.11 01:00:16.330,1.00295,1.00308,1.58,2.25
2012.10.11 01:00:17.496,1.00293,1.00307,2.48,1.13
2012.10.11 01:00:17.617,1.00293,1.00303,1.73,1.13
2012.10.11 01:00:17.677,1.00293,1.00303,1.50,1.13
2012.10.11 01:00:17.797,1.00288,1.00302,1.73,2.48
2012.10.11 01:00:18.328,1.00288,1.00303,2.48,1.35
2012.10.11 01:00:21.347,1.00288,1.00303,2.48,2.10
2012.10.11 01:00:26.477,1.00287,1.00301,1.58,2.48
2012.10.11 01:00:27.028,1.00284,1.00298,2.33,1.13
2012.10.11 01:00:27.158,1.00286,1.003,1.58,2.48
2012.10.11 01:00:27.346,1.00287,1.00301,2.48,1.35
2012.10.11 01:00:29.248,1.00287,1.00302,2.48,2.85
2012.10.11 01:00:29.555,1.00285,1.00297,1.73,1.50
2012.10.11 01:00:29.739,1.00285,1.00297,1.50,1.73
2012.10.11 01:00:29.805,1.00285,1.00295,1.73,2.25
2012.10.11 01:00:29.926,1.00283,1.00295,1.73,2.48
2012.10.11 01:00:30.347,1.0028,1.00295,1.50,4.73
2012.10.11 01:00:30.887,1.00277,1.00293,3.08,1.35
2012.10.11 01:00:31.069,1.00277,1.00292,2.33,1.73
2012.10.11 01:00:31.615,1.00277,1.0029,1.73,1.73
2012.10.11 01:00:31.926,1.00276,1.00291,1.58,2.48
2012.10.11 01:00:32.227,1.00281,1.00293,2.25,1.35
2012.10.11 01:00:32.587,1.00283,1.00296,2.48,1.35
2012.10.11 01:00:34.166,1.00281,1.00296,2.48,2.10
2012.10.11 01:00:34.646,1.00283,1.00297,2.48,2.10
2012.10.11 01:00:34.766,1.00281,1.00295,3.08,1.35
2012.10.11 01:00:35.067,1.00281,1.00295,1.50,2.85
2012.10.11 01:00:35.126,1.00277,1.00293,2.10,2.10
2012.10.11 01:00:35.692,1.00277,1.00292,2.85,2.10
2012.10.11 01:00:36.265,1.00275,1.00288,2.48,1.35
2012.10.11 01:00:38.480,1.00274,1.00287,3.23,1.50
2012.10.11 01:00:38.726,1.0027,1.00285,1.35,1.73
2012.10.11 01:00:38.847,1.00269,1.00283,1.73,2.48
2012.10.11 01:00:38.907,1.00269,1.00281,1.50,1.35
2012.10.11 01:00:40.028,1.00272,1.00281,1.50,1.35
2012.10.11 01:00:40.085,1.00269,1.00281,2.25,1.35
2012.10.11 01:00:40.656,1.00269,1.00285,3.00,2.10
2012.10.11 01:00:41.198,1.00269,1.00282,2.25,1.35
2012.10.11 01:00:42.569,1.00267,1.00282,2.25,1.35
2012.10.11 01:00:44.096,1.00266,1.00281,1.58,2.48
2012.10.11 01:00:44.156,1.00266,1.00281,1.58,2.48
2012.10.11 01:00:44.696,1.00267,1.00282,2.25,2.85
2012.10.11 01:00:47.455,1.00267,1.00282,2.25,3.23
2012.10.11 01:00:47.956,1.0027,1.00284,2.25,1.35
2012.10.11 01:00:48.137,1.00272,1.00284,1.73,1.35
2012.10.11 01:00:48.598,1.00271,1.00284,3.08,1.35
2012.10.11 01:00:49.917,1.00271,1.00283,1.50,1.35
2012.10.11 01:00:50.470,1.0027,1.00283,1.50,1.35
2012.10.11 01:00:52.856,1.00267,1.00281,2.48,1.35
2012.10.11 01:00:53.338,1.00263,1.00277,1.50,1.58
2012.10.11 01:00:53.516,1.0026,1.00275,2.25,1.35
2012.10.11 01:00:54.027,1.00262,1.00277,1.50,1.58
2012.10.11 01:00:54.425,1.00265,1.00277,1.50,1.58
2012.10.11 01:00:54.990,1.00265,1.0028,1.73,2.48
2012.10.11 01:00:55.733,1.00265,1.0028,1.50,2.48
2012.10.11 01:00:56.785,1.00261,1.00275,3.23,1.73
2012.10.11 01:00:56.864,1.00261,1.00275,2.48,1.73
2012.10.11 01:00:57.165,1.00257,1.00273,2.10,3.23
2012.10.11 01:00:57.976,1.00257,1.00273,1.35,2.48
2012.10.11 01:00:58.516,1.0026,1.00275,1.73,2.48
2012.10.11 01:00:59.495,1.0026,1.00275,1.73,2.48
2012.10.11 01:01:00.085,1.00259,1.00275,1.73,3.98
2012.10.11 01:01:00.646,1.00262,1.00275,1.73,1.73
2012.10.11 01:01:01.207,1.00262,1.00276,2.48,1.73
2012.10.11 01:01:01.327,1.00264,1.00277,1.50,1.73
2012.10.11 01:01:02.668,1.00264,1.00279,2.63,1.73
2012.10.11 01:01:03.595,1.00264,1.00279,2.25,2.48
2012.10.11 01:01:04.827,1.00264,1.00279,2.25,1.73
2012.10.11 01:01:05.186,1.0026,1.00274,2.10,3.23
2012.10.11 01:01:05.861,1.00256,1.00272,2.10,1.73
2012.10.11 01:01:06.816,1.00256,1.0027,1.35,1.35
2012.10.11 01:01:07.205,1.00256,1.0027,1.35,1.35
2012.10.11 01:01:09.065,1.00255,1.00271,1.95,1.73
2012.10.11 01:01:09.256,1.00257,1.00272,1.35,1.35
2012.10.11 01:01:09.826,1.00255,1.00271,1.20,1.73
2012.10.11 01:01:10.899,1.00255,1.00271,1.95,1.73
2012.10.11 01:01:11.269,1.00257,1.00272,1.35,2.48
2012.10.11 01:01:11.335,1.00255,1.00271,1.95,1.73
2012.10.11 01:01:11.665,1.00255,1.00271,1.95,1.73
2012.10.11 01:01:12.087,1.00255,1.00271,1.95,1.73
2012.10.11 01:01:12.576,1.00254,1.0027,1.35,1.73
2012.10.11 01:01:13.125,1.00254,1.00271,2.85,1.73
2012.10.11 01:01:13.306,1.00255,1.00271,1.35,1.73
2012.10.11 01:01:13.546,1.00254,1.00272,2.85,3.23
2012.10.11 01:01:13.666,1.00255,1.00272,1.35,3.23
2012.10.11 01:01:14.737,1.00257,1.0027,1.13,1.35
2012.10.11 01:01:14.857,1.00256,1.0027,2.85,1.35
2012.10.11 01:01:15.546,1.00255,1.0027,2.70,2.48
2012.10.11 01:01:16.305,1.00257,1.0027,1.35,1.73
2012.10.11 01:01:17.979,1.00256,1.00271,1.35,1.73
2012.10.11 01:01:18.485,1.00256,1.00272,1.35,1.73
2012.10.11 01:01:20.775,1.00255,1.00271,3.08,1.35
2012.10.11 01:01:20.896,1.00255,1.00268,1.73,1.58
2012.10.11 01:01:21.445,1.00256,1.0027,1.35,1.73
2012.10.11 01:01:23.685,1.00257,1.00271,1.35,1.73
2012.10.11 01:01:24.460,1.00253,1.00268,2.85,1.35
2012.10.11 01:01:26.486,1.00253,1.00267,2.85,2.48
2012.10.11 01:01:30.175,1.00253,1.00266,2.85,1.73
2012.10.11 01:01:33.704,1.00253,1.00267,2.48,1.35
2012.10.11 01:01:34.306,1.00253,1.00267,2.48,1.35
2012.10.11 01:01:35.436,1.00253,1.00267,2.48,1.35
2012.10.11 01:01:35.739,1.00254,1.00267,2.48,1.35
2012.10.11 01:01:35.866,1.00254,1.00269,2.10,1.35
2012.10.11 01:01:35.986,1.00255,1.00269,1.35,1.13
2012.10.11 01:01:40.216,1.00255,1.00272,1.35,2.48
2012.10.11 01:01:40.555,1.00255,1.00271,1.35,1.73
2012.10.11 01:01:41.150,1.00255,1.00273,2.10,3.98
2012.10.11 01:01:43.957,1.00255,1.00271,2.10,2.48
2012.10.11 01:01:44.355,1.00255,1.00271,2.10,1.73
2012.10.11 01:01:49.347,1.00255,1.00272,1.73,1.35
2012.10.11 01:01:49.846,1.00254,1.00271,1.58,2.48
2012.10.11 01:01:51.216,1.00254,1.00271,1.58,1.73
2012.10.11 01:01:51.711,1.00254,1.00271,1.58,3.23
2012.10.11 01:01:51.836,1.00254,1.00271,1.58,3.23
2012.10.11 01:01:52.621,1.00251,1.00267,1.73,1.35
2012.10.11 01:01:52.747,1.0025,1.00267,2.33,1.35
2012.10.11 01:01:55.053,1.00248,1.00266,4.20,1.73
2012.10.11 01:01:55.258,1.00248,1.00263,1.20,2.48
2012.10.11 01:01:55.327,1.00247,1.00263,1.58,2.48
2012.10.11 01:02:11.116,1.00246,1.00262,2.48,1.73
2012.10.11 01:02:13.527,1.00247,1.0026,1.35,1.73
2012.10.11 01:02:14.155,1.00247,1.00262,1.13,2.48
2012.10.11 01:02:15.595,1.00247,1.00259,1.13,1.73
2012.10.11 01:02:15.717,1.00247,1.00259,1.13,1.73
2012.10.11 01:02:16.205,1.00246,1.00259,1.13,1.73
2012.10.11 01:02:17.236,1.00247,1.00259,1.13,1.73
2012.10.11 01:02:17.796,1.00247,1.00259,1.13,1.73
2012.10.11 01:02:18.825,1.00248,1.0026,1.13,1.35
2012.10.11 01:02:19.336,1.00248,1.00261,1.13,2.48
2012.10.11 01:02:19.847,1.00248,1.0026,1.13,1.35
2012.10.11 01:02:29.627,1.00244,1.00259,1.35,1.73
2012.10.11 01:02:31.616,1.00244,1.00256,1.35,1.50
2012.10.11 01:02:31.678,1.00244,1.00256,1.13,1.73
2012.10.11 01:02:32.237,1.00238,1.00256,3.98,1.65
2012.10.11 01:02:32.775,1.00238,1.00254,2.48,1.73
2012.10.11 01:02:33.277,1.00238,1.00254,2.25,1.73
2012.10.11 01:02:33.836,1.00238,1.00252,1.50,1.73
2012.10.11 01:02:34.195,1.00237,1.00252,1.13,2.85
2012.10.11 01:02:34.765,1.00234,1.00251,1.73,1.35
2012.10.11 01:02:35.476,1.00234,1.00251,1.73,1.35
2012.10.11 01:02:36.216,1.00235,1.0025,1.73,1.35
2012.10.11 01:02:37.106,1.00226,1.00244,1.50,2.48
2012.10.11 01:02:37.449,1.00226,1.00241,1.50,1.58
2012.10.11 01:02:37.816,1.00223,1.0024,1.73,2.78
2012.10.11 01:02:38.117,1.00223,1.00242,1.73,1.65
2012.10.11 01:02:38.298,1.00225,1.00244,2.48,2.37
2012.10.11 01:02:38.416,1.00225,1.00243,2.48,1.28
2012.10.11 01:02:38.966,1.00225,1.00243,2.48,1.35
2012.10.11 01:02:39.658,1.00228,1.00244,1.73,1.35
2012.10.11 01:02:40.207,1.00225,1.00244,2.48,1.35
2012.10.11 01:02:40.327,1.00224,1.00243,1.73,1.95
2012.10.11 01:02:40.688,1.00223,1.00237,1.50,1.35
2012.10.11 01:02:40.761,1.00221,1.00237,1.50,2.10
2012.10.11 01:02:40.892,1.0022,1.00233,1.73,1.20
2012.10.11 01:02:41.446,1.00215,1.00233,1.35,1.35
2012.10.11 01:02:41.867,1.00216,1.00234,3.23,1.73
2012.10.11 01:02:42.406,1.00217,1.00234,2.48,1.73
2012.10.11 01:02:42.768,1.00217,1.00234,2.48,1.73
2012.10.11 01:02:42.889,1.00222,1.00238,1.35,3.08
2012.10.11 01:02:42.960,1.00226,1.0024,2.25,2.82
2012.10.11 01:02:43.266,1.00227,1.00244,2.25,1.73
2012.10.11 01:02:43.958,1.00228,1.00244,1.73,1.35
2012.10.11 01:02:44.687,1.00226,1.00244,3.23,1.35
2012.10.11 01:02:44.807,1.00227,1.00244,1.73,1.35
2012.10.11 01:02:45.727,1.00226,1.00244,2.48,1.35
2012.10.11 01:02:45.847,1.00226,1.00244,1.50,1.95
2012.10.11 01:02:47.557,1.00226,1.00243,1.13,1.73
2012.10.11 01:02:48.076,1.00226,1.00243,1.13,1.73
2012.10.11 01:02:48.390,1.00228,1.00244,1.13,3.23
2012.10.11 01:02:48.836,1.00223,1.00243,2.48,2.48
2012.10.11 01:02:49.016,1.00223,1.00239,1.73,1.73
2012.10.11 01:02:49.198,1.00223,1.00239,1.73,2.33
2012.10.11 01:02:49.507,1.00219,1.00236,1.73,1.35
2012.10.11 01:02:49.748,1.00223,1.00236,1.50,1.35
2012.10.11 01:02:50.226,1.00223,1.00239,1.50,1.58
2012.10.11 01:02:50.766,1.00221,1.00238,1.73,2.48
2012.10.11 01:02:51.267,1.00222,1.00241,1.35,1.73
2012.10.11 01:02:51.386,1.00227,1.00242,1.73,1.50
2012.10.11 01:02:51.446,1.00229,1.00243,1.50,3.08
2012.10.11 01:02:51.566,1.00227,1.00244,1.58,4.32
2012.10.11 01:02:51.687,1.00225,1.00243,1.73,2.48
2012.10.11 01:02:51.747,1.00224,1.00242,1.73,1.73
2012.10.11 01:02:52.287,1.00222,1.00241,2.10,3.23
2012.10.11 01:02:53.036,1.00222,1.00241,3.60,2.48
2012.10.11 01:02:53.985,1.00225,1.00243,1.73,1.73
2012.10.11 01:02:57.680,1.00223,1.00242,4.73,1.35
2012.10.11 01:02:58.698,1.00223,1.00243,4.73,2.85
2012.10.11 01:02:59.246,1.00223,1.00242,2.48,2.48
2012.10.11 01:02:59.306,1.00223,1.0024,1.73,1.35
2012.10.11 01:02:59.605,1.00222,1.00239,2.48,1.35
2012.10.11 01:02:59.786,1.00221,1.00239,3.23,1.95
2012.10.11 01:02:59.966,1.00223,1.00239,1.73,1.35
2012.10.11 01:03:00.112,1.00223,1.00239,1.73,1.35
2012.10.11 01:03:00.619,1.00223,1.00241,1.73,3.68
2012.10.11 01:03:00.759,1.00221,1.00238,1.73,1.73
2012.10.11 01:03:01.307,1.00222,1.00237,2.48,2.48
2012.10.11 01:03:03.335,1.00222,1.00237,3.23,2.48
2012.10.11 01:03:05.966,1.00221,1.00235,3.23,1.73
2012.10.11 01:03:06.086,1.00224,1.0024,1.13,3.23
2012.10.11 01:03:06.369,1.00224,1.0024,1.35,3.23
2012.10.11 01:03:09.786,1.00226,1.0024,1.73,2.48
2012.10.11 01:03:09.906,1.00226,1.00241,3.23,2.48
2012.10.11 01:03:10.146,1.00228,1.00242,3.23,1.73
2012.10.11 01:03:10.806,1.00228,1.00243,1.73,2.48
2012.10.11 01:03:11.387,1.00227,1.00242,1.35,2.48
2012.10.11 01:03:14.658,1.00224,1.00238,1.73,1.50
2012.10.11 01:03:15.196,1.00223,1.0024,3.98,2.48
2012.10.11 01:03:15.376,1.00224,1.0024,1.73,2.48
2012.10.11 01:03:19.226,1.00225,1.00242,3.23,2.48
2012.10.11 01:03:21.526,1.00225,1.00242,3.23,2.25
2012.10.11 01:03:22.677,1.00225,1.00242,3.23,2.40
2012.10.11 01:03:23.899,1.00226,1.00241,2.48,2.48
2012.10.11 01:03:24.706,1.00226,1.00241,2.25,3.08
2012.10.11 01:03:24.826,1.00226,1.00241,2.25,3.08
2012.10.11 01:03:27.379,1.00228,1.00242,1.50,1.58
2012.10.11 01:03:27.926,1.00229,1.00242,2.25,1.58
2012.10.11 01:03:28.459,1.00229,1.00244,2.25,1.58
2012.10.11 01:03:32.027,1.00227,1.00243,2.25,1.58
2012.10.11 01:03:33.626,1.00228,1.00242,2.25,1.58
2012.10.11 01:03:37.086,1.00225,1.0024,3.23,2.48
2012.10.11 01:03:37.627,1.00225,1.00239,2.48,1.58
2012.10.11 01:03:38.136,1.00224,1.00241,3.60,2.48
2012.10.11 01:03:41.926,1.00225,1.0024,1.35,1.35
2012.10.11 01:03:43.047,1.00224,1.00238,1.88,2.48
2012.10.11 01:03:43.467,1.00223,1.00238,2.10,3.23
2012.10.11 01:03:43.526,1.00222,1.00236,1.88,2.48
2012.10.11 01:03:45.966,1.00222,1.00237,2.85,2.48
2012.10.11 01:03:48.236,1.00222,1.00235,1.50,1.73
2012.10.11 01:03:48.727,1.00224,1.00239,1.50,3.98
2012.10.11 01:03:48.847,1.00224,1.00239,1.50,2.48
2012.10.11 01:03:49.916,1.00224,1.00237,1.50,1.35
2012.10.11 01:03:50.157,1.00224,1.00237,1.50,1.95
2012.10.11 01:03:50.602,1.00224,1.00239,1.50,1.73
2012.10.11 01:03:50.726,1.00224,1.00239,1.73,1.73
2012.10.11 01:03:53.366,1.00223,1.00239,1.88,3.60
2012.10.11 01:03:53.928,1.00222,1.00237,1.73,1.73
2012.10.11 01:03:54.356,1.00225,1.00238,1.50,1.73
2012.10.11 01:03:55.026,1.00223,1.00238,1.50,2.48
2012.10.11 01:03:59.776,1.00223,1.00238,3.60,2.48
2012.10.11 01:04:00.285,1.00224,1.00239,2.10,1.73
2012.10.11 01:04:01.705,1.00224,1.00239,2.85,2.48
2012.10.11 01:04:02.136,1.00224,1.00239,2.10,2.48
2012.10.11 01:04:02.389,1.00224,1.00239,2.85,2.48
2012.10.11 01:04:02.697,1.00224,1.00239,2.25,2.48
2012.10.11 01:04:02.876,1.00223,1.00238,3.00,2.48
2012.10.11 01:04:03.465,1.00221,1.00237,1.73,3.57
2012.10.11 01:04:04.008,1.0022,1.00236,3.00,2.48
2012.10.11 01:04:04.279,1.00223,1.00235,1.50,1.73
2012.10.11 01:04:04.407,1.00225,1.00238,1.50,3.08
2012.10.11 01:04:04.588,1.00225,1.00238,1.50,1.50
2012.10.11 01:04:05.127,1.00225,1.00238,2.25,1.50
2012.10.11 01:04:05.198,1.00225,1.00235,2.25,1.50
2012.10.11 01:04:05.330,1.00219,1.00233,1.73,1.13
2012.10.11 01:04:05.769,1.0022,1.00234,2.25,2.25
2012.10.11 01:04:05.837,1.0022,1.00234,2.25,2.25
2012.10.11 01:04:05.956,1.00224,1.00234,1.50,2.25
2012.10.11 01:04:06.258,1.00226,1.00238,1.50,1.69
2012.10.11 01:04:06.619,1.00226,1.00241,2.48,3.08
2012.10.11 01:04:06.747,1.00226,1.00241,2.48,2.33
2012.10.11 01:04:07.109,1.00231,1.00242,1.50,1.32
2012.10.11 01:04:07.726,1.00223,1.0024,2.48,4.73
2012.10.11 01:04:07.786,1.00223,1.0024,2.48,4.73
2012.10.11 01:04:08.986,1.00223,1.0024,1.73,3.23
2012.10.11 01:04:11.705,1.00223,1.00239,1.50,1.73
2012.10.11 01:04:11.827,1.00223,1.00237,1.50,1.73
2012.10.11 01:04:12.068,1.00226,1.00239,1.50,1.73
2012.10.11 01:04:12.405,1.00228,1.00241,1.50,2.48
2012.10.11 01:04:12.916,1.00228,1.00242,2.25,2.85
2012.10.11 01:04:13.217,1.00225,1.00237,1.50,3.23
2012.10.11 01:04:13.277,1.00222,1.00237,2.48,3.23
2012.10.11 01:04:13.817,1.00224,1.00239,1.50,2.48
2012.10.11 01:04:19.002,1.00224,1.00238,1.50,2.48
2012.10.11 01:04:19.076,1.00221,1.00238,2.48,3.23
2012.10.11 01:04:19.140,1.00224,1.00238,1.50,1.73
2012.10.11 01:04:19.329,1.00226,1.0024,2.48,1.73
2012.10.11 01:04:19.518,1.00228,1.00244,1.73,2.48
2012.10.11 01:04:19.877,1.0023,1.00245,2.63,1.73
2012.10.11 01:04:19.937,1.0023,1.00245,2.85,2.82
2012.10.11 01:04:20.116,1.00234,1.00248,2.25,1.73
2012.10.11 01:04:24.546,1.00234,1.00249,2.63,2.48
2012.10.11 01:04:25.211,1.00235,1.0025,1.50,1.73
2012.10.11 01:04:30.419,1.00238,1.00251,1.50,2.33
2012.10.11 01:04:30.658,1.00241,1.00256,2.25,1.73
2012.10.11 01:04:31.018,1.00246,1.00257,1.50,1.13
2012.10.11 01:04:31.389,1.00246,1.0026,1.50,1.73
2012.10.11 01:04:34.551,1.00245,1.0026,1.50,1.73
2012.10.11 01:04:34.867,1.00243,1.0026,2.48,3.23
2012.10.11 01:04:39.758,1.0024,1.00256,2.48,2.48
2012.10.11 01:04:40.148,1.0024,1.00254,1.50,1.73
2012.10.11 01:04:40.688,1.00241,1.00254,1.50,1.73
2012.10.11 01:04:40.989,1.00244,1.00255,1.50,1.73
2012.10.11 01:04:41.049,1.00244,1.00255,1.50,1.73
2012.10.11 01:04:41.688,1.00242,1.00257,1.73,2.48
2012.10.11 01:04:42.235,1.00242,1.00257,1.73,2.48
2012.10.11 01:04:43.242,1.00242,1.00257,2.48,2.48
2012.10.11 01:04:52.817,1.00243,1.00257,1.50,1.73
2012.10.11 01:04:54.738,1.00241,1.00257,2.10,2.10
2012.10.11 01:04:56.953,1.00246,1.00256,2.25,1.73
2012.10.11 01:04:57.258,1.00246,1.00256,1.73,1.50
2012.10.11 01:04:57.717,1.00246,1.00258,2.48,1.50
2012.10.11 01:04:59.079,1.00248,1.00258,2.48,1.50
2012.10.11 01:04:59.807,1.00248,1.0026,2.48,1.73
2012.10.11 01:05:03.748,1.00248,1.00258,2.48,1.50
2012.10.11 01:05:05.237,1.00248,1.00259,2.85,1.50
2012.10.11 01:05:05.838,1.00248,1.00259,2.85,1.50
2012.10.11 01:05:06.277,1.00249,1.0026,2.48,1.50
2012.10.11 01:05:06.817,1.00249,1.00263,2.48,2.48
2012.10.11 01:05:08.698,1.00248,1.00263,4.35,3.98
2012.10.11 01:05:08.999,1.00244,1.00258,1.35,1.13
2012.10.11 01:05:09.059,1.00243,1.00258,2.48,1.35
2012.10.11 01:05:09.432,1.00246,1.00258,1.50,1.35
2012.10.11 01:05:10.308,1.00247,1.00259,1.73,1.35
2012.10.11 01:05:10.788,1.00246,1.00258,1.50,1.35
2012.10.11 01:05:20.088,1.00244,1.00259,1.73,3.98
2012.10.11 01:05:22.718,1.00242,1.00254,2.10,1.13
2012.10.11 01:05:24.668,1.00244,1.00257,1.73,1.35
2012.10.11 01:05:26.169,1.00244,1.00258,3.23,1.73
2012.10.11 01:05:26.529,1.00245,1.00258,3.98,1.50
2012.10.11 01:05:27.188,1.00244,1.00258,1.73,2.25
2012.10.11 01:05:28.688,1.00246,1.00258,1.73,1.50
2012.10.11 01:05:29.228,1.00243,1.00258,2.48,2.25
2012.10.11 01:05:30.548,1.00246,1.00258,1.73,2.25
2012.10.11 01:05:30.668,1.00247,1.00259,2.48,1.50
2012.10.11 01:05:30.731,1.00247,1.00259,2.48,1.50
2012.10.11 01:05:37.242,1.00246,1.00259,2.48,2.25
2012.10.11 01:05:37.309,1.00246,1.00259,1.73,2.25
2012.10.11 01:05:37.899,1.00246,1.00259,1.73,2.25
2012.10.11 01:05:38.487,1.00246,1.00258,1.73,1.50
2012.10.11 01:05:38.978,1.00245,1.00258,1.73,2.25
2012.10.11 01:05:39.222,1.00245,1.00259,1.73,1.50
2012.10.11 01:05:39.289,1.00245,1.00259,1.73,1.50
2012.10.11 01:05:39.469,1.00245,1.0026,1.73,1.13
2012.10.11 01:05:49.198,1.00249,1.0026,1.73,1.50
2012.10.11 01:05:49.892,1.00249,1.00263,2.48,2.48
2012.10.11 01:05:51.907,1.00249,1.00263,2.48,2.48
2012.10.11 01:05:52.448,1.00253,1.00265,1.73,1.73
2012.10.11 01:05:52.949,1.00253,1.00267,1.73,2.48
2012.10.11 01:05:58.108,1.00251,1.00265,1.73,2.48
2012.10.11 01:05:59.100,1.00251,1.00265,1.73,2.48
2012.10.11 01:06:00.143,1.00251,1.00265,2.48,2.48
2012.10.11 01:06:02.239,1.00247,1.0026,1.35,1.50
2012.10.11 01:06:02.489,1.00246,1.00261,1.73,3.23
2012.10.11 01:06:02.728,1.00246,1.00261,1.35,2.48
2012.10.11 01:06:02.848,1.00246,1.00261,1.35,2.48
2012.10.11 01:06:03.357,1.00246,1.00262,1.73,1.35
2012.10.11 01:06:03.667,1.00246,1.00262,1.73,1.35
2012.10.11 01:06:04.433,1.00246,1.00262,1.73,1.35
2012.10.11 01:06:04.568,1.00246,1.00262,1.73,1.35
2012.10.11 01:06:05.093,1.00246,1.00262,1.73,1.35
2012.10.11 01:06:05.598,1.00246,1.00262,1.73,1.35
2012.10.11 01:06:05.927,1.00246,1.00262,1.73,1.35
2012.10.11 01:06:06.495,1.00246,1.00262,1.73,1.35
2012.10.11 01:06:08.128,1.00245,1.00259,1.73,1.50
2012.10.11 01:06:08.667,1.00246,1.00262,3.23,1.35
2012.10.11 01:06:10.178,1.00245,1.00261,2.33,2.48
2012.10.11 01:06:10.977,1.00245,1.00261,2.33,2.48
2012.10.11 01:06:11.528,1.00245,1.00261,1.58,2.48
2012.10.11 01:06:14.939,1.00245,1.00261,2.33,2.48
2012.10.11 01:06:18.409,1.00245,1.00261,2.33,2.48
2012.10.11 01:06:18.998,1.00245,1.00261,2.33,2.48
2012.10.11 01:06:19.128,1.00245,1.0026,1.58,1.50
2012.10.11 01:06:19.367,1.00244,1.0026,2.33,1.50
2012.10.11 01:06:22.778,1.00244,1.00261,2.33,2.48
2012.10.11 01:06:22.839,1.00245,1.00258,1.58,2.25
2012.10.11 01:06:23.359,1.00245,1.0026,2.33,2.25
2012.10.11 01:06:26.279,1.00245,1.0026,2.33,2.25
2012.10.11 01:06:26.817,1.00245,1.0026,2.48,3.23
2012.10.11 01:06:27.327,1.00245,1.0026,2.48,2.25
2012.10.11 01:06:27.988,1.00245,1.0026,2.85,2.25
2012.10.11 01:06:29.428,1.00248,1.00263,1.73,3.98
2012.10.11 01:06:30.117,1.00248,1.00263,1.73,3.98
2012.10.11 01:06:30.477,1.00248,1.00263,1.73,3.98
2012.10.11 01:06:33.139,1.00248,1.00263,1.73,2.48
2012.10.11 01:06:35.138,1.00248,1.00263,1.50,2.85
2012.10.11 01:06:35.258,1.00245,1.00262,3.23,2.48
2012.10.11 01:06:35.769,1.00245,1.00261,1.73,1.73
2012.10.11 01:06:35.888,1.00244,1.00259,1.50,2.48
2012.10.11 01:06:36.068,1.00241,1.00257,1.73,1.58
2012.10.11 01:06:36.248,1.00241,1.00257,1.73,1.58
2012.10.11 01:06:36.368,1.00241,1.00257,1.73,1.58
2012.10.11 01:06:36.428,1.00241,1.00257,1.73,1.58
2012.10.11 01:06:37.159,1.00241,1.00256,1.73,1.35
2012.10.11 01:06:38.408,1.00241,1.00256,1.73,1.35
2012.10.11 01:06:41.069,1.00241,1.00257,2.10,1.95
2012.10.11 01:06:41.608,1.0024,1.00256,3.23,1.73
2012.10.11 01:06:46.608,1.00239,1.00255,1.50,2.48
2012.10.11 01:06:46.727,1.00236,1.00251,2.48,2.48
2012.10.11 01:06:47.029,1.00234,1.00251,2.10,3.23
2012.10.11 01:06:47.569,1.00231,1.00245,2.48,1.50
2012.10.11 01:06:47.630,1.00231,1.00245,2.25,1.73
2012.10.11 01:06:47.810,1.00229,1.00242,1.50,3.23
2012.10.11 01:06:47.869,1.00225,1.00242,3.98,3.23
2012.10.11 01:06:48.426,1.00225,1.00241,3.23,1.73
2012.10.11 01:06:50.900,1.00226,1.00241,1.73,1.73
2012.10.11 01:06:52.058,1.00226,1.00239,1.50,2.48
2012.10.11 01:06:52.118,1.00226,1.00239,1.50,2.48
2012.10.11 01:06:52.653,1.00226,1.00241,3.00,3.23
2012.10.11 01:06:52.718,1.00226,1.00241,1.50,3.23
2012.10.11 01:06:54.237,1.00226,1.00241,1.50,3.23
2012.10.11 01:06:56.098,1.00226,1.00241,1.73,3.23
2012.10.11 01:06:57.212,1.00226,1.0024,1.73,1.73
2012.10.11 01:06:57.337,1.00226,1.0024,1.73,1.73
2012.10.11 01:06:58.188,1.00226,1.00238,1.73,1.50
2012.10.11 01:06:58.548,1.00221,1.00235,3.63,1.50
2012.10.11 01:06:58.908,1.0022,1.00234,1.73,1.50
2012.10.11 01:06:59.149,1.0022,1.00234,1.73,1.50
2012.10.11 01:06:59.389,1.00219,1.00229,1.73,1.50
2012.10.11 01:06:59.522,1.00222,1.00229,1.50,1.50
2012.10.11 01:06:59.592,1.00215,1.00229,2.48,1.50
2012.10.11 01:06:59.721,1.00217,1.00231,2.13,1.50
2012.10.11 01:06:59.969,1.00218,1.00233,3.98,2.25
2012.10.11 01:07:00.269,1.00223,1.00236,1.73,1.35
2012.10.11 01:07:00.938,1.00223,1.00238,1.73,1.73
2012.10.11 01:07:01.248,1.00226,1.0024,1.73,1.13
2012.10.11 01:07:02.268,1.00224,1.00239,1.73,2.25
2012.10.11 01:07:03.069,1.00228,1.00242,1.73,2.20
2012.10.11 01:07:03.308,1.00228,1.00242,1.73,1.50
2012.10.11 01:07:05.279,1.00228,1.00243,1.73,2.48
2012.10.11 01:07:05.341,1.00225,1.00242,2.48,2.48
2012.10.11 01:07:05.468,1.00224,1.00239,2.85,2.48
2012.10.11 01:07:06.237,1.00224,1.00239,2.48,2.48
2012.10.11 01:07:08.197,1.00225,1.00239,1.73,1.73
2012.10.11 01:07:08.738,1.00224,1.00238,1.73,3.23
2012.10.11 01:07:10.058,1.00226,1.00238,1.73,1.73
2012.10.11 01:07:10.358,1.00226,1.00239,1.73,1.73
2012.10.11 01:07:14.469,1.00223,1.00239,2.48,1.73
2012.10.11 01:07:14.588,1.00222,1.00235,1.73,1.73
2012.10.11 01:07:14.768,1.00219,1.00235,2.85,1.73
2012.10.11 01:07:15.128,1.0022,1.00235,1.73,3.23
2012.10.11 01:07:15.189,1.0022,1.00235,1.73,3.23
2012.10.11 01:07:15.919,1.00217,1.00232,2.85,3.00
2012.10.11 01:07:16.040,1.00217,1.00232,2.85,3.75
2012.10.11 01:07:16.099,1.00217,1.0023,2.10,1.50
2012.10.11 01:07:16.665,1.00215,1.00228,1.73,1.50
2012.10.11 01:07:17.280,1.00214,1.00227,2.33,1.50
2012.10.11 01:07:18.788,1.00213,1.00226,3.00,1.50
2012.10.11 01:07:18.970,1.00213,1.00226,2.10,1.73
2012.10.11 01:07:19.510,1.0021,1.00225,2.48,1.73
2012.10.11 01:07:19.879,1.00208,1.00223,2.85,1.50
2012.10.11 01:07:19.939,1.00209,1.00226,2.48,2.85
2012.10.11 01:07:25.948,1.00209,1.00226,2.48,2.48
2012.10.11 01:07:26.519,1.00209,1.00226,2.48,3.23
2012.10.11 01:07:26.721,1.00211,1.00223,1.73,1.50
2012.10.11 01:07:26.849,1.00212,1.00227,2.48,3.23
2012.10.11 01:07:27.450,1.00211,1.00226,3.23,1.35
2012.10.11 01:07:27.879,1.00211,1.00226,3.23,1.58
2012.10.11 01:07:28.239,1.00215,1.00229,2.25,1.35
2012.10.11 01:07:28.359,1.00215,1.00229,2.25,1.35
2012.10.11 01:07:28.899,1.00215,1.00231,2.48,1.73
2012.10.11 01:07:29.407,1.00215,1.00229,2.25,1.73
2012.10.11 01:07:29.949,1.00212,1.00226,2.85,1.17
2012.10.11 01:07:31.658,1.00212,1.00227,2.85,2.67
2012.10.11 01:07:32.259,1.00212,1.00226,2.10,2.48
2012.10.11 01:07:32.318,1.00208,1.00223,4.20,2.25
2012.10.11 01:07:32.850,1.00205,1.0022,3.23,1.73
2012.10.11 01:07:32.924,1.00207,1.00222,1.35,2.48
2012.10.11 01:07:33.406,1.00208,1.00222,2.48,1.35
2012.10.11 01:07:33.900,1.00212,1.00227,2.48,2.33
2012.10.11 01:07:34.257,1.00215,1.00229,1.73,1.50
2012.10.11 01:07:34.560,1.00211,1.00228,2.85,2.48
2012.10.11 01:07:35.039,1.00218,1.00235,1.73,4.58
2012.10.11 01:07:35.099,1.00218,1.00235,1.73,3.98
2012.10.11 01:07:35.340,1.00222,1.00236,1.35,3.00
2012.10.11 01:07:35.888,1.00223,1.00236,2.48,1.50
2012.10.11 01:07:39.685,1.00221,1.00236,3.23,2.48
2012.10.11 01:07:39.810,1.00221,1.00236,3.23,3.00
2012.10.11 01:07:39.871,1.00221,1.00236,3.23,2.48
2012.10.11 01:07:40.059,1.00221,1.00234,2.48,1.35
2012.10.11 01:07:40.237,1.00219,1.00235,2.48,2.63
2012.10.11 01:07:40.539,1.00221,1.00236,2.48,1.88
2012.10.11 01:07:41.097,1.00221,1.00236,2.48,1.50
2012.10.11 01:07:41.978,1.00221,1.00236,2.48,2.25
2012.10.11 01:07:42.748,1.00221,1.00236,2.48,1.50
2012.10.11 01:07:43.108,1.00225,1.0024,1.73,2.25
2012.10.11 01:07:43.289,1.00225,1.0024,2.48,3.75
2012.10.11 01:07:43.850,1.00224,1.0024,2.48,2.48
2012.10.11 01:07:44.398,1.00222,1.00239,2.85,1.50
2012.10.11 01:07:45.734,1.00223,1.00238,1.35,1.50
2012.10.11 01:07:46.391,1.00223,1.00239,1.35,1.73
2012.10.11 01:07:47.050,1.00222,1.00239,2.85,3.23
2012.10.11 01:07:47.108,1.00222,1.00238,2.85,1.73
2012.10.11 01:07:47.348,1.00218,1.00235,3.60,1.50
2012.10.11 01:07:47.680,1.00218,1.00233,3.23,1.73
2012.10.11 01:07:48.499,1.00218,1.00232,1.73,1.50
2012.10.11 01:07:49.617,1.00217,1.00232,2.48,3.00
2012.10.11 01:07:51.139,1.00217,1.00232,2.48,1.88
2012.10.11 01:07:53.330,1.00217,1.00232,2.48,2.25
2012.10.11 01:07:55.880,1.00219,1.00232,2.48,1.13
2012.10.11 01:07:56.239,1.00221,1.00232,1.73,1.13
2012.10.11 01:07:56.360,1.00221,1.00234,2.48,1.50
2012.10.11 01:07:56.423,1.00221,1.00236,2.48,2.63
2012.10.11 01:07:56.608,1.00222,1.00236,1.73,2.63
2012.10.11 01:07:57.109,1.00221,1.00236,3.23,2.63
2012.10.11 01:07:57.648,1.00221,1.00236,3.23,2.63
2012.10.11 01:07:58.158,1.00221,1.00235,3.23,1.13
2012.10.11 01:07:58.759,1.00221,1.00235,2.48,1.13
2012.10.11 01:07:59.750,1.00221,1.00235,2.48,1.13
2012.10.11 01:07:59.989,1.00221,1.00233,2.48,1.13
2012.10.11 01:08:00.308,1.00219,1.00233,2.25,1.13
2012.10.11 01:08:00.428,1.00217,1.00232,2.48,2.25
2012.10.11 01:08:01.121,1.00217,1.00232,1.73,3.00
2012.10.11 01:08:01.758,1.00217,1.00232,1.73,3.00
2012.10.11 01:08:02.448,1.00215,1.0023,2.48,2.25
2012.10.11 01:08:02.977,1.00215,1.0023,1.73,2.25
2012.10.11 01:08:03.388,1.00215,1.0023,2.48,2.25
2012.10.11 01:08:09.570,1.00218,1.0023,1.73,1.13
2012.10.11 01:08:10.898,1.00215,1.00228,1.73,1.50
2012.10.11 01:08:11.079,1.00214,1.00228,1.73,2.25
2012.10.11 01:08:11.581,1.00214,1.00228,2.10,2.25
2012.10.11 01:08:11.651,1.00215,1.00229,2.48,2.25
2012.10.11 01:08:12.205,1.00213,1.00228,3.60,1.50
2012.10.11 01:08:12.747,1.00213,1.00228,3.60,1.50
2012.10.11 01:08:16.506,1.00216,1.00229,1.35,2.25
2012.10.11 01:08:17.089,1.00216,1.0023,2.10,3.00
2012.10.11 01:08:18.619,1.00217,1.0023,1.73,2.25
2012.10.11 01:08:22.938,1.00215,1.0023,3.23,3.00
2012.10.11 01:08:22.999,1.00215,1.0023,3.23,3.23
2012.10.11 01:08:23.119,1.00215,1.00229,2.48,1.35
2012.10.11 01:08:23.179,1.00213,1.00226,3.23,1.50
2012.10.11 01:08:24.568,1.00215,1.00228,1.73,2.25
2012.10.11 01:08:24.748,1.00214,1.00229,1.73,2.63
2012.10.11 01:08:25.289,1.00214,1.00227,2.10,1.50
2012.10.11 01:08:39.040,1.00216,1.00228,1.35,1.50
2012.10.11 01:08:39.229,1.00217,1.00232,2.85,3.00
2012.10.11 01:08:39.812,1.00217,1.00232,3.45,3.00
2012.10.11 01:08:41.128,1.00217,1.00232,3.45,2.25
2012.10.11 01:08:41.663,1.00217,1.00232,2.33,3.00
2012.10.11 01:08:42.607,1.00218,1.00232,1.20,3.00
2012.10.11 01:08:43.329,1.00218,1.00232,1.20,2.25
2012.10.11 01:08:43.810,1.00218,1.00232,1.20,3.00
2012.10.11 01:08:44.788,1.00218,1.00232,1.20,3.00
2012.10.11 01:08:47.030,1.00217,1.00228,2.33,1.50
2012.10.11 01:08:47.159,1.00217,1.00228,1.73,1.50
2012.10.11 01:08:47.279,1.00215,1.00229,2.10,3.00
2012.10.11 01:08:48.318,1.00218,1.00231,1.73,1.50
2012.10.11 01:08:49.018,1.00215,1.0023,3.45,1.50
2012.10.11 01:08:50.009,1.00214,1.0023,1.20,3.00
2012.10.11 01:08:52.939,1.00213,1.00229,2.10,1.35
2012.10.11 01:08:53.328,1.00213,1.00229,2.10,1.13
2012.10.11 01:08:54.828,1.00213,1.00229,2.48,1.13
2012.10.11 01:08:55.078,1.00213,1.00229,2.10,1.13
2012.10.11 01:08:55.820,1.00215,1.00229,1.73,1.73
2012.10.11 01:08:56.500,1.00215,1.00229,2.48,1.73
2012.10.11 01:08:57.298,1.00215,1.00228,2.48,1.35
2012.10.11 01:08:57.808,1.00215,1.00228,2.48,1.13
2012.10.11 01:08:58.318,1.00215,1.00228,2.48,1.13
2012.10.11 01:08:58.675,1.00214,1.00228,2.48,1.28
2012.10.11 01:08:59.198,1.00214,1.00229,2.48,2.85
2012.10.11 01:09:06.082,1.00216,1.00229,2.48,1.35
2012.10.11 01:09:06.789,1.00216,1.00229,2.48,1.35
2012.10.11 01:09:07.317,1.00216,1.00229,2.48,1.35
2012.10.11 01:09:07.849,1.00215,1.00229,1.73,1.35
2012.10.11 01:09:11.118,1.00214,1.00229,1.73,1.35
2012.10.11 01:09:12.179,1.00215,1.00231,1.73,2.10
2012.10.11 01:09:12.718,1.00215,1.00231,2.48,2.10
2012.10.11 01:09:13.380,1.00212,1.00226,2.33,1.50
2012.10.11 01:09:13.438,1.00212,1.00226,1.73,1.73
2012.10.11 01:09:13.978,1.0021,1.00225,2.10,2.48
2012.10.11 01:09:15.610,1.00212,1.00226,2.48,1.50
2012.10.11 01:09:19.270,1.00213,1.00227,1.73,2.25
2012.10.11 01:09:19.998,1.00214,1.00227,1.35,2.48
2012.10.11 01:09:20.539,1.00213,1.00227,1.35,2.48
2012.10.11 01:09:21.417,1.00212,1.00227,3.98,2.48
2012.10.11 01:09:23.588,1.00212,1.00227,3.23,2.48
2012.10.11 01:09:25.269,1.00212,1.00227,3.23,2.48
2012.10.11 01:09:25.801,1.00213,1.00227,1.35,2.48
2012.10.11 01:09:26.180,1.00211,1.00225,2.48,2.25
2012.10.11 01:09:26.419,1.00211,1.00225,1.35,1.50
2012.10.11 01:09:30.302,1.0021,1.00225,2.48,3.38
2012.10.11 01:09:30.433,1.00208,1.00223,2.85,2.48
2012.10.11 01:09:30.938,1.00208,1.00222,1.35,2.25
2012.10.11 01:09:33.148,1.0021,1.00224,2.48,1.35
2012.10.11 01:09:33.759,1.0021,1.00224,2.48,1.35
2012.10.11 01:09:34.919,1.00211,1.00226,3.23,1.35
2012.10.11 01:09:35.053,1.00214,1.00229,2.48,2.48
2012.10.11 01:09:38.010,1.00214,1.00228,1.73,3.08
2012.10.11 01:09:39.158,1.00212,1.00226,1.73,2.48
2012.10.11 01:09:40.788,1.00212,1.00226,1.73,1.73
2012.10.11 01:09:48.769,1.00212,1.00228,1.73,4.58
2012.10.11 01:09:49.399,1.00211,1.00228,3.23,4.58
2012.10.11 01:09:54.768,1.00209,1.00224,1.73,2.25
2012.10.11 01:09:55.188,1.00208,1.00224,2.10,2.25
2012.10.11 01:09:58.779,1.00208,1.00224,1.35,2.25
2012.10.11 01:09:59.769,1.00208,1.00224,2.10,2.25
2012.10.11 01:10:00.548,1.00207,1.00224,4.01,2.25
2012.10.11 01:10:00.908,1.00207,1.00221,1.13,1.35
2012.10.11 01:10:01.148,1.00206,1.00221,1.73,1.35
2012.10.11 01:10:01.329,1.00207,1.00221,3.60,1.35
2012.10.11 01:10:01.388,1.00207,1.00221,2.85,1.35
2012.10.11 01:10:01.529,1.00207,1.00221,3.60,1.35
2012.10.11 01:10:01.808,1.00207,1.00224,3.60,3.23
2012.10.11 01:10:03.310,1.00207,1.00218,2.10,1.50
2012.10.11 01:10:04.538,1.00205,1.00218,2.10,2.25
2012.10.11 01:10:05.385,1.00205,1.00218,2.10,2.25
2012.10.11 01:10:05.690,1.00205,1.00218,2.10,2.25
2012.10.11 01:10:06.276,1.00207,1.00218,1.35,2.25
2012.10.11 01:10:07.688,1.00207,1.00218,1.35,2.25
2012.10.11 01:10:07.809,1.00203,1.00218,3.23,2.25
2012.10.11 01:10:07.871,1.00203,1.00218,2.48,2.25
2012.10.11 01:10:07.939,1.00203,1.00218,2.48,2.48
2012.10.11 01:10:08.494,1.00203,1.00218,2.10,3.23
2012.10.11 01:10:08.678,1.00203,1.00218,2.10,3.00
2012.10.11 01:10:09.190,1.00203,1.00218,2.10,2.25
2012.10.11 01:10:09.728,1.00203,1.00218,3.60,2.25
2012.10.11 01:10:09.789,1.00205,1.0022,2.85,1.73
2012.10.11 01:10:09.982,1.00205,1.0022,2.85,1.73
2012.10.11 01:10:10.268,1.00205,1.0022,2.85,1.73
2012.10.11 01:10:10.779,1.00206,1.00222,1.35,3.17
2012.10.11 01:10:12.389,1.00208,1.00222,1.35,2.57
2012.10.11 01:10:12.808,1.0021,1.00224,1.73,1.35
2012.10.11 01:10:25.860,1.00209,1.00222,1.50,1.73
2012.10.11 01:10:26.179,1.00207,1.00222,3.60,2.48
2012.10.11 01:10:27.049,1.0021,1.00222,1.73,1.73
2012.10.11 01:10:30.808,1.00207,1.00222,5.10,2.48
2012.10.11 01:10:31.010,1.00209,1.00224,2.10,2.48
2012.10.11 01:10:31.258,1.00209,1.00223,1.73,1.73
2012.10.11 01:10:32.697,1.00209,1.00223,1.73,1.73
2012.10.11 01:10:34.549,1.00209,1.00222,1.73,3.00
2012.10.11 01:10:34.608,1.00205,1.00219,1.35,2.48
2012.10.11 01:10:35.060,1.00204,1.00219,2.85,2.48
2012.10.11 01:10:35.858,1.00204,1.00219,2.48,2.48
2012.10.11 01:10:36.398,1.00206,1.00221,1.73,3.60
2012.10.11 01:10:37.439,1.00206,1.00221,1.73,3.60
2012.10.11 01:10:39.020,1.00208,1.00221,1.73,1.50
2012.10.11 01:10:39.581,1.00207,1.00222,1.73,2.48
2012.10.11 01:10:40.119,1.00209,1.00223,1.73,1.50
2012.10.11 01:10:40.518,1.00211,1.00225,1.35,1.73
2012.10.11 01:10:43.128,1.00211,1.00224,2.10,1.73
2012.10.11 01:10:45.368,1.00209,1.00223,2.48,2.48
2012.10.11 01:10:45.669,1.00205,1.0022,1.73,3.98
2012.10.11 01:10:45.970,1.00204,1.00218,1.73,2.25
2012.10.11 01:10:47.718,1.00204,1.00219,3.23,3.23
2012.10.11 01:10:49.979,1.00204,1.00219,2.85,2.48
2012.10.11 01:10:50.338,1.00205,1.00219,1.35,2.48
2012.10.11 01:10:50.733,1.00204,1.00214,1.73,1.50
2012.10.11 01:10:50.803,1.00203,1.00217,1.73,1.73
2012.10.11 01:10:50.989,1.00204,1.0022,1.73,1.73
2012.10.11 01:10:51.419,1.00205,1.0022,1.35,1.73
2012.10.11 01:10:53.099,1.00203,1.0022,3.23,2.25
2012.10.11 01:10:53.219,1.00204,1.00219,2.48,2.25
2012.10.11 01:10:53.279,1.00204,1.00219,3.23,2.25
2012.10.11 01:10:53.521,1.00206,1.00221,2.48,2.35
2012.10.11 01:11:10.848,1.00208,1.00223,2.48,1.73
2012.10.11 01:11:16.959,1.00208,1.00223,2.48,2.48
2012.10.11 01:11:22.718,1.0021,1.00225,2.48,2.48
2012.10.11 01:11:22.898,1.0021,1.00225,2.48,2.48
2012.10.11 01:11:23.898,1.0021,1.00225,1.73,2.48
2012.10.11 01:11:24.018,1.0021,1.00225,1.73,2.48
2012.10.11 01:11:31.839,1.00208,1.00224,2.48,2.85
2012.10.11 01:11:37.439,1.00208,1.00223,5.10,2.25
2012.10.11 01:11:37.559,1.00208,1.00222,2.48,1.73
2012.10.11 01:11:37.678,1.00207,1.00222,3.60,3.00
2012.10.11 01:11:38.541,1.00208,1.00225,2.48,3.23
2012.10.11 01:11:39.169,1.00208,1.00225,2.48,3.23
2012.10.11 01:11:39.349,1.00212,1.00228,1.73,1.35
2012.10.11 01:11:39.830,1.00214,1.00228,1.73,1.13
2012.10.11 01:11:40.579,1.00216,1.00231,3.23,1.58
2012.10.11 01:11:40.942,1.00219,1.00232,1.73,1.88
2012.10.11 01:11:42.419,1.00223,1.0024,2.48,3.23
2012.10.11 01:11:42.989,1.00223,1.0024,2.48,3.23
2012.10.11 01:11:43.529,1.00223,1.00238,3.23,1.73
2012.10.11 01:11:44.069,1.00223,1.00237,1.73,2.48
2012.10.11 01:11:44.249,1.00224,1.00239,2.48,2.48
2012.10.11 01:11:44.309,1.00225,1.00241,2.48,1.35
2012.10.11 01:11:44.669,1.00225,1.00242,3.23,3.98
2012.10.11 01:11:45.153,1.00229,1.00243,3.60,1.50
2012.10.11 01:11:45.600,1.00232,1.00245,1.73,1.73
2012.10.11 01:11:46.209,1.00234,1.00245,1.50,1.73
2012.10.11 01:11:46.569,1.00234,1.00247,2.10,1.50
2012.10.11 01:11:47.118,1.00235,1.0025,1.73,2.48
2012.10.11 01:11:47.419,1.00235,1.00248,1.73,3.08
2012.10.11 01:11:47.759,1.00236,1.00248,1.50,3.83
2012.10.11 01:11:49.958,1.00235,1.00249,1.73,2.25
2012.10.11 01:11:50.378,1.00235,1.00247,1.73,1.58
2012.10.11 01:11:50.742,1.00235,1.00247,1.73,3.08
2012.10.11 01:11:53.149,1.00233,1.00246,1.50,1.35
2012.10.11 01:11:54.148,1.00234,1.00245,1.50,2.48
2012.10.11 01:11:54.778,1.00234,1.00247,1.73,2.10
2012.10.11 01:11:55.919,1.00234,1.00248,1.73,3.83
2012.10.11 01:11:56.103,1.00234,1.00248,1.73,3.83
2012.10.11 01:11:56.169,1.00234,1.00248,1.73,3.83
2012.10.11 01:11:58.258,1.00234,1.00248,1.73,3.45
2012.10.11 01:11:59.170,1.00233,1.00245,1.50,1.58
2012.10.11 01:11:59.709,1.00233,1.00245,1.50,1.58
2012.10.11 01:12:00.120,1.00233,1.00245,1.50,1.58
2012.10.11 01:12:01.648,1.00233,1.00245,1.50,2.70
2012.10.11 01:12:04.270,1.00234,1.00245,1.50,3.45
2012.10.11 01:12:17.022,1.00232,1.00245,1.50,2.33
2012.10.11 01:12:18.560,1.00232,1.00246,1.50,3.08
2012.10.11 01:12:18.742,1.00235,1.00246,1.50,2.33
2012.10.11 01:12:18.874,1.00235,1.00246,1.50,2.33
2012.10.11 01:12:19.009,1.00239,1.00248,1.50,1.73
2012.10.11 01:12:19.429,1.00238,1.00252,1.73,2.10
2012.10.11 01:12:19.908,1.00239,1.00251,1.73,2.10
2012.10.11 01:12:21.180,1.00241,1.00251,1.50,1.73
2012.10.11 01:12:21.372,1.00241,1.00256,3.23,2.48
2012.10.11 01:12:21.722,1.00242,1.00256,1.73,2.25
2012.10.11 01:12:21.794,1.00242,1.00256,1.73,2.25
2012.10.11 01:12:21.865,1.00242,1.00254,1.73,1.73
2012.10.11 01:12:22.387,1.00242,1.00257,1.73,4.73
2012.10.11 01:12:23.019,1.00241,1.00256,1.50,2.48
2012.10.11 01:12:23.078,1.0024,1.00255,2.63,1.73
2012.10.11 01:12:23.469,1.00237,1.00248,2.10,1.50
2012.10.11 01:12:25.620,1.00236,1.00253,2.48,3.23
2012.10.11 01:12:25.680,1.00241,1.00253,1.50,2.48
2012.10.11 01:12:25.940,1.00241,1.00256,3.00,1.73
2012.10.11 01:12:26.000,1.00245,1.00256,1.50,1.50
2012.10.11 01:12:26.058,1.00245,1.00258,1.50,2.48
2012.10.11 01:12:26.879,1.00244,1.00258,1.50,3.23
2012.10.11 01:12:28.520,1.00241,1.00258,2.48,3.23
2012.10.11 01:12:28.640,1.00241,1.00254,1.73,2.25
2012.10.11 01:12:28.880,1.00241,1.00253,1.73,1.50
2012.10.11 01:12:28.999,1.00238,1.00253,2.48,1.50
2012.10.11 01:12:29.179,1.00238,1.00253,2.10,1.73
2012.10.11 01:12:29.968,1.00238,1.00253,1.73,2.48
2012.10.11 01:12:31.161,1.0024,1.00254,1.73,2.85
2012.10.11 01:12:32.609,1.00243,1.00254,1.50,1.35
2012.10.11 01:12:33.149,1.0024,1.00254,1.73,1.73
2012.10.11 01:12:33.279,1.00241,1.00255,3.23,1.73
2012.10.11 01:12:33.940,1.00243,1.00258,1.73,2.48
2012.10.11 01:12:34.119,1.00243,1.00258,1.73,2.48
2012.10.11 01:12:34.600,1.00247,1.0026,2.25,1.35
2012.10.11 01:12:36.129,1.00247,1.00262,3.00,2.48
2012.10.11 01:12:37.718,1.00248,1.00262,1.35,2.85
2012.10.11 01:12:38.285,1.00248,1.00262,1.35,2.48
2012.10.11 01:12:40.940,1.00248,1.00262,2.10,2.48
2012.10.11 01:12:41.799,1.00248,1.00265,3.60,3.23
2012.10.11 01:12:42.343,1.00253,1.00266,1.35,2.48
2012.10.11 01:12:43.319,1.00253,1.00264,1.35,2.25
2012.10.11 01:12:43.538,1.00251,1.00264,2.10,2.48
2012.10.11 01:12:43.808,1.00251,1.00264,1.73,2.48
2012.10.11 01:12:44.363,1.00251,1.00264,1.73,2.48
2012.10.11 01:12:44.489,1.00251,1.00264,1.73,1.73
2012.10.11 01:12:45.609,1.00254,1.00267,2.10,2.48
2012.10.11 01:12:45.728,1.00254,1.00269,2.10,5.48
2012.10.11 01:12:46.029,1.00259,1.00269,1.50,1.73
2012.10.11 01:12:46.148,1.00259,1.00272,1.73,1.73
2012.10.11 01:12:46.269,1.00259,1.00272,1.73,1.50
2012.10.11 01:12:48.669,1.00259,1.00272,1.73,1.88
2012.10.11 01:12:48.908,1.0026,1.00272,1.73,2.10
2012.10.11 01:12:49.268,1.0026,1.00272,1.73,1.88
2012.10.11 01:12:50.566,1.0026,1.00272,1.50,2.10
2012.10.11 01:12:51.069,1.00259,1.00273,3.23,1.35
2012.10.11 01:12:53.369,1.0026,1.00274,1.73,4.58
2012.10.11 01:12:55.369,1.0026,1.00274,1.73,4.58
2012.10.11 01:12:56.169,1.0026,1.00274,1.73,3.83
2012.10.11 01:12:57.580,1.0026,1.00274,3.23,2.33
2012.10.11 01:12:57.773,1.00265,1.00274,1.50,1.58
2012.10.11 01:12:58.020,1.00266,1.00278,3.23,1.73
2012.10.11 01:12:58.079,1.00266,1.0028,3.23,1.35
2012.10.11 01:13:00.158,1.00266,1.00281,3.23,2.48
2012.10.11 01:13:00.649,1.00266,1.00281,3.23,2.25
2012.10.11 01:13:07.323,1.00269,1.00281,1.50,1.73
2012.10.11 01:13:12.940,1.00269,1.00285,1.50,3.23
2012.10.11 01:13:13.359,1.00267,1.00283,1.13,1.73
2012.10.11 01:13:13.421,1.00267,1.00283,1.88,1.73
2012.10.11 01:13:13.489,1.00267,1.00283,2.10,1.73
2012.10.11 01:13:13.608,1.00267,1.00283,1.88,1.73
2012.10.11 01:13:13.909,1.00267,1.00285,2.10,2.48
2012.10.11 01:13:15.478,1.00267,1.00283,2.10,2.48
2012.10.11 01:13:16.157,1.00267,1.00283,2.10,2.48
2012.10.11 01:13:18.369,1.00267,1.00285,2.10,2.48
2012.10.11 01:13:18.730,1.00266,1.00281,2.10,2.48
2012.10.11 01:13:19.032,1.00264,1.00274,1.35,1.50
2012.10.11 01:13:19.340,1.00262,1.00275,2.88,4.35
2012.10.11 01:13:19.862,1.00259,1.00273,1.50,2.33
2012.10.11 01:13:20.414,1.00257,1.00273,2.25,2.33
2012.10.11 01:13:21.699,1.00259,1.00273,1.50,2.33
2012.10.11 01:13:21.821,1.00256,1.00273,1.73,1.73
2012.10.11 01:13:21.891,1.00257,1.00274,2.48,1.73
2012.10.11 01:13:22.137,1.00255,1.00271,2.85,1.73
2012.10.11 01:13:22.776,1.00255,1.00271,2.85,1.73
2012.10.11 01:13:23.592,1.00258,1.00275,2.48,2.10
2012.10.11 01:13:24.119,1.00258,1.00275,2.48,1.35
2012.10.11 01:13:24.729,1.00258,1.00275,2.48,1.35
2012.10.11 01:13:26.509,1.00257,1.00275,2.48,2.10
2012.10.11 01:13:27.061,1.00257,1.00275,2.48,2.10
2012.10.11 01:13:27.609,1.00259,1.00275,2.48,1.73
2012.10.11 01:13:28.629,1.00258,1.00275,1.73,1.73
2012.10.11 01:13:30.478,1.00256,1.00273,1.35,1.73
2012.10.11 01:13:33.139,1.00257,1.00274,2.10,2.48
2012.10.11 01:13:35.366,1.00256,1.00273,2.48,1.73
2012.10.11 01:13:38.918,1.00259,1.00274,1.73,1.73
2012.10.11 01:13:40.639,1.00259,1.00277,1.50,4.35
2012.10.11 01:13:40.947,1.0026,1.00277,2.25,2.48
2012.10.11 01:13:43.819,1.00262,1.00277,1.73,2.48
2012.10.11 01:13:43.999,1.00262,1.00277,1.73,1.73
2012.10.11 01:13:44.592,1.00263,1.00281,2.25,2.82
2012.10.11 01:13:44.673,1.00268,1.00282,1.50,2.48
2012.10.11 01:13:44.799,1.00268,1.00282,1.50,1.73
2012.10.11 01:13:45.160,1.00268,1.00283,1.50,2.48
2012.10.11 01:13:45.659,1.00269,1.00286,1.50,5.48
2012.10.11 01:13:48.759,1.00269,1.00284,1.13,3.23
2012.10.11 01:13:50.628,1.00269,1.00283,1.13,1.73
2012.10.11 01:13:51.589,1.00269,1.00283,1.13,2.48
2012.10.11 01:13:52.128,1.00267,1.00285,1.50,5.10
2012.10.11 01:13:52.738,1.00267,1.00285,2.25,3.60
2012.10.11 01:13:57.930,1.00265,1.00282,2.85,2.48
2012.10.11 01:14:00.559,1.00265,1.00282,1.50,2.48
2012.10.11 01:14:00.738,1.00267,1.00285,3.60,2.48
2012.10.11 01:14:01.190,1.00267,1.00285,3.98,2.48
2012.10.11 01:14:05.409,1.00267,1.00285,3.00,2.07
2012.10.11 01:14:05.468,1.00267,1.00283,3.38,1.32
2012.10.11 01:14:05.889,1.00267,1.00283,1.50,3.08
2012.10.11 01:14:06.010,1.00269,1.00283,1.35,2.33
2012.10.11 01:14:06.069,1.00269,1.00285,1.35,2.33
2012.10.11 01:14:06.638,1.00269,1.00285,1.35,1.73
2012.10.11 01:14:06.979,1.00268,1.00285,2.25,1.73
2012.10.11 01:14:07.338,1.00268,1.00285,2.25,1.73
2012.10.11 01:14:08.466,1.00267,1.00284,1.73,3.23
2012.10.11 01:14:09.199,1.00266,1.00281,1.35,1.73
2012.10.11 01:14:09.260,1.00265,1.00281,2.25,1.73
2012.10.11 01:14:09.840,1.00263,1.00281,3.38,2.85
2012.10.11 01:14:10.379,1.00263,1.00281,3.60,2.10
2012.10.11 01:14:10.438,1.00265,1.00282,1.73,1.95
2012.10.11 01:14:12.419,1.00264,1.0028,2.85,3.23
2012.10.11 01:14:12.539,1.00264,1.0028,2.25,3.23
2012.10.11 01:14:13.288,1.00262,1.00279,1.50,2.10
2012.10.11 01:14:16.729,1.00259,1.00278,1.35,3.23
2012.10.11 01:14:17.310,1.00259,1.00278,1.35,3.23
2012.10.11 01:14:19.349,1.00258,1.00278,2.48,3.60
2012.10.11 01:14:20.439,1.00259,1.00278,2.10,2.48
2012.10.11 01:14:20.560,1.00264,1.00279,1.35,3.98
2012.10.11 01:14:20.810,1.00262,1.00279,1.73,2.48
2012.10.11 01:14:20.990,1.00265,1.00281,1.73,2.48
2012.10.11 01:14:22.808,1.00264,1.00283,2.48,2.48
2012.10.11 01:14:23.255,1.00264,1.00283,2.48,2.48
2012.10.11 01:14:25.785,1.00264,1.00283,2.48,2.48
2012.10.11 01:14:31.241,1.00263,1.00281,1.73,3.23
2012.10.11 01:14:31.420,1.00262,1.00278,1.73,1.73
2012.10.11 01:14:32.020,1.0026,1.00276,1.35,1.73
2012.10.11 01:14:44.249,1.00257,1.00276,3.98,2.10
2012.10.11 01:14:44.926,1.00257,1.00276,3.98,2.10
2012.10.11 01:14:45.519,1.00257,1.00276,3.98,2.10
2012.10.11 01:14:47.409,1.00259,1.00276,1.35,2.48
2012.10.11 01:14:47.949,1.00257,1.00276,3.60,2.48
2012.10.11 01:14:52.188,1.00257,1.00276,3.60,3.08
2012.10.11 01:14:54.680,1.00257,1.00275,3.23,1.73
2012.10.11 01:14:55.724,1.00257,1.00275,3.23,1.35
2012.10.11 01:15:03.929,1.00259,1.00276,2.48,3.08
2012.10.11 01:15:04.529,1.00257,1.00276,2.48,3.83
2012.10.11 01:15:08.759,1.00257,1.00275,3.23,2.10
2012.10.11 01:15:10.839,1.0026,1.00275,1.73,1.73
2012.10.11 01:15:10.899,1.0026,1.00275,1.73,1.73
2012.10.11 01:15:11.079,1.0026,1.00275,1.73,1.50
2012.10.11 01:15:12.795,1.0026,1.00277,1.73,3.98
2012.10.11 01:15:15.698,1.00262,1.00277,1.73,2.25
2012.10.11 01:15:17.430,1.00262,1.00277,1.73,1.73
2012.10.11 01:15:20.749,1.00258,1.00276,1.73,1.73
2012.10.11 01:15:21.082,1.00257,1.00272,2.48,1.50
2012.10.11 01:15:22.779,1.00258,1.00275,3.98,3.23
2012.10.11 01:15:23.200,1.00263,1.00276,1.73,1.35
2012.10.11 01:15:23.629,1.00263,1.00278,3.23,1.35
2012.10.11 01:15:24.149,1.00263,1.00278,3.23,1.35
2012.10.11 01:15:26.118,1.00269,1.00279,1.50,1.35
2012.10.11 01:15:26.938,1.00269,1.00279,1.50,1.35
2012.10.11 01:15:28.389,1.00268,1.00279,1.50,1.35
2012.10.11 01:15:30.569,1.00268,1.00281,1.50,1.35
2012.10.11 01:15:31.110,1.00269,1.00282,1.50,2.48
2012.10.11 01:15:33.827,1.00269,1.00282,1.50,1.73
2012.10.11 01:15:34.009,1.00267,1.00282,1.50,3.23
2012.10.11 01:15:40.531,1.00268,1.00279,1.50,2.10
2012.10.11 01:15:44.449,1.00265,1.00279,1.73,2.85
2012.10.11 01:15:48.249,1.00264,1.00278,1.73,1.73
2012.10.11 01:15:48.739,1.00263,1.00276,1.73,1.73
2012.10.11 01:15:48.859,1.00262,1.00276,2.48,3.23
2012.10.11 01:15:49.381,1.00261,1.00273,1.73,3.23
2012.10.11 01:15:51.737,1.00261,1.00273,2.48,1.50
2012.10.11 01:15:52.040,1.00261,1.00274,3.23,1.50
2012.10.11 01:15:52.442,1.00261,1.00276,3.23,1.73
2012.10.11 01:15:52.690,1.00261,1.00276,3.23,1.73
2012.10.11 01:15:57.678,1.00261,1.00276,3.23,3.23
2012.10.11 01:15:58.229,1.00261,1.00276,3.23,3.23
2012.10.11 01:15:59.317,1.00261,1.00276,3.23,3.23
2012.10.11 01:15:59.382,1.00261,1.00276,3.23,2.48
2012.10.11 01:16:02.211,1.00265,1.00278,1.50,2.85
2012.10.11 01:16:02.461,1.00265,1.00278,1.73,1.35
2012.10.11 01:16:02.820,1.00262,1.00277,2.48,2.48
2012.10.11 01:16:04.210,1.00262,1.00277,2.48,1.73
2012.10.11 01:16:06.619,1.00261,1.00278,3.23,2.10
2012.10.11 01:16:07.349,1.00263,1.00279,2.48,1.73
2012.10.11 01:16:07.894,1.00263,1.00279,2.48,1.73
2012.10.11 01:16:11.199,1.00264,1.0028,1.73,1.73
2012.10.11 01:16:11.739,1.00264,1.0028,1.73,2.48
2012.10.11 01:16:11.800,1.00264,1.0028,1.73,2.48
2012.10.11 01:16:14.279,1.00263,1.0028,2.85,2.48
2012.10.11 01:16:18.974,1.00266,1.00281,2.25,3.98
2012.10.11 01:16:19.474,1.00267,1.00284,2.48,2.48
2012.10.11 01:16:22.250,1.0027,1.00284,1.50,2.48
2012.10.11 01:16:22.314,1.00272,1.00285,1.73,1.50
2012.10.11 01:16:22.382,1.00272,1.00286,1.73,1.35
2012.10.11 01:16:22.691,1.00273,1.00288,2.48,1.73
2012.10.11 01:16:23.439,1.00272,1.00287,2.48,2.48
2012.10.11 01:16:24.039,1.00271,1.00286,2.10,2.48
2012.10.11 01:16:24.590,1.00271,1.00286,2.10,2.48
2012.10.11 01:16:25.121,1.00271,1.00286,2.10,2.48
2012.10.11 01:16:26.394,1.00269,1.00286,3.23,3.23
2012.10.11 01:16:26.533,1.00269,1.00283,1.73,2.48
2012.10.11 01:16:26.602,1.0027,1.00283,1.73,2.25
2012.10.11 01:16:27.029,1.0027,1.00286,1.73,2.48
2012.10.11 01:16:27.732,1.00269,1.00286,3.23,2.48
2012.10.11 01:16:27.859,1.00269,1.00284,1.73,2.25
2012.10.11 01:16:27.979,1.00268,1.00283,4.73,2.48
2012.10.11 01:16:28.399,1.00272,1.00285,1.73,1.73
2012.10.11 01:16:29.239,1.0027,1.00286,2.10,2.48
2012.10.11 01:16:29.770,1.0027,1.00286,2.10,2.25
2012.10.11 01:16:30.779,1.0027,1.00286,1.73,2.25
2012.10.11 01:16:30.839,1.0027,1.00286,1.73,2.48
2012.10.11 01:16:31.209,1.00269,1.00283,1.35,1.73
2012.10.11 01:16:31.336,1.00269,1.00283,1.35,1.73
2012.10.11 01:16:35.099,1.0027,1.00283,2.48,2.25
2012.10.11 01:16:35.671,1.00271,1.00286,1.73,1.50
2012.10.11 01:16:38.969,1.00271,1.00286,1.35,2.25
2012.10.11 01:16:39.029,1.00271,1.00286,1.35,2.48
2012.10.11 01:16:42.720,1.00267,1.00283,3.75,2.48
2012.10.11 01:16:43.019,1.00265,1.0028,1.35,1.73
2012.10.11 01:16:44.739,1.00264,1.0028,1.73,2.48
2012.10.11 01:16:47.429,1.00266,1.0028,2.48,1.35
2012.10.11 01:16:47.730,1.00266,1.0028,2.48,1.35
2012.10.11 01:16:47.789,1.00266,1.0028,1.73,1.35
2012.10.11 01:16:47.908,1.00263,1.00278,1.73,1.73
2012.10.11 01:16:48.458,1.00263,1.00278,1.73,3.23
2012.10.11 01:16:48.818,1.00263,1.00278,1.73,3.23
2012.10.11 01:16:49.001,1.00263,1.00278,1.73,2.48
2012.10.11 01:16:49.718,1.00263,1.00278,1.73,1.73
2012.10.11 01:17:01.419,1.00263,1.0028,3.98,2.25
2012.10.11 01:17:01.720,1.00267,1.0028,1.73,1.50
2012.10.11 01:17:05.919,1.00266,1.0028,1.73,1.50
2012.10.11 01:17:05.980,1.00266,1.0028,1.73,1.73
2012.10.11 01:17:06.487,1.00266,1.0028,1.73,1.73
2012.10.11 01:17:10.749,1.00264,1.00277,1.73,1.50
2012.10.11 01:17:11.049,1.00263,1.00277,1.73,1.73
2012.10.11 01:17:11.289,1.00263,1.00274,1.73,1.50
2012.10.11 01:17:11.811,1.00259,1.00273,1.73,1.73
2012.10.11 01:17:12.352,1.00257,1.00273,1.73,2.85
2012.10.11 01:17:12.730,1.00256,1.00268,1.73,1.50
2012.10.11 01:17:12.789,1.00256,1.00268,1.73,1.50
2012.10.11 01:17:13.089,1.00254,1.00266,1.73,1.50
2012.10.11 01:17:13.510,1.00252,1.00266,1.35,3.00
2012.10.11 01:17:14.059,1.00251,1.00266,2.85,3.00
2012.10.11 01:17:15.088,1.00251,1.00266,2.48,2.25
2012.10.11 01:17:16.159,1.00251,1.00266,2.48,3.00
2012.10.11 01:17:17.180,1.00249,1.00262,3.23,1.50
2012.10.11 01:17:17.239,1.00248,1.00262,1.73,2.48
2012.10.11 01:17:18.720,1.00244,1.00259,5.33,1.50
2012.10.11 01:17:18.900,1.00244,1.00259,3.98,2.25
2012.10.11 01:17:19.439,1.00246,1.00261,1.73,2.48
2012.10.11 01:17:20.109,1.00243,1.0026,2.48,2.48
2012.10.11 01:17:20.648,1.00245,1.00262,2.48,3.23
2012.10.11 01:17:22.219,1.00245,1.0026,1.73,1.50
2012.10.11 01:17:22.759,1.00247,1.00263,2.48,1.35
2012.10.11 01:17:24.959,1.00243,1.00257,1.73,1.50
2012.10.11 01:17:26.832,1.00244,1.00259,1.73,1.50
2012.10.11 01:17:28.719,1.00244,1.00259,2.10,4.73
2012.10.11 01:17:29.545,1.00241,1.00256,1.73,1.50
2012.10.11 01:17:29.683,1.00242,1.00257,1.73,2.25
2012.10.11 01:17:29.990,1.00239,1.00253,1.35,2.25
2012.10.11 01:17:30.059,1.00238,1.00253,4.73,1.50
2012.10.11 01:17:30.479,1.00241,1.00258,2.48,2.85
2012.10.11 01:17:30.998,1.00242,1.00258,1.73,2.48
2012.10.11 01:17:31.348,1.00242,1.00258,1.73,2.48
2012.10.11 01:17:31.469,1.00246,1.00259,2.48,2.10
2012.10.11 01:17:39.098,1.00246,1.00261,3.23,1.73
2012.10.11 01:17:42.380,1.00246,1.00261,3.23,1.73
2012.10.11 01:17:42.499,1.00246,1.00258,3.00,1.35
2012.10.11 01:17:42.619,1.00246,1.0026,1.73,1.73
2012.10.11 01:17:42.889,1.00246,1.00262,1.73,1.73
2012.10.11 01:17:43.069,1.00246,1.00262,1.73,1.73
2012.10.11 01:17:43.611,1.00251,1.00266,1.50,4.73
2012.10.11 01:17:43.673,1.00252,1.00267,2.48,2.25
2012.10.11 01:17:43.858,1.00253,1.0027,2.48,1.73
2012.10.11 01:17:44.431,1.00252,1.00267,2.48,1.50
2012.10.11 01:17:45.239,1.00251,1.00266,2.10,1.50
2012.10.11 01:17:45.539,1.00251,1.00266,2.10,1.73
2012.10.11 01:17:46.080,1.00249,1.00266,3.98,2.48
2012.10.11 01:17:50.339,1.00248,1.00263,3.23,2.48
2012.10.11 01:17:51.164,1.00249,1.00263,1.73,2.48
2012.10.11 01:17:51.469,1.00252,1.00268,1.50,5.10
2012.10.11 01:17:51.710,1.00254,1.00269,2.48,2.70
2012.10.11 01:17:52.250,1.0025,1.00264,3.08,1.50
2012.10.11 01:17:52.789,1.0025,1.00264,3.08,2.25
2012.10.11 01:17:59.359,1.0025,1.00266,1.58,2.25
2012.10.11 01:18:00.969,1.00248,1.00263,7.20,2.25
2012.10.11 01:18:01.030,1.00249,1.00263,1.58,2.25
2012.10.11 01:18:01.389,1.00248,1.00263,1.73,2.25
2012.10.11 01:18:01.449,1.00248,1.00264,1.73,2.48
2012.10.11 01:18:02.889,1.00249,1.00263,1.73,2.48
2012.10.11 01:18:05.382,1.00249,1.00263,1.73,2.85
2012.10.11 01:18:14.618,1.00249,1.00263,1.73,2.48
2012.10.11 01:18:19.330,1.00248,1.00263,2.48,1.73
2012.10.11 01:18:22.130,1.00246,1.00258,1.73,1.73
2012.10.11 01:18:22.189,1.00245,1.00258,1.35,1.73
2012.10.11 01:18:22.250,1.00245,1.00261,1.35,2.48
2012.10.11 01:18:22.549,1.00244,1.00261,2.85,2.48
2012.10.11 01:18:23.210,1.00245,1.00261,2.10,2.48
2012.10.11 01:18:23.801,1.00245,1.00261,2.10,2.48
2012.10.11 01:18:24.049,1.00247,1.00262,2.25,3.23
2012.10.11 01:18:24.350,1.00251,1.00265,3.23,1.73
2012.10.11 01:18:29.393,1.00252,1.00266,1.73,1.73
2012.10.11 01:18:29.464,1.00252,1.00268,2.48,1.73
2012.10.11 01:18:29.532,1.00252,1.00268,2.48,1.73
2012.10.11 01:18:30.389,1.00254,1.0027,1.73,2.85
2012.10.11 01:18:31.352,1.00259,1.00271,1.50,2.48
2012.10.11 01:18:31.600,1.00259,1.00273,3.23,1.73
2012.10.11 01:18:31.841,1.00261,1.00276,3.23,2.48
2012.10.11 01:18:32.020,1.00263,1.00276,1.73,1.73
2012.10.11 01:18:32.138,1.00263,1.00276,1.73,1.73
2012.10.11 01:18:32.680,1.00261,1.00274,1.35,1.50
2012.10.11 01:18:33.041,1.00259,1.00273,1.73,2.48
2012.10.11 01:18:33.599,1.00259,1.00274,3.23,3.23
2012.10.11 01:18:35.049,1.00263,1.00274,1.50,1.73
2012.10.11 01:18:35.351,1.00263,1.00277,3.23,1.13
2012.10.11 01:18:35.540,1.00263,1.00277,1.73,1.35
2012.10.11 01:18:35.660,1.00262,1.00279,3.98,3.23
2012.10.11 01:18:36.353,1.00269,1.00281,1.50,2.10
2012.10.11 01:18:37.209,1.0027,1.00284,1.73,2.85
2012.10.11 01:18:37.785,1.0027,1.00284,1.73,2.48
2012.10.11 01:18:39.310,1.00271,1.00284,1.73,1.50
2012.10.11 01:18:39.861,1.00272,1.00289,2.48,2.85
2012.10.11 01:18:40.220,1.00272,1.00289,3.23,2.85
2012.10.11 01:18:40.761,1.00275,1.0029,1.73,2.48
2012.10.11 01:18:41.120,1.00277,1.00291,3.23,1.35
2012.10.11 01:18:41.239,1.00277,1.00291,1.50,2.85
2012.10.11 01:18:41.300,1.00274,1.00291,4.73,1.73
2012.10.11 01:18:41.422,1.00274,1.00291,4.73,2.48
2012.10.11 01:18:41.871,1.00274,1.00288,3.00,3.23
2012.10.11 01:18:42.126,1.00277,1.0029,2.48,2.48
2012.10.11 01:18:42.195,1.00278,1.00293,2.48,1.73
2012.10.11 01:18:42.751,1.0028,1.00294,1.50,1.73
2012.10.11 01:18:43.321,1.00278,1.00295,3.98,4.73
2012.10.11 01:18:45.769,1.00279,1.00294,1.50,2.48
2012.10.11 01:18:47.632,1.00279,1.00294,1.50,2.48
2012.10.11 01:18:49.340,1.0028,1.00293,3.23,1.73
2012.10.11 01:18:49.460,1.0028,1.00294,2.25,3.23
2012.10.11 01:18:49.700,1.00281,1.00295,1.73,1.73
2012.10.11 01:18:50.241,1.00281,1.00295,3.38,1.73
2012.10.11 01:18:50.310,1.00281,1.00294,1.88,3.23
2012.10.11 01:18:51.110,1.00279,1.00294,3.00,3.98
2012.10.11 01:18:51.230,1.00279,1.00293,1.73,3.23
2012.10.11 01:18:56.697,1.0028,1.00293,2.48,1.73
2012.10.11 01:19:00.710,1.00281,1.00295,1.73,2.85
2012.10.11 01:19:03.370,1.00281,1.00294,1.73,1.73
2012.10.11 01:19:04.549,1.00276,1.00292,4.73,1.35
2012.10.11 01:19:07.090,1.00274,1.00288,2.48,2.48
2012.10.11 01:19:07.690,1.00273,1.00287,2.48,1.35
2012.10.11 01:19:08.120,1.00274,1.00287,1.73,2.25
2012.10.11 01:19:08.239,1.00277,1.00291,1.73,1.35
2012.10.11 01:19:08.299,1.00277,1.00291,1.73,1.35
2012.10.11 01:19:09.219,1.00277,1.00291,2.48,1.35
2012.10.11 01:19:09.339,1.00277,1.00291,2.48,1.35
2012.10.11 01:19:09.819,1.00277,1.00291,2.48,1.35
2012.10.11 01:19:10.369,1.00277,1.00291,2.48,1.35
2012.10.11 01:19:11.530,1.00275,1.0029,3.23,2.48
2012.10.11 01:19:11.849,1.00274,1.00288,1.73,2.48
2012.10.11 01:19:12.092,1.00274,1.00288,1.73,2.48
2012.10.11 01:19:13.330,1.00278,1.00292,1.73,1.35
2012.10.11 01:19:13.450,1.00278,1.00292,1.73,1.13
2012.10.11 01:19:13.510,1.0028,1.00293,3.23,1.35
2012.10.11 01:19:14.270,1.0028,1.00294,3.23,1.73
2012.10.11 01:19:14.810,1.00279,1.00292,1.73,1.88
2012.10.11 01:19:14.991,1.00278,1.00291,1.73,2.40
2012.10.11 01:19:16.739,1.00276,1.00291,1.73,1.73
2012.10.11 01:19:19.050,1.00276,1.00287,1.73,1.50
2012.10.11 01:19:19.109,1.00274,1.00287,1.73,1.73
2012.10.11 01:19:19.349,1.00272,1.00285,1.35,1.50
2012.10.11 01:19:20.019,1.00272,1.00287,1.35,1.73
2012.10.11 01:19:23.191,1.00273,1.00288,1.73,2.85
2012.10.11 01:19:25.719,1.00273,1.00288,1.50,2.85
2012.10.11 01:19:26.100,1.00271,1.00286,3.23,1.35
2012.10.11 01:19:29.239,1.0027,1.00284,1.73,2.25
2012.10.11 01:19:29.619,1.00268,1.00281,1.35,1.50
2012.10.11 01:19:29.919,1.00268,1.00281,1.35,1.50
2012.10.11 01:19:33.870,1.00269,1.00284,1.73,2.48
2012.10.11 01:19:35.569,1.00269,1.00284,1.73,2.10
2012.10.11 01:19:35.960,1.00273,1.00285,1.73,1.35
2012.10.11 01:19:36.829,1.00272,1.00286,1.73,2.85
2012.10.11 01:19:37.360,1.0027,1.00284,1.73,1.50
2012.10.11 01:19:38.113,1.00271,1.00286,1.73,2.85
2012.10.11 01:19:47.709,1.00274,1.00286,1.73,1.50
2012.10.11 01:19:48.219,1.00272,1.00288,1.73,2.85
2012.10.11 01:19:50.079,1.00272,1.00286,1.73,1.50
2012.10.11 01:19:50.462,1.00271,1.00286,2.85,2.25
2012.10.11 01:19:52.159,1.00271,1.00284,1.73,1.50
2012.10.11 01:19:54.260,1.00271,1.00284,1.73,1.73
2012.10.11 01:19:54.804,1.00271,1.00283,1.73,1.73
2012.10.11 01:19:58.639,1.00272,1.00286,1.73,1.73
2012.10.11 01:19:58.880,1.00272,1.00287,3.23,3.60
2012.10.11 01:19:59.190,1.00272,1.00287,3.23,2.85
2012.10.11 01:20:08.998,1.00273,1.00287,1.73,3.23
2012.10.11 01:20:16.549,1.00272,1.00287,3.98,1.50
2012.10.11 01:20:17.460,1.00274,1.00289,2.48,1.50
2012.10.11 01:20:19.820,1.00275,1.00288,1.73,1.50
2012.10.11 01:20:22.417,1.00278,1.00292,1.73,1.35
2012.10.11 01:20:22.539,1.00278,1.00292,1.73,1.35
2012.10.11 01:20:22.659,1.00278,1.00294,1.73,2.85
2012.10.11 01:20:24.500,1.00278,1.00286,2.48,1.50
2012.10.11 01:20:24.620,1.00278,1.0029,1.73,1.13
2012.10.11 01:20:24.679,1.00278,1.00291,1.73,2.25
2012.10.11 01:20:25.041,1.00283,1.00297,1.50,2.48
2012.10.11 01:20:25.160,1.00283,1.00299,2.48,2.85
2012.10.11 01:20:25.459,1.00287,1.00301,1.73,2.48
2012.10.11 01:20:25.990,1.00289,1.00303,1.73,2.48
2012.10.11 01:20:26.529,1.00289,1.00303,1.73,2.48
2012.10.11 01:20:26.831,1.00289,1.00303,1.73,2.25
2012.10.11 01:20:30.059,1.00291,1.00303,1.73,2.25
2012.10.11 01:20:33.449,1.0029,1.00305,2.48,2.48
2012.10.11 01:20:39.244,1.00286,1.00302,3.23,1.73
2012.10.11 01:20:39.310,1.00286,1.00302,2.48,1.73
2012.10.11 01:20:39.430,1.00285,1.003,3.23,1.50
2012.10.11 01:20:41.150,1.00286,1.00303,3.23,5.48
2012.10.11 01:20:41.818,1.00287,1.00303,1.50,3.23
2012.10.11 01:20:41.939,1.00287,1.00298,1.73,2.85
2012.10.11 01:20:45.460,1.00287,1.00299,1.73,1.50
2012.10.11 01:20:46.019,1.00286,1.003,1.73,1.50
2012.10.11 01:20:46.521,1.00287,1.003,1.73,1.50
2012.10.11 01:20:46.640,1.00289,1.00305,2.48,1.13
2012.10.11 01:20:46.820,1.00291,1.00306,1.73,2.85
2012.10.11 01:20:46.879,1.00292,1.00306,2.13,2.63
2012.10.11 01:20:47.119,1.00292,1.00308,1.73,2.48
2012.10.11 01:20:47.629,1.00292,1.00306,1.73,2.25
2012.10.11 01:20:47.768,1.00292,1.00306,1.73,2.25
2012.10.11 01:20:51.850,1.00297,1.00306,1.73,1.50
2012.10.11 01:20:51.969,1.00297,1.00309,1.73,1.50
2012.10.11 01:20:52.399,1.00296,1.00311,3.23,2.48
2012.10.11 01:20:53.291,1.00295,1.0031,1.73,2.48
2012.10.11 01:20:53.910,1.00294,1.0031,1.35,2.48
2012.10.11 01:20:54.391,1.00291,1.00308,4.73,2.25
2012.10.11 01:20:54.579,1.00291,1.00308,4.95,3.98
2012.10.11 01:20:54.759,1.00291,1.00303,1.58,2.25
2012.10.11 01:20:54.880,1.0029,1.00303,1.38,2.25
2012.10.11 01:20:55.429,1.00291,1.00306,2.48,2.85
2012.10.11 01:20:56.743,1.00291,1.00306,1.73,2.48
2012.10.11 01:20:56.869,1.00291,1.00306,1.73,2.48
2012.10.11 01:20:58.169,1.00291,1.00305,1.73,2.48
2012.10.11 01:20:59.799,1.00289,1.00302,1.73,2.25
2012.10.11 01:21:01.460,1.00287,1.00302,1.73,2.25
2012.10.11 01:21:02.033,1.00287,1.00299,1.35,1.50
2012.10.11 01:21:02.959,1.00289,1.00302,1.73,1.50
2012.10.11 01:21:03.140,1.00289,1.00299,1.73,1.50
2012.10.11 01:21:03.442,1.00286,1.00296,1.73,2.25
2012.10.11 01:21:03.505,1.00286,1.00296,1.73,2.25
2012.10.11 01:21:03.690,1.00282,1.00296,1.35,1.50
2012.10.11 01:21:03.750,1.00282,1.00296,1.35,1.50
2012.10.11 01:21:04.051,1.00282,1.00293,1.13,2.48
2012.10.11 01:21:05.481,1.0028,1.00293,1.50,1.73
2012.10.11 01:21:06.610,1.0028,1.00294,1.50,1.73
2012.10.11 01:21:06.970,1.00281,1.00297,1.73,2.48
2012.10.11 01:21:07.499,1.00281,1.00297,1.73,2.48
2012.10.11 01:21:11.269,1.00281,1.00295,1.73,1.35
2012.10.11 01:21:11.519,1.0028,1.00295,2.48,1.35
2012.10.11 01:21:11.822,1.00278,1.00291,1.95,1.73
2012.10.11 01:21:11.891,1.00278,1.00291,1.35,1.73
2012.10.11 01:21:12.449,1.00275,1.00291,1.73,1.73
2012.10.11 01:21:12.569,1.00275,1.00291,1.50,1.73
2012.10.11 01:21:13.483,1.00277,1.00292,2.25,1.88
2012.10.11 01:21:15.569,1.00278,1.00292,1.73,1.50
2012.10.11 01:21:15.929,1.00278,1.00292,1.73,2.25
2012.10.11 01:21:16.230,1.00279,1.00292,1.50,1.50
2012.10.11 01:21:18.333,1.00277,1.00292,3.23,2.25
2012.10.11 01:21:18.881,1.00277,1.0029,1.73,1.50
2012.10.11 01:21:18.942,1.00275,1.00288,1.73,1.50
2012.10.11 01:21:19.489,1.00275,1.00288,1.73,1.73
2012.10.11 01:21:20.198,1.00275,1.00288,1.73,1.73
2012.10.11 01:21:26.139,1.00275,1.0029,3.23,3.75
2012.10.11 01:21:26.539,1.00276,1.0029,1.73,2.25
2012.10.11 01:21:26.720,1.0028,1.0029,1.50,2.25
2012.10.11 01:21:26.839,1.0028,1.00293,1.73,3.00
2012.10.11 01:21:26.901,1.00281,1.00293,1.73,3.00
2012.10.11 01:21:27.019,1.00281,1.00293,1.73,1.50
2012.10.11 01:21:27.080,1.00281,1.00295,3.23,1.35
2012.10.11 01:21:27.319,1.00283,1.00296,1.73,1.88
2012.10.11 01:21:27.620,1.00281,1.00295,2.48,1.35
2012.10.11 01:21:27.860,1.0028,1.00294,1.73,2.25
2012.10.11 01:21:28.370,1.00281,1.00295,2.48,1.35
2012.10.11 01:21:28.731,1.00281,1.00296,3.23,2.25
2012.10.11 01:21:29.210,1.00284,1.00296,1.73,2.25
2012.10.11 01:21:29.449,1.00281,1.00296,2.85,2.25
2012.10.11 01:21:29.979,1.00282,1.00296,1.73,2.25
2012.10.11 01:21:30.889,1.00281,1.00296,2.48,2.25
2012.10.11 01:21:31.799,1.00283,1.00296,1.73,1.50
2012.10.11 01:21:31.949,1.00281,1.00296,2.48,2.25
2012.10.11 01:21:32.900,1.00281,1.00294,1.73,2.48
2012.10.11 01:21:33.429,1.00283,1.00294,1.50,1.73
2012.10.11 01:21:33.958,1.0028,1.00294,1.73,2.48
2012.10.11 01:21:34.498,1.00283,1.00294,1.50,1.73
2012.10.11 01:21:36.109,1.00282,1.00294,1.50,1.73
2012.10.11 01:21:36.369,1.00279,1.00294,3.23,2.48
2012.10.11 01:21:36.668,1.00279,1.00295,1.73,2.48
2012.10.11 01:21:39.009,1.0028,1.00293,1.73,2.48
2012.10.11 01:21:39.748,1.0028,1.00293,1.73,1.73
2012.10.11 01:21:40.249,1.00284,1.00295,1.50,1.73
2012.10.11 01:21:40.830,1.00284,1.00295,1.73,1.50
2012.10.11 01:21:40.949,1.00285,1.00299,1.73,1.50
2012.10.11 01:21:41.259,1.00285,1.003,1.73,2.48
2012.10.11 01:21:41.378,1.00285,1.003,1.73,2.48
2012.10.11 01:21:41.678,1.00285,1.003,1.73,2.48
2012.10.11 01:21:43.848,1.00285,1.003,1.73,2.25
2012.10.11 01:21:44.089,1.00288,1.00302,1.73,1.73
2012.10.11 01:21:44.390,1.00287,1.00302,3.23,1.73
2012.10.11 01:21:44.892,1.00288,1.00304,1.73,2.48
2012.10.11 01:21:45.579,1.00287,1.00304,3.23,2.48
2012.10.11 01:21:45.759,1.00287,1.00304,3.23,2.48
2012.10.11 01:21:46.898,1.00286,1.00301,2.48,2.48
2012.10.11 01:21:47.437,1.00285,1.00299,1.73,2.48
2012.10.11 01:21:47.938,1.00286,1.00299,1.73,2.48
2012.10.11 01:21:48.239,1.00288,1.00299,2.10,1.50
2012.10.11 01:21:48.540,1.00291,1.00306,2.48,1.73
2012.10.11 01:21:48.848,1.00293,1.00307,1.73,2.48
2012.10.11 01:21:49.555,1.00293,1.00307,1.73,1.73
2012.10.11 01:21:50.084,1.00293,1.00308,1.73,3.98
2012.10.11 01:21:51.248,1.00293,1.00308,1.50,3.98
2012.10.11 01:21:52.328,1.00293,1.00306,1.50,1.73
2012.10.11 01:21:52.578,1.00293,1.00306,3.00,1.73
2012.10.11 01:21:52.889,1.00295,1.00307,1.50,1.58
2012.10.11 01:21:53.250,1.00301,1.00311,1.50,2.25
2012.10.11 01:21:53.371,1.00299,1.00314,2.25,3.00
2012.10.11 01:21:53.440,1.00299,1.00314,2.25,2.25
2012.10.11 01:21:53.798,1.00298,1.00311,1.18,2.25
2012.10.11 01:21:54.099,1.00296,1.00311,3.23,2.25
2012.10.11 01:21:55.047,1.00297,1.00311,1.73,2.25
2012.10.11 01:21:55.638,1.00297,1.00311,1.73,2.25
2012.10.11 01:21:55.831,1.00295,1.00309,1.73,1.50
2012.10.11 01:21:55.949,1.00293,1.0031,2.85,2.25
2012.10.11 01:21:56.189,1.00295,1.00308,1.73,1.50
2012.10.11 01:21:56.609,1.00297,1.00312,1.73,2.48
2012.10.11 01:21:57.148,1.00297,1.00314,3.23,2.48
2012.10.11 01:21:57.209,1.00299,1.00314,1.73,2.48
2012.10.11 01:21:59.828,1.00301,1.00312,1.73,1.50
2012.10.11 01:22:00.008,1.00298,1.00312,1.73,2.25
2012.10.11 01:22:00.778,1.003,1.00314,1.73,2.48
2012.10.11 01:22:01.090,1.00301,1.00314,2.10,2.48
2012.10.11 01:22:01.208,1.00301,1.00314,1.73,2.48
2012.10.11 01:22:02.808,1.00297,1.00314,3.60,2.48
2012.10.11 01:22:05.039,1.00298,1.00314,1.73,2.48
2012.10.11 01:22:05.338,1.00298,1.00314,1.73,2.48
2012.10.11 01:22:06.280,1.00298,1.00311,1.73,2.25
2012.10.11 01:22:06.853,1.00297,1.00311,1.73,2.25
2012.10.11 01:22:07.368,1.00299,1.00311,1.73,2.25
2012.10.11 01:22:07.753,1.00304,1.00313,1.13,1.73
2012.10.11 01:22:08.300,1.00304,1.00316,1.73,2.25
2012.10.11 01:22:08.418,1.00304,1.00314,1.73,1.50
2012.10.11 01:22:08.658,1.00304,1.00316,1.73,1.50
2012.10.11 01:22:09.448,1.00301,1.00315,1.35,2.25
2012.10.11 01:22:09.868,1.00298,1.00315,5.13,2.48
2012.10.11 01:22:09.991,1.00301,1.00316,2.48,2.25
2012.10.11 01:22:10.059,1.00304,1.00316,1.13,2.48
2012.10.11 01:22:10.239,1.00304,1.00316,1.73,2.48
2012.10.11 01:22:10.359,1.00301,1.00316,3.23,2.48
2012.10.11 01:22:10.659,1.00301,1.00316,3.23,2.48
2012.10.11 01:22:11.088,1.00303,1.00316,1.73,1.73
2012.10.11 01:22:11.210,1.00308,1.00322,1.50,1.73
2012.10.11 01:22:11.508,1.00311,1.00322,1.50,1.73
2012.10.11 01:22:11.699,1.00311,1.00322,1.50,1.73
2012.10.11 01:22:11.939,1.00312,1.00325,1.35,2.25
2012.10.11 01:22:11.998,1.00314,1.00325,1.73,1.50
2012.10.11 01:22:12.798,1.00314,1.00325,1.50,1.73
2012.10.11 01:22:13.328,1.00314,1.00322,1.50,1.50
2012.10.11 01:22:14.699,1.00314,1.00324,1.50,1.73
2012.10.11 01:22:15.450,1.00311,1.00326,2.48,1.50
2012.10.11 01:22:15.510,1.00314,1.00328,1.73,1.50
2012.10.11 01:22:16.097,1.00314,1.00329,1.73,2.10
2012.10.11 01:22:22.958,1.00315,1.00329,1.73,3.23
2012.10.11 01:22:24.299,1.00313,1.00327,1.73,1.73
2012.10.11 01:22:36.493,1.00313,1.00327,1.73,2.48
2012.10.11 01:22:37.060,1.00313,1.00327,1.73,2.48
2012.10.11 01:22:39.739,1.00313,1.00326,1.73,2.48
2012.10.11 01:22:40.487,1.00311,1.00324,1.73,1.50
2012.10.11 01:22:46.278,1.00311,1.00324,1.73,1.50
2012.10.11 01:22:46.959,1.00311,1.00324,1.73,1.50
2012.10.11 01:22:47.499,1.00311,1.00326,3.23,2.25
2012.10.11 01:22:47.764,1.0031,1.00324,2.48,1.88
2012.10.11 01:22:47.836,1.0031,1.00324,2.48,1.88
2012.10.11 01:22:48.199,1.00312,1.00326,1.73,2.48
2012.10.11 01:22:48.762,1.00312,1.00324,1.73,1.50
2012.10.11 01:22:50.647,1.00312,1.00326,1.73,2.48
2012.10.11 01:22:51.188,1.00311,1.00324,1.73,1.50
2012.10.11 01:22:51.815,1.00311,1.00324,1.73,2.25
2012.10.11 01:22:52.702,1.0031,1.00324,1.73,2.25
2012.10.11 01:22:52.857,1.0031,1.00324,1.73,2.25
2012.10.11 01:22:53.388,1.00309,1.00324,3.23,2.25
2012.10.11 01:22:58.748,1.00309,1.00324,3.23,2.25
2012.10.11 01:22:59.541,1.00309,1.00324,1.73,2.85
2012.10.11 01:22:59.684,1.00306,1.00322,1.73,2.48
2012.10.11 01:23:03.629,1.00305,1.00321,3.23,1.13
2012.10.11 01:23:03.999,1.00308,1.00321,1.73,1.13
2012.10.11 01:23:04.478,1.00306,1.00321,1.73,2.85
2012.10.11 01:23:05.349,1.00311,1.00321,1.73,1.13
2012.10.11 01:23:05.409,1.00311,1.00326,1.73,4.73
2012.10.11 01:23:05.589,1.00311,1.00325,2.33,1.50
2012.10.11 01:23:05.948,1.00308,1.00323,1.58,2.25
2012.10.11 01:23:06.498,1.00308,1.00323,1.58,2.25
2012.10.11 01:23:13.469,1.00308,1.00323,1.58,2.25
2012.10.11 01:23:14.709,1.00307,1.00323,3.48,2.25
2012.10.11 01:23:16.710,1.00307,1.0032,1.98,3.00
2012.10.11 01:23:16.829,1.00306,1.0032,3.48,3.00
2012.10.11 01:23:17.369,1.00307,1.00321,1.73,3.00
2012.10.11 01:23:21.446,1.00308,1.00323,2.48,2.85
2012.10.11 01:23:35.181,1.00308,1.00323,2.48,3.23
2012.10.11 01:23:36.069,1.00306,1.00322,1.73,2.48
2012.10.11 01:23:39.318,1.00304,1.0032,2.33,3.23
2012.10.11 01:23:39.619,1.00304,1.00317,1.73,1.50
2012.10.11 01:23:40.163,1.00302,1.00317,2.48,3.75
2012.10.11 01:23:40.290,1.003,1.00314,3.63,1.73
2012.10.11 01:23:40.351,1.003,1.00312,2.13,1.50
2012.10.11 01:23:40.660,1.003,1.00307,2.13,1.50
2012.10.11 01:23:41.043,1.003,1.00307,1.16,1.50
2012.10.11 01:23:41.580,1.00293,1.00307,1.73,1.50
2012.10.11 01:23:59.850,1.00295,1.00309,1.35,2.48
2012.10.11 01:24:00.379,1.00295,1.00307,1.35,1.50
2012.10.11 01:24:09.749,1.00295,1.00308,1.35,1.13
2012.10.11 01:24:10.908,1.00294,1.0031,1.73,3.00
2012.10.11 01:24:12.669,1.00294,1.00308,1.73,3.00
2012.10.11 01:24:13.003,1.00294,1.00306,1.50,2.25
2012.10.11 01:24:13.504,1.00294,1.00307,1.50,2.25
2012.10.11 01:24:14.196,1.00294,1.00307,1.50,1.50
2012.10.11 01:24:14.589,1.00294,1.00307,1.65,1.50
2012.10.11 01:24:14.919,1.00294,1.00309,3.15,2.25
2012.10.11 01:24:16.319,1.00294,1.00309,3.23,3.00
2012.10.11 01:24:16.439,1.00294,1.00309,2.48,4.73
2012.10.11 01:24:16.559,1.00292,1.00304,1.73,1.50
2012.10.11 01:24:16.860,1.00293,1.00307,1.73,1.50
2012.10.11 01:24:16.920,1.00293,1.00307,1.73,1.50
2012.10.11 01:24:17.039,1.00292,1.00306,1.73,3.38
2012.10.11 01:24:17.341,1.00293,1.00306,1.73,1.13
2012.10.11 01:24:17.880,1.0029,1.00305,1.73,1.13
2012.10.11 01:24:18.899,1.0029,1.00303,1.73,1.50
2012.10.11 01:24:19.018,1.00289,1.00302,1.73,2.25
2012.10.11 01:24:20.910,1.00291,1.00302,1.73,1.50
2012.10.11 01:24:20.970,1.00293,1.00305,1.73,1.73
2012.10.11 01:24:21.529,1.00292,1.00308,1.35,3.23
2012.10.11 01:24:21.590,1.00292,1.00308,1.35,2.48
2012.10.11 01:24:22.210,1.00292,1.00305,1.35,1.73
2012.10.11 01:24:23.629,1.00289,1.00305,2.10,1.50
2012.10.11 01:24:24.130,1.00292,1.00308,3.23,2.48
2012.10.11 01:24:24.723,1.00292,1.00308,3.23,1.35
2012.10.11 01:24:27.169,1.00292,1.00307,2.48,1.13
2012.10.11 01:24:27.290,1.00289,1.00305,1.73,2.48
2012.10.11 01:24:27.711,1.00288,1.00305,4.35,2.48
2012.10.11 01:24:28.432,1.00289,1.00305,1.73,2.48
2012.10.11 01:24:30.999,1.00288,1.00305,2.85,2.48
2012.10.11 01:24:31.240,1.00287,1.00302,1.35,2.25
2012.10.11 01:24:31.788,1.00287,1.003,1.73,1.50
2012.10.11 01:24:32.184,1.00286,1.003,1.73,2.25
2012.10.11 01:24:32.369,1.00285,1.00298,1.73,2.25
2012.10.11 01:24:32.549,1.00286,1.00298,1.73,2.25
2012.10.11 01:24:32.729,1.00286,1.00301,1.73,3.23
2012.10.11 01:24:33.298,1.00286,1.00301,1.73,2.48
2012.10.11 01:24:33.359,1.00286,1.00301,1.73,2.25
2012.10.11 01:24:34.300,1.00285,1.00301,1.73,2.25
2012.10.11 01:24:34.418,1.00285,1.00301,1.73,2.25
2012.10.11 01:24:34.978,1.00285,1.00301,1.73,1.50
2012.10.11 01:24:40.239,1.00287,1.00301,1.35,2.25
2012.10.11 01:24:42.780,1.00287,1.00299,1.35,1.50
2012.10.11 01:24:43.818,1.00286,1.00299,1.35,2.25
2012.10.11 01:24:45.465,1.00286,1.00299,1.35,1.50
2012.10.11 01:24:53.309,1.00285,1.00299,1.35,2.25
2012.10.11 01:24:53.370,1.00283,1.00298,2.10,1.50
2012.10.11 01:24:54.356,1.00283,1.00299,2.10,2.25
2012.10.11 01:25:00.020,1.00284,1.00298,1.73,1.50
2012.10.11 01:25:00.288,1.00284,1.00299,1.73,1.50
2012.10.11 01:25:03.119,1.00284,1.00299,1.73,2.25
2012.10.11 01:25:03.419,1.00285,1.003,2.85,3.75
2012.10.11 01:25:05.378,1.00285,1.00298,1.35,1.50
2012.10.11 01:25:11.439,1.00285,1.003,1.35,1.50
2012.10.11 01:25:11.559,1.00286,1.003,1.35,1.50
2012.10.11 01:25:12.068,1.00287,1.00301,1.35,1.50
2012.10.11 01:25:12.248,1.00287,1.00301,1.35,2.48
2012.10.11 01:25:12.369,1.00286,1.00298,1.35,1.50
2012.10.11 01:25:12.985,1.00288,1.00298,1.35,1.50
2012.10.11 01:25:15.730,1.00287,1.003,2.48,1.50
2012.10.11 01:25:15.789,1.00287,1.003,2.48,1.50
2012.10.11 01:25:16.339,1.00287,1.00302,2.48,3.00
2012.10.11 01:25:19.959,1.00286,1.00298,1.73,1.50
2012.10.11 01:25:20.299,1.00286,1.00298,1.73,1.50
2012.10.11 01:25:21.389,1.00286,1.00298,1.50,1.50
2012.10.11 01:25:23.635,1.00286,1.00298,1.50,1.50
2012.10.11 01:25:26.760,1.00285,1.003,3.23,1.50
2012.10.11 01:25:29.421,1.00291,1.00302,2.25,1.13
2012.10.11 01:25:29.719,1.00289,1.00304,3.23,2.25
2012.10.11 01:25:31.499,1.00289,1.00304,3.23,2.25
2012.10.11 01:25:31.859,1.00289,1.00304,3.98,2.25
2012.10.11 01:25:32.039,1.00292,1.00306,1.35,2.48
2012.10.11 01:25:32.550,1.00292,1.00309,2.85,3.60
2012.10.11 01:25:33.889,1.00292,1.00307,1.35,1.50
2012.10.11 01:25:37.380,1.00294,1.00307,1.35,2.25
2012.10.11 01:25:37.440,1.00291,1.00306,2.48,2.25
2012.10.11 01:25:37.499,1.0029,1.00303,1.35,1.50
2012.10.11 01:25:37.740,1.0029,1.00303,1.35,1.50
2012.10.11 01:25:41.055,1.0029,1.00305,1.35,2.25
2012.10.11 01:25:49.122,1.00291,1.00306,1.73,2.63
2012.10.11 01:25:49.250,1.00294,1.00303,1.35,1.50
2012.10.11 01:25:51.028,1.00293,1.00307,1.73,2.48
2012.10.11 01:25:51.089,1.00293,1.00307,1.73,2.25
2012.10.11 01:25:51.209,1.00294,1.00308,2.10,2.85
2012.10.11 01:25:51.783,1.00295,1.00309,1.35,1.73
2012.10.11 01:26:01.049,1.00294,1.00307,2.10,1.50
2012.10.11 01:26:11.558,1.00294,1.00307,1.73,1.50
2012.10.11 01:26:12.467,1.00294,1.00309,3.23,2.25
2012.10.11 01:26:32.910,1.00295,1.00309,1.73,1.50
2012.10.11 01:26:34.411,1.00295,1.00309,1.50,1.50
2012.10.11 01:26:35.350,1.00294,1.00309,2.40,1.50
2012.10.11 01:26:48.680,1.00296,1.00309,1.35,2.25
2012.10.11 01:26:50.339,1.00296,1.00309,1.35,2.48
2012.10.11 01:27:06.479,1.00294,1.00308,2.10,1.73
2012.10.11 01:27:07.929,1.00294,1.00308,1.13,2.48
2012.10.11 01:27:07.989,1.00293,1.00308,1.50,3.23
2012.10.11 01:27:09.158,1.00292,1.00306,1.13,1.73
2012.10.11 01:27:09.521,1.00292,1.00306,1.13,2.48
2012.10.11 01:27:10.222,1.00288,1.00302,2.10,1.73
2012.10.11 01:27:10.290,1.00288,1.00302,2.10,1.73
2012.10.11 01:27:11.120,1.00288,1.00302,1.20,2.48
2012.10.11 01:27:14.030,1.00288,1.00303,2.85,1.73
2012.10.11 01:27:14.879,1.00288,1.00301,1.35,1.73
2012.10.11 01:27:15.779,1.00288,1.003,1.35,1.73
2012.10.11 01:27:16.020,1.00284,1.00298,2.10,1.50
2012.10.11 01:27:16.321,1.00284,1.00296,2.10,1.50
2012.10.11 01:27:16.501,1.00281,1.00294,1.50,1.73
2012.10.11 01:27:16.560,1.00279,1.00291,1.88,1.73
2012.10.11 01:27:16.620,1.00279,1.00289,1.50,1.73
2012.10.11 01:27:16.922,1.00274,1.00282,1.50,2.25
2012.10.11 01:27:17.230,1.00267,1.00277,1.73,1.13
2012.10.11 01:27:17.350,1.00265,1.00277,1.73,1.13
2012.10.11 01:27:17.889,1.00265,1.00276,1.73,1.50
2012.10.11 01:27:18.476,1.00262,1.00276,1.73,1.50
2012.10.11 01:27:18.555,1.00261,1.00277,3.23,1.35
2012.10.11 01:27:19.600,1.00263,1.00276,1.73,1.13
2012.10.11 01:27:19.960,1.00264,1.0028,1.73,2.85
2012.10.11 01:27:20.081,1.00269,1.0028,1.50,2.10
2012.10.11 01:27:20.620,1.00275,1.00281,1.50,1.50
2012.10.11 01:27:20.868,1.00273,1.00285,3.00,1.50
2012.10.11 01:27:21.180,1.00273,1.00288,1.50,3.23
2012.10.11 01:27:21.318,1.00273,1.00288,1.73,3.00
2012.10.11 01:27:22.009,1.00268,1.00282,2.51,2.25
2012.10.11 01:27:22.146,1.00268,1.00282,1.38,2.25
2012.10.11 01:27:26.738,1.00267,1.00282,3.23,2.25
2012.10.11 01:27:27.260,1.00267,1.00282,2.48,2.25
2012.10.11 01:27:27.809,1.00267,1.00282,2.48,1.50
2012.10.11 01:27:28.310,1.00267,1.00282,2.48,2.25
2012.10.11 01:27:28.843,1.00267,1.00282,2.48,2.25
2012.10.11 01:27:29.709,1.00267,1.00282,3.23,2.25
2012.10.11 01:27:31.230,1.00269,1.00282,1.35,2.25
2012.10.11 01:27:34.360,1.00269,1.00282,1.35,2.25
2012.10.11 01:27:35.111,1.00269,1.00282,1.35,2.25
2012.10.11 01:27:35.170,1.00267,1.00281,1.13,1.50
2012.10.11 01:27:35.708,1.00266,1.00281,1.88,1.50
2012.10.11 01:27:37.588,1.00267,1.00281,1.13,1.50
2012.10.11 01:27:37.768,1.00269,1.00284,2.10,3.23
2012.10.11 01:27:38.390,1.00268,1.00283,1.35,2.48
2012.10.11 01:27:38.450,1.00266,1.0028,1.88,1.50
2012.10.11 01:27:38.779,1.00265,1.00278,1.13,1.50
2012.10.11 01:27:41.819,1.00265,1.00282,2.63,4.73
2012.10.11 01:27:50.331,1.00269,1.00283,2.63,1.73
2012.10.11 01:27:50.570,1.00272,1.00284,1.13,1.73
2012.10.11 01:27:51.124,1.00272,1.00287,1.13,1.73
2012.10.11 01:27:55.300,1.00273,1.00288,2.25,3.23
2012.10.11 01:28:00.041,1.00273,1.00283,1.50,1.73
2012.10.11 01:28:00.101,1.00271,1.00283,1.50,1.73
2012.10.11 01:28:00.170,1.00271,1.00284,2.25,1.73
2012.10.11 01:28:00.290,1.0027,1.00285,2.63,2.48
2012.10.11 01:28:02.517,1.0027,1.00284,2.25,1.13
2012.10.11 01:28:03.160,1.00269,1.00284,2.25,2.10
2012.10.11 01:28:04.831,1.00267,1.0028,1.35,1.50
2012.10.11 01:28:04.950,1.00267,1.0028,1.13,1.73
2012.10.11 01:28:05.192,1.00264,1.00279,2.33,2.48
2012.10.11 01:28:05.320,1.00264,1.00279,1.35,2.48
2012.10.11 01:28:06.169,1.00262,1.00279,3.23,2.48
2012.10.11 01:28:06.960,1.00262,1.00278,2.85,1.35
2012.10.11 01:28:07.081,1.00263,1.00278,1.73,1.35
2012.10.11 01:28:07.919,1.00262,1.00278,2.48,2.10
2012.10.11 01:28:08.468,1.00262,1.00278,2.48,1.35
2012.10.11 01:28:09.869,1.00262,1.00279,2.48,2.85
2012.10.11 01:28:11.209,1.00262,1.00277,1.73,1.50
2012.10.11 01:28:11.600,1.00262,1.00274,1.73,1.35
2012.10.11 01:28:11.839,1.00262,1.00275,1.50,1.50
2012.10.11 01:28:12.139,1.00262,1.00268,1.50,1.50
2012.10.11 01:28:12.259,1.00262,1.00275,1.50,1.73
2012.10.11 01:28:12.749,1.0026,1.00275,1.50,3.98
2012.10.11 01:28:12.809,1.00259,1.00271,2.25,1.73
2012.10.11 01:28:13.320,1.00259,1.00271,1.50,1.73
2012.10.11 01:28:13.501,1.00261,1.00274,1.50,1.73
2012.10.11 01:28:13.620,1.00261,1.00274,1.50,1.73
2012.10.11 01:28:14.169,1.00261,1.00277,1.50,1.73
2012.10.11 01:28:20.471,1.00263,1.00276,1.50,1.73
2012.10.11 01:28:20.531,1.0026,1.00274,1.50,1.73
2012.10.11 01:28:20.710,1.0026,1.00274,1.73,1.73
2012.10.11 01:28:21.401,1.0026,1.00275,1.50,1.73
2012.10.11 01:28:21.580,1.0026,1.00273,1.50,3.23
2012.10.11 01:28:22.059,1.00257,1.00272,2.25,2.48
2012.10.11 01:28:24.541,1.00256,1.0027,1.88,1.73
2012.10.11 01:28:25.030,1.00256,1.00271,1.50,1.73
2012.10.11 01:28:28.230,1.00257,1.00272,2.25,1.73
2012.10.11 01:28:28.413,1.00255,1.00269,1.13,3.23
2012.10.11 01:28:28.543,1.00255,1.00269,1.13,3.23
2012.10.11 01:28:28.986,1.00252,1.00267,2.10,2.48
2012.10.11 01:28:29.234,1.00252,1.00267,1.73,1.73
2012.10.11 01:28:29.360,1.00252,1.00269,3.60,3.23
2012.10.11 01:28:29.659,1.00253,1.00269,3.00,2.48
2012.10.11 01:28:29.900,1.00254,1.00271,4.13,4.35
2012.10.11 01:28:42.694,1.00254,1.00268,1.88,1.73
2012.10.11 01:28:42.767,1.00254,1.00268,1.50,2.48
2012.10.11 01:28:42.837,1.00252,1.00266,2.25,2.48
2012.10.11 01:28:42.903,1.00251,1.00266,2.25,2.48
2012.10.11 01:28:43.045,1.00248,1.00265,3.94,2.48
2012.10.11 01:28:43.590,1.00247,1.00261,2.44,1.88
2012.10.11 01:28:44.129,1.00247,1.00261,1.50,1.35
2012.10.11 01:28:50.472,1.00246,1.00263,3.00,2.85
2012.10.11 01:28:51.021,1.00246,1.0026,1.50,1.50
2012.10.11 01:28:51.571,1.00244,1.00259,3.23,2.48
2012.10.11 01:28:55.328,1.00244,1.00259,2.25,2.48
2012.10.11 01:28:55.453,1.00247,1.0026,2.25,2.48
2012.10.11 01:28:55.580,1.00243,1.00258,3.23,2.48
2012.10.11 01:28:55.701,1.00243,1.00258,3.23,3.23
2012.10.11 01:28:56.061,1.00242,1.00256,2.10,2.48
2012.10.11 01:29:00.920,1.00242,1.00258,2.10,1.73
2012.10.11 01:29:02.800,1.00242,1.00255,1.13,2.48
2012.10.11 01:29:03.345,1.00238,1.00255,3.98,2.48
2012.10.11 01:29:04.770,1.00238,1.00255,3.60,2.48
2012.10.11 01:29:06.309,1.00241,1.00256,2.25,3.98
2012.10.11 01:29:06.729,1.00241,1.00256,2.48,3.23
2012.10.11 01:29:11.232,1.00241,1.00254,1.50,2.48
2012.10.11 01:29:11.300,1.00237,1.00252,4.73,2.48
2012.10.11 01:29:14.182,1.00238,1.00253,1.35,2.48
2012.10.11 01:29:14.463,1.0024,1.00253,1.73,1.50
2012.10.11 01:29:14.674,1.00239,1.00253,1.73,1.13
2012.10.11 01:29:14.979,1.00242,1.00254,2.48,2.10
2012.10.11 01:29:15.179,1.00242,1.00253,1.50,1.35
2012.10.11 01:29:15.728,1.00237,1.00252,2.10,1.73
2012.10.11 01:29:16.061,1.00235,1.00249,1.69,2.10
2012.10.11 01:29:16.119,1.00235,1.00246,1.69,1.73
2012.10.11 01:29:16.629,1.00234,1.00246,1.50,1.73
2012.10.11 01:29:17.168,1.00235,1.00246,1.13,1.50
2012.10.11 01:29:18.859,1.00235,1.00246,1.13,1.73
2012.10.11 01:29:19.344,1.00233,1.00246,1.50,2.48
2012.10.11 01:29:19.470,1.00234,1.00246,1.13,2.48
2012.10.11 01:29:20.019,1.00233,1.00246,1.88,2.48
2012.10.11 01:29:20.139,1.00233,1.00246,1.50,2.48
2012.10.11 01:29:20.259,1.00233,1.00246,1.50,2.48
2012.10.11 01:29:20.818,1.00232,1.00246,1.88,2.48
2012.10.11 01:29:21.059,1.00232,1.00246,1.13,1.73
2012.10.11 01:29:21.599,1.00233,1.00246,1.13,2.48
2012.10.11 01:29:22.139,1.00231,1.00246,2.63,2.48
2012.10.11 01:29:22.889,1.00231,1.00246,2.85,2.48
2012.10.11 01:29:24.560,1.00231,1.00247,1.35,3.23
2012.10.11 01:29:26.440,1.00232,1.00247,1.35,3.23
2012.10.11 01:29:28.439,1.00231,1.00247,1.13,3.23
2012.10.11 01:29:28.560,1.00231,1.00246,1.13,1.35
2012.10.11 01:29:28.859,1.0023,1.00246,3.00,2.10
2012.10.11 01:29:31.559,1.00232,1.00246,1.50,1.35
2012.10.11 01:29:38.079,1.00232,1.00246,1.50,1.13
2012.10.11 01:29:40.061,1.00236,1.00246,1.50,1.20
2012.10.11 01:29:40.310,1.00238,1.00248,1.73,1.50
2012.10.11 01:29:40.430,1.00238,1.00249,1.73,1.50
2012.10.11 01:29:40.550,1.00239,1.00254,2.48,2.85
2012.10.11 01:29:40.610,1.00241,1.00256,2.48,3.60
2012.10.11 01:29:41.129,1.00242,1.00255,1.35,2.48
2012.10.11 01:29:41.611,1.00244,1.00259,1.50,1.50
2012.10.11 01:29:41.673,1.00244,1.00259,1.73,1.73
2012.10.11 01:29:41.919,1.00248,1.00262,2.25,1.73
2012.10.11 01:29:42.670,1.00248,1.00262,1.50,2.48
2012.10.11 01:29:43.950,1.00248,1.0026,1.50,1.73
2012.10.11 01:29:44.010,1.00248,1.00259,1.50,2.63
2012.10.11 01:29:44.320,1.00246,1.00258,1.50,1.95
2012.10.11 01:29:46.970,1.00246,1.00257,1.50,2.10
2012.10.11 01:29:47.811,1.00245,1.00257,1.50,2.85
2012.10.11 01:29:48.329,1.00247,1.00258,1.50,2.10
2012.10.11 01:29:51.100,1.00246,1.00258,1.50,1.92
2012.10.11 01:29:51.340,1.00244,1.00258,1.50,2.33
2012.10.11 01:29:51.880,1.00243,1.00258,1.88,2.33
2012.10.11 01:29:52.389,1.00244,1.00258,1.50,2.85
2012.10.11 01:29:53.390,1.00244,1.00258,1.50,3.60
2012.10.11 01:29:53.641,1.00241,1.00254,1.50,2.48
2012.10.11 01:29:54.599,1.00241,1.00247,1.50,1.50
2012.10.11 01:29:54.901,1.00236,1.00247,1.50,1.73
2012.10.11 01:29:54.972,1.00233,1.00247,1.73,1.73
2012.10.11 01:29:55.040,1.00233,1.00246,1.73,1.73
2012.10.11 01:29:55.220,1.00233,1.00244,1.73,3.75
2012.10.11 01:29:55.351,1.00231,1.00242,1.13,1.73
2012.10.11 01:29:55.770,1.00231,1.00241,1.13,2.48
2012.10.11 01:29:56.152,1.00225,1.00237,1.50,1.73
2012.10.11 01:29:56.629,1.00223,1.00234,1.73,1.73
2012.10.11 01:29:56.999,1.00223,1.00237,3.23,2.48
2012.10.11 01:29:57.634,1.00223,1.00238,3.00,3.60
2012.10.11 01:29:58.280,1.00223,1.00238,3.23,2.48
2012.10.11 01:29:59.410,1.00224,1.00238,1.50,2.48
2012.10.11 01:30:02.332,1.00223,1.00234,1.50,1.73
2012.10.11 01:30:02.582,1.0022,1.00234,2.25,3.23
2012.10.11 01:30:03.130,1.00219,1.00233,3.23,1.73
2012.10.11 01:30:03.190,1.00219,1.00233,1.50,1.73
2012.10.11 01:30:03.372,1.00217,1.00229,1.88,3.23
2012.10.11 01:30:03.892,1.00217,1.00226,1.50,1.35
2012.10.11 01:30:04.381,1.00213,1.00227,1.73,1.73
2012.10.11 01:30:04.442,1.00213,1.00227,3.08,1.73
2012.10.11 01:30:04.502,1.00211,1.00226,3.38,1.73
2012.10.11 01:30:05.071,1.00212,1.00226,2.48,1.73
2012.10.11 01:30:05.583,1.00214,1.00229,1.88,3.98
2012.10.11 01:30:08.499,1.00213,1.00226,1.50,1.73
2012.10.11 01:30:08.919,1.00211,1.00225,1.35,3.23
2012.10.11 01:30:09.969,1.00211,1.00224,1.35,2.48
2012.10.11 01:30:10.589,1.00211,1.00225,2.85,1.73
2012.10.11 01:30:11.140,1.00209,1.00223,1.35,2.48
2012.10.11 01:30:11.560,1.00205,1.00223,1.35,1.73
2012.10.11 01:30:12.566,1.00206,1.00221,1.35,2.48
2012.10.11 01:30:13.188,1.00203,1.00219,1.35,1.73
2012.10.11 01:30:13.572,1.00203,1.00219,2.10,1.73
2012.10.11 01:30:14.130,1.00203,1.00219,1.73,1.73
2012.10.11 01:30:14.643,1.00203,1.0022,3.23,3.23
2012.10.11 01:30:15.320,1.00203,1.00219,2.25,1.73
2012.10.11 01:30:15.559,1.00202,1.00219,4.35,1.73
2012.10.11 01:30:16.323,1.00202,1.00219,4.13,1.73
2012.10.11 01:30:16.511,1.002,1.00216,3.23,1.73
2012.10.11 01:30:18.293,1.002,1.00216,2.48,1.73
2012.10.11 01:30:19.800,1.002,1.00218,3.23,1.35
2012.10.11 01:30:19.920,1.002,1.00218,3.23,1.73
2012.10.11 01:30:20.041,1.00201,1.00219,2.48,1.35
2012.10.11 01:30:20.280,1.00201,1.00218,2.48,1.73
2012.10.11 01:30:20.760,1.00204,1.00216,1.73,1.35
2012.10.11 01:30:21.061,1.00205,1.00222,2.48,3.23
2012.10.11 01:30:21.960,1.00206,1.00222,2.48,1.73
2012.10.11 01:30:22.079,1.00206,1.00222,2.48,1.73
2012.10.11 01:30:22.630,1.00206,1.00224,2.48,1.35
2012.10.11 01:30:23.350,1.00208,1.00222,2.25,1.73
2012.10.11 01:30:23.958,1.00207,1.00224,1.73,1.35
2012.10.11 01:30:24.732,1.00208,1.00224,1.50,1.35
2012.10.11 01:30:25.233,1.00208,1.00224,3.23,1.35
2012.10.11 01:30:25.580,1.00208,1.00224,3.23,2.10
2012.10.11 01:30:26.269,1.00206,1.00223,1.50,1.73
2012.10.11 01:30:28.009,1.00206,1.00223,1.50,1.73
2012.10.11 01:30:30.409,1.00206,1.00223,1.50,1.13
2012.10.11 01:30:32.700,1.00206,1.00223,1.88,1.73
2012.10.11 01:30:35.659,1.00207,1.00223,1.50,1.73
2012.10.11 01:30:36.609,1.00206,1.0022,1.13,1.73
2012.10.11 01:30:36.671,1.00207,1.00219,1.50,1.73
2012.10.11 01:30:37.213,1.00205,1.00219,1.50,1.73
2012.10.11 01:30:37.759,1.00208,1.00219,1.50,1.13
2012.10.11 01:30:38.150,1.00206,1.00218,1.50,1.70
2012.10.11 01:30:38.910,1.00207,1.00218,1.50,1.70
2012.10.11 01:30:39.428,1.00207,1.00218,1.50,1.70
2012.10.11 01:30:40.600,1.00202,1.00217,1.50,1.20
2012.10.11 01:30:40.659,1.002,1.00217,1.50,1.95
2012.10.11 01:30:41.220,1.00201,1.00215,1.50,1.73
2012.10.11 01:30:41.780,1.00197,1.00212,1.35,1.73
2012.10.11 01:30:41.840,1.00197,1.00211,1.13,1.73
2012.10.11 01:30:42.382,1.00193,1.00208,1.73,1.73
2012.10.11 01:30:42.862,1.00193,1.00208,1.50,3.23
2012.10.11 01:30:44.260,1.00191,1.00205,1.73,1.73
2012.10.11 01:30:44.321,1.0019,1.00206,1.88,2.10
2012.10.11 01:30:44.560,1.00191,1.00206,1.73,1.35
2012.10.11 01:30:45.059,1.00191,1.00206,1.50,1.35
2012.10.11 01:30:45.623,1.0019,1.00204,1.50,1.73
2012.10.11 01:30:46.140,1.0019,1.00205,1.88,2.48
2012.10.11 01:30:46.820,1.00191,1.00205,1.50,1.73
2012.10.11 01:30:47.361,1.0019,1.00204,2.10,1.73
2012.10.11 01:30:47.721,1.00191,1.00204,1.88,1.35
2012.10.11 01:30:47.780,1.00191,1.00206,1.88,2.48
2012.10.11 01:30:48.400,1.00191,1.00205,1.88,1.35
2012.10.11 01:30:49.407,1.00189,1.00204,1.73,1.35
2012.10.11 01:30:49.489,1.0019,1.00204,1.50,1.35
2012.10.11 01:30:51.750,1.00186,1.00202,2.10,1.35
2012.10.11 01:30:51.930,1.00186,1.00202,2.10,2.10
2012.10.11 01:30:53.111,1.00186,1.00202,2.10,3.23
2012.10.11 01:30:54.060,1.00184,1.00199,1.35,1.73
2012.10.11 01:30:54.702,1.00183,1.00198,1.13,1.73
2012.10.11 01:30:55.011,1.00175,1.00187,1.50,1.58
2012.10.11 01:30:55.272,1.00176,1.00185,1.13,1.73
2012.10.11 01:30:55.402,1.00176,1.00188,1.13,1.35
2012.10.11 01:30:55.534,1.0017,1.00186,1.35,2.33
2012.10.11 01:30:55.860,1.00168,1.00184,1.35,1.35
2012.10.11 01:30:56.162,1.00168,1.00185,1.35,1.58
2012.10.11 01:30:56.290,1.00167,1.00184,2.48,1.73
2012.10.11 01:30:56.592,1.00161,1.00177,2.48,1.50
2012.10.11 01:30:57.144,1.00152,1.00166,1.35,2.85
2012.10.11 01:30:57.212,1.00152,1.00167,1.35,2.85
2012.10.11 01:30:57.904,1.00152,1.00167,1.50,2.48
2012.10.11 01:30:58.580,1.0015,1.00168,2.25,1.35
2012.10.11 01:30:59.001,1.00149,1.00168,2.40,2.10
2012.10.11 01:30:59.481,1.00148,1.00167,1.50,1.60
2012.10.11 01:30:59.607,1.00149,1.00166,1.50,1.73
2012.10.11 01:30:59.853,1.00148,1.00164,1.50,2.48
2012.10.11 01:31:00.400,1.00148,1.00165,2.25,1.73
2012.10.11 01:31:00.771,1.0015,1.00166,1.73,1.35
2012.10.11 01:31:00.830,1.00152,1.00167,1.50,1.35
2012.10.11 01:31:01.351,1.00152,1.00167,1.73,1.35
2012.10.11 01:31:01.909,1.00153,1.00171,1.50,1.73
2012.10.11 01:31:02.212,1.00152,1.00171,1.13,2.48
2012.10.11 01:31:02.763,1.00153,1.0017,1.50,1.73
2012.10.11 01:31:03.251,1.00157,1.00174,2.63,2.57
2012.10.11 01:31:03.429,1.00157,1.00174,1.50,1.73
2012.10.11 01:31:03.669,1.00159,1.00174,1.13,1.73
2012.10.11 01:31:04.231,1.00159,1.00175,1.13,1.73
2012.10.11 01:31:04.350,1.00159,1.00175,1.13,1.73
2012.10.11 01:31:04.639,1.00159,1.00177,1.13,4.73
2012.10.11 01:31:05.061,1.00162,1.00177,1.13,3.23
2012.10.11 01:31:05.898,1.00163,1.00179,1.35,2.48
2012.10.11 01:31:05.966,1.00163,1.00179,1.54,2.48
2012.10.11 01:31:06.186,1.00171,1.00186,1.88,2.48
2012.10.11 01:31:06.322,1.00173,1.00188,1.13,2.85
2012.10.11 01:31:06.641,1.00174,1.00188,1.50,2.48
2012.10.11 01:31:06.884,1.00176,1.00189,1.88,1.35
2012.10.11 01:31:07.130,1.00176,1.00193,2.07,1.73
2012.10.11 01:31:07.192,1.00179,1.00196,2.25,1.73
2012.10.11 01:31:07.500,1.00181,1.00198,1.13,1.41
2012.10.11 01:31:07.559,1.00181,1.00199,1.35,1.35
2012.10.11 01:31:08.341,1.00183,1.00199,1.13,2.85
2012.10.11 01:31:08.880,1.00183,1.00198,1.35,2.48
2012.10.11 01:31:09.020,1.00181,1.00198,1.35,2.48
2012.10.11 01:31:09.561,1.00183,1.00198,1.50,1.73
2012.10.11 01:31:10.100,1.00182,1.00196,1.73,1.07
2012.10.11 01:31:10.343,1.0018,1.00195,1.50,1.73
2012.10.11 01:31:10.661,1.00179,1.00195,1.88,3.86
2012.10.11 01:31:11.141,1.00177,1.00194,1.88,2.33
2012.10.11 01:31:11.322,1.00182,1.00195,1.50,1.61
2012.10.11 01:31:11.629,1.00183,1.00196,2.25,1.38
2012.10.11 01:31:11.810,1.00188,1.00201,1.50,1.38
2012.10.11 01:31:12.531,1.00188,1.00205,1.50,3.04
2012.10.11 01:31:12.590,1.00188,1.00205,1.50,2.48
2012.10.11 01:31:13.252,1.00189,1.00208,1.73,1.73
2012.10.11 01:31:13.323,1.00193,1.00209,1.50,1.73
2012.10.11 01:31:14.491,1.00195,1.00211,1.50,2.48
2012.10.11 01:31:15.580,1.00195,1.00211,1.50,1.73
2012.10.11 01:31:15.950,1.00195,1.00211,1.50,1.73
2012.10.11 01:31:16.490,1.00196,1.00211,1.50,1.73
2012.10.11 01:31:17.080,1.00197,1.00214,1.50,4.67
2012.10.11 01:31:17.139,1.00197,1.00214,1.50,4.17
2012.10.11 01:31:17.379,1.00197,1.00214,1.50,4.17
2012.10.11 01:31:19.121,1.00198,1.00213,1.13,1.73
2012.10.11 01:31:20.460,1.00196,1.00213,1.13,2.10
2012.10.11 01:31:20.761,1.00196,1.00213,1.13,2.10
2012.10.11 01:31:21.299,1.00196,1.00211,1.50,1.73
2012.10.11 01:31:21.600,1.00196,1.00211,1.50,1.73
2012.10.11 01:31:22.102,1.00198,1.00211,1.13,1.73
2012.10.11 01:31:23.730,1.00196,1.00212,1.13,1.35
2012.10.11 01:31:25.537,1.00196,1.00212,1.88,1.73
2012.10.11 01:31:25.840,1.00197,1.00212,1.50,1.73
2012.10.11 01:31:25.900,1.00197,1.00212,1.50,1.73
2012.10.11 01:31:28.180,1.00196,1.00213,2.10,1.73
2012.10.11 01:31:29.594,1.00196,1.00215,1.35,1.35
2012.10.11 01:31:29.738,1.00196,1.00215,1.13,2.10
2012.10.11 01:31:30.589,1.00194,1.00211,1.88,1.73
2012.10.11 01:31:36.133,1.00194,1.0021,1.13,1.35
2012.10.11 01:31:37.941,1.00194,1.0021,1.88,1.35
2012.10.11 01:31:38.780,1.00194,1.0021,1.88,1.73
2012.10.11 01:31:38.839,1.00196,1.0021,1.13,1.73
2012.10.11 01:31:39.020,1.00196,1.0021,1.88,1.73
2012.10.11 01:31:39.559,1.00196,1.0021,1.50,1.73
2012.10.11 01:31:43.993,1.00194,1.0021,1.88,1.73
2012.10.11 01:31:44.501,1.00193,1.00209,1.50,1.73
2012.10.11 01:31:45.040,1.00192,1.00208,1.13,1.35
2012.10.11 01:31:49.322,1.00193,1.00208,1.13,2.10
2012.10.11 01:31:49.680,1.00192,1.00206,1.35,1.50
2012.10.11 01:31:49.802,1.00191,1.00206,2.10,1.50
2012.10.11 01:31:50.111,1.00192,1.00206,1.35,1.73
2012.10.11 01:31:50.901,1.00193,1.0021,1.50,1.35
2012.10.11 01:31:51.021,1.00194,1.00211,1.13,1.35
2012.10.11 01:31:51.143,1.00194,1.00211,1.35,1.35
2012.10.11 01:31:51.355,1.00196,1.00211,2.33,1.35
2012.10.11 01:31:51.494,1.00196,1.00211,1.73,1.35
2012.10.11 01:31:52.042,1.00195,1.00211,1.50,1.35
2012.10.11 01:31:52.284,1.00195,1.00211,1.73,1.35
2012.10.11 01:31:53.064,1.00199,1.00213,1.35,1.73
2012.10.11 01:31:54.400,1.00198,1.00215,1.73,2.10
2012.10.11 01:31:54.829,1.00197,1.00215,1.50,2.10
2012.10.11 01:31:55.080,1.00197,1.00215,1.88,2.10
2012.10.11 01:31:55.440,1.002,1.00216,1.50,1.36
2012.10.11 01:31:55.961,1.00201,1.00216,1.50,1.36
2012.10.11 01:31:56.151,1.00201,1.0022,2.48,1.73
2012.10.11 01:31:57.012,1.00202,1.0022,1.35,1.73
2012.10.11 01:31:58.321,1.00203,1.00221,1.35,2.48
2012.10.11 01:31:58.559,1.00203,1.00221,1.35,2.48
2012.10.11 01:32:00.110,1.00203,1.00221,1.35,2.48
2012.10.11 01:32:00.515,1.00204,1.00221,1.35,1.73
2012.10.11 01:32:00.829,1.00205,1.00222,2.70,2.48
2012.10.11 01:32:01.131,1.00212,1.00225,1.35,1.73
2012.10.11 01:32:02.180,1.00212,1.00226,1.20,1.73
2012.10.11 01:32:03.970,1.00212,1.00227,1.95,1.73
2012.10.11 01:32:04.289,1.00212,1.00228,1.20,1.73
2012.10.11 01:32:04.830,1.00215,1.00231,1.35,2.48
2012.10.11 01:32:05.190,1.00219,1.00234,1.13,1.73
2012.10.11 01:32:05.960,1.00221,1.00236,2.25,1.29
2012.10.11 01:32:06.462,1.00223,1.00238,1.13,1.52
2012.10.11 01:32:06.530,1.00223,1.0024,1.35,2.85
2012.10.11 01:32:07.669,1.00223,1.0024,1.35,2.85
2012.10.11 01:32:07.789,1.00224,1.0024,1.35,2.85
2012.10.11 01:32:09.020,1.00225,1.00241,1.35,2.48
2012.10.11 01:32:09.379,1.00225,1.00241,1.35,2.48
2012.10.11 01:32:09.439,1.00226,1.00241,1.35,2.48
2012.10.11 01:32:10.631,1.00226,1.00241,1.20,2.85
2012.10.11 01:32:10.949,1.0022,1.00236,3.60,1.35
2012.10.11 01:32:11.069,1.0022,1.00236,2.10,1.35
2012.10.11 01:32:11.431,1.0022,1.00236,1.88,1.35
2012.10.11 01:32:12.431,1.00219,1.00236,1.73,1.35
2012.10.11 01:32:13.601,1.00218,1.00236,2.10,2.10
2012.10.11 01:32:15.452,1.00218,1.00236,1.35,2.48
2012.10.11 01:32:16.060,1.00218,1.00234,1.73,1.73
2012.10.11 01:32:16.130,1.00216,1.00232,2.33,1.35
2012.10.11 01:32:18.981,1.00217,1.00232,1.58,1.35
2012.10.11 01:32:19.710,1.00216,1.00232,1.13,1.35
2012.10.11 01:32:23.809,1.00215,1.0023,2.48,1.35
2012.10.11 01:32:23.990,1.00215,1.0023,1.50,1.35
2012.10.11 01:32:24.231,1.00212,1.00227,1.73,1.73
2012.10.11 01:32:24.471,1.00209,1.00223,1.73,1.35
2012.10.11 01:32:24.771,1.00209,1.00223,1.73,1.35
2012.10.11 01:32:25.414,1.00208,1.00223,3.23,1.35
2012.10.11 01:32:26.135,1.00205,1.00223,2.85,1.35
2012.10.11 01:32:26.470,1.00205,1.0022,1.88,1.35
2012.10.11 01:32:27.271,1.00205,1.00221,2.25,1.73
2012.10.11 01:32:27.330,1.00206,1.00221,1.73,1.73
2012.10.11 01:32:27.451,1.00204,1.00221,1.50,1.73
2012.10.11 01:32:27.809,1.00204,1.00218,1.50,1.35
2012.10.11 01:32:29.420,1.00203,1.00216,2.25,1.35
2012.10.11 01:32:29.841,1.00204,1.00216,1.13,1.35
2012.10.11 01:32:30.139,1.00207,1.00224,1.50,2.48
2012.10.11 01:32:30.919,1.00208,1.00224,1.50,1.73
2012.10.11 01:32:31.792,1.00202,1.00214,1.50,1.35
2012.10.11 01:32:31.861,1.00201,1.00214,2.25,1.35
2012.10.11 01:32:31.919,1.00198,1.00214,1.58,1.35
2012.10.11 01:32:32.100,1.00196,1.00214,1.35,1.35
2012.10.11 01:32:32.400,1.00198,1.00215,1.73,1.35
2012.10.11 01:32:34.110,1.00201,1.00216,1.73,1.35
2012.10.11 01:32:34.471,1.00202,1.00217,1.73,1.35
2012.10.11 01:32:35.360,1.00201,1.00217,2.48,1.35
2012.10.11 01:32:35.420,1.00202,1.00217,1.73,1.35
2012.10.11 01:32:35.930,1.00205,1.00218,1.50,1.35
2012.10.11 01:32:41.160,1.00203,1.0022,2.48,1.73
2012.10.11 01:32:41.461,1.00197,1.00216,1.73,2.48
2012.10.11 01:32:41.820,1.00193,1.0021,3.00,2.48
2012.10.11 01:32:41.939,1.00194,1.00209,1.50,1.73
2012.10.11 01:32:43.990,1.00189,1.00207,2.48,1.35
2012.10.11 01:32:44.110,1.00189,1.00206,2.25,1.73
2012.10.11 01:32:44.170,1.00189,1.00206,2.25,2.48
2012.10.11 01:32:44.590,1.00188,1.00201,1.50,1.73
2012.10.11 01:32:44.650,1.00186,1.002,2.25,1.73
2012.10.11 01:32:44.961,1.00182,1.00193,1.73,1.35
2012.10.11 01:32:45.975,1.00179,1.00195,1.73,1.73
2012.10.11 01:32:46.650,1.00182,1.00198,1.50,1.73
2012.10.11 01:32:47.320,1.00184,1.002,1.50,1.73
2012.10.11 01:32:47.380,1.00184,1.00202,1.50,2.70
2012.10.11 01:32:47.921,1.00184,1.00201,1.50,1.52
2012.10.11 01:32:48.680,1.00183,1.002,1.50,1.73
2012.10.11 01:32:48.990,1.00186,1.00201,1.50,2.48
2012.10.11 01:32:49.530,1.00187,1.00201,1.50,1.73
2012.10.11 01:32:49.650,1.00187,1.00203,1.50,1.73
2012.10.11 01:32:50.071,1.0019,1.00205,1.50,2.85
2012.10.11 01:32:50.193,1.00192,1.00205,1.73,1.35
2012.10.11 01:32:50.260,1.00192,1.00205,1.73,1.35
2012.10.11 01:32:50.321,1.00193,1.0021,1.73,1.73
2012.10.11 01:32:56.140,1.00195,1.00211,2.10,1.73
2012.10.11 01:32:59.699,1.00198,1.00211,1.50,1.73
2012.10.11 01:32:59.777,1.00201,1.00217,1.50,4.32
2012.10.11 01:32:59.850,1.00202,1.00217,1.13,3.57
2012.10.11 01:32:59.926,1.00202,1.00217,1.88,3.57
2012.10.11 01:32:59.995,1.00202,1.00217,2.10,3.57
2012.10.11 01:33:00.529,1.00205,1.0022,1.50,1.73
2012.10.11 01:33:03.330,1.00203,1.00221,2.48,1.73
2012.10.11 01:33:06.091,1.00204,1.00221,1.35,1.73
2012.10.11 01:33:06.740,1.00204,1.0022,1.13,1.73
2012.10.11 01:33:06.799,1.00202,1.0022,2.48,1.73
2012.10.11 01:33:06.862,1.00204,1.00219,1.13,1.73
2012.10.11 01:33:07.279,1.002,1.00218,1.73,2.10
2012.10.11 01:33:07.820,1.002,1.00218,1.73,2.10
2012.10.11 01:33:08.000,1.002,1.00218,1.73,1.35
2012.10.11 01:33:08.901,1.00203,1.00219,1.73,1.73
2012.10.11 01:33:09.590,1.00203,1.0022,1.73,1.73
2012.10.11 01:33:16.171,1.00204,1.0022,1.73,1.73
2012.10.11 01:33:19.171,1.00204,1.00217,1.50,1.73
2012.10.11 01:33:19.289,1.00202,1.00217,2.48,1.73
2012.10.11 01:33:19.350,1.00202,1.00217,2.48,1.73
2012.10.11 01:33:20.610,1.00203,1.0022,2.85,1.73
2012.10.11 01:33:20.971,1.00203,1.00219,1.13,2.48
2012.10.11 01:33:21.150,1.00203,1.00219,1.35,1.73
2012.10.11 01:33:21.710,1.00203,1.00219,1.35,1.73
2012.10.11 01:33:22.277,1.00203,1.0022,2.10,1.73
2012.10.11 01:33:22.640,1.00205,1.00221,1.50,1.73
2012.10.11 01:33:22.820,1.00207,1.00224,2.48,3.23
2012.10.11 01:33:23.180,1.0021,1.00224,2.25,1.50
2012.10.11 01:33:23.301,1.00207,1.00226,3.98,1.73
2012.10.11 01:33:23.683,1.00206,1.00222,2.48,1.73
2012.10.11 01:33:24.200,1.00206,1.00222,1.50,1.73
2012.10.11 01:33:24.380,1.00206,1.00222,1.50,1.73
2012.10.11 01:33:28.039,1.00204,1.00221,1.73,1.73
2012.10.11 01:33:33.300,1.00204,1.0022,3.23,1.73
2012.10.11 01:33:33.660,1.00204,1.00221,3.23,1.73
2012.10.11 01:33:35.973,1.00204,1.00221,1.73,1.73
2012.10.11 01:33:36.687,1.00204,1.00221,1.73,1.73
2012.10.11 01:33:38.789,1.00205,1.00223,1.73,3.23
2012.10.11 01:33:39.341,1.00205,1.00223,1.73,1.73
2012.10.11 01:33:40.881,1.00204,1.00222,3.23,1.73
2012.10.11 01:33:41.439,1.00204,1.00222,2.48,1.73
2012.10.11 01:33:42.791,1.00204,1.00222,2.48,1.73
2012.10.11 01:33:43.400,1.00204,1.00222,2.48,1.73
2012.10.11 01:33:43.581,1.00204,1.0022,2.25,2.48
2012.10.11 01:33:43.641,1.00202,1.0022,1.35,2.48
2012.10.11 01:33:43.759,1.00204,1.00216,1.13,1.73
2012.10.11 01:33:43.881,1.00201,1.00215,1.73,2.48
2012.10.11 01:33:46.182,1.002,1.00216,1.73,1.73
2012.10.11 01:33:46.701,1.002,1.00217,2.10,2.48
2012.10.11 01:33:47.224,1.00202,1.00217,1.73,2.48
2012.10.11 01:33:47.980,1.00201,1.00218,1.73,3.23
2012.10.11 01:33:48.281,1.00202,1.00219,1.35,1.73
2012.10.11 01:33:48.460,1.00204,1.0022,1.73,1.73
2012.10.11 01:33:48.520,1.00204,1.0022,1.73,1.73
2012.10.11 01:33:49.032,1.00204,1.0022,3.23,1.73
2012.10.11 01:33:49.561,1.00205,1.00222,1.73,1.73
2012.10.11 01:33:50.769,1.00205,1.00222,1.73,1.73
2012.10.11 01:33:52.379,1.00203,1.0022,1.73,1.35
2012.10.11 01:33:52.440,1.00203,1.0022,1.73,1.35
2012.10.11 01:33:52.800,1.00205,1.0022,2.48,1.35
2012.10.11 01:33:55.160,1.00202,1.00219,1.73,2.48
2012.10.11 01:33:55.895,1.00201,1.00218,2.10,2.48
2012.10.11 01:33:57.471,1.002,1.00218,2.85,1.73
2012.10.11 01:33:57.534,1.00201,1.00218,1.73,1.73
2012.10.11 01:33:57.859,1.00202,1.00218,3.23,1.73
2012.10.11 01:33:58.550,1.00205,1.00221,3.23,2.48
2012.10.11 01:34:04.179,1.00203,1.0022,1.73,1.35
2012.10.11 01:34:08.811,1.00202,1.00221,3.23,2.48
2012.10.11 01:34:09.170,1.00202,1.00219,3.60,3.23
2012.10.11 01:34:09.231,1.00202,1.00216,1.73,1.73
2012.10.11 01:34:09.851,1.00201,1.00216,3.23,1.73
2012.10.11 01:34:10.610,1.00202,1.00216,2.85,1.73
2012.10.11 01:34:10.918,1.00205,1.00218,1.73,2.85
2012.10.11 01:34:11.221,1.00205,1.00218,2.48,2.85
2012.10.11 01:34:12.751,1.00202,1.00216,2.85,1.50
2012.10.11 01:34:12.931,1.00202,1.00216,2.85,1.73
2012.10.11 01:34:13.590,1.00201,1.00216,3.23,2.48
2012.10.11 01:34:16.851,1.00199,1.00212,1.73,3.23
2012.10.11 01:34:17.091,1.00197,1.00211,2.48,2.48
2012.10.11 01:34:17.640,1.00197,1.00212,3.98,3.23
2012.10.11 01:34:18.181,1.00197,1.00212,4.73,2.48
2012.10.11 01:34:18.779,1.00196,1.0021,2.10,2.25
2012.10.11 01:34:19.861,1.00195,1.00209,4.58,1.50
2012.10.11 01:34:20.339,1.00193,1.00209,1.73,3.98
2012.10.11 01:34:20.472,1.00192,1.00207,3.23,2.48
2012.10.11 01:34:20.711,1.00192,1.00207,3.23,2.48
2012.10.11 01:34:21.279,1.00192,1.00205,2.48,1.35
2012.10.11 01:34:22.690,1.00192,1.00206,3.23,1.35
2012.10.11 01:34:23.920,1.00192,1.00207,3.23,2.48
2012.10.11 01:34:24.232,1.00193,1.0021,3.23,3.23
2012.10.11 01:34:24.769,1.00193,1.0021,2.48,3.23
2012.10.11 01:34:25.477,1.00193,1.0021,2.48,2.48
2012.10.11 01:34:25.540,1.00193,1.0021,2.48,2.48
2012.10.11 01:34:27.120,1.00196,1.00212,1.73,2.48
2012.10.11 01:34:28.969,1.00196,1.00212,1.73,2.48
2012.10.11 01:34:43.099,1.00198,1.00213,2.48,2.48
2012.10.11 01:34:46.157,1.00198,1.00213,1.73,2.48
2012.10.11 01:34:46.460,1.00198,1.00213,1.73,2.25
2012.10.11 01:34:46.981,1.00196,1.00209,3.63,1.50
2012.10.11 01:34:47.043,1.00196,1.00209,3.63,1.50
2012.10.11 01:34:47.112,1.00196,1.00209,1.38,3.00
2012.10.11 01:34:47.470,1.00196,1.00206,1.16,2.25
