2015.10.20 09:00:00.588,1.35753,1.35758,1.00,2.62
2015.10.20 09:00:00.893,1.35751,1.35758,1.00,3.75
2015.10.20 09:00:00.944,1.35749,1.35756,1.12,3.37
2015.10.20 09:00:01.250,1.35747,1.35751,1.00,1.20
2015.10.20 09:00:02.601,1.35744,1.35752,2.25,1.50
2015.10.20 09:00:03.361,1.35748,1.35752,1.00,1.00
2015.10.20 09:00:03.957,1.35748,1.35751,1.00,1.37
2015.10.20 09:00:04.066,1.35742,1.3575,2.25,1.50
2015.10.20 09:00:04.572,1.35745,1.3575,1.87,1.87
2015.10.20 09:00:05.334,1.35745,1.3575,1.87,2.62
2015.10.20 09:00:05.861,1.35745,1.35751,1.87,1.50
2015.10.20 09:00:07.368,1.35748,1.35754,1.00,3.00
2015.10.20 09:00:07.520,1.3575,1.35755,1.00,1.00
2015.10.20 09:00:08.038,1.35753,1.35758,1.00,1.50
2015.10.20 09:00:08.904,1.35751,1.35758,1.00,1.00
2015.10.20 09:00:10.084,1.35751,1.35757,1.00,1.00
2015.10.20 09:00:10.589,1.35748,1.35757,1.87,2.40
2015.10.20 09:00:11.647,1.35749,1.35757,1.37,1.12
2015.10.20 09:00:12.668,1.35749,1.35757,1.37,1.37
2015.10.20 09:00:13.188,1.35749,1.35757,1.37,2.02
2015.10.20 09:00:13.444,1.35748,1.35756,1.87,1.50
2015.10.20 09:00:13.698,1.35746,1.35756,2.62,5.77
2015.10.20 09:00:14.877,1.35747,1.35755,2.25,2.25
2015.10.20 09:00:15.382,1.35748,1.35756,4.12,1.37
2015.10.20 09:00:16.733,1.35748,1.35756,1.50,1.50
2015.10.20 09:00:17.389,1.35748,1.35756,1.12,2.62
2015.10.20 09:00:18.321,1.35748,1.35755,1.00,3.00
2015.10.20 09:00:18.990,1.35748,1.35755,1.00,6.37
2015.10.20 09:00:19.042,1.35746,1.35755,1.87,3.37
2015.10.20 09:00:19.144,1.35746,1.3575,1.00,1.00
2015.10.20 09:00:19.814,1.35745,1.35749,1.00,1.75
2015.10.20 09:00:20.247,1.35745,1.35749,1.00,1.12
2015.10.20 09:00:21.606,1.35744,1.35748,1.50,1.12
2015.10.20 09:00:21.708,1.35742,1.35746,1.12,1.12
2015.10.20 09:00:22.214,1.35741,1.35744,2.25,1.00
2015.10.20 09:00:22.865,1.35743,1.35747,1.00,1.12
2015.10.20 09:00:23.387,1.35741,1.35745,1.12,1.37
2015.10.20 09:00:23.439,1.3574,1.35745,2.25,1.75
2015.10.20 09:00:23.891,1.35739,1.35743,1.50,1.12
2015.10.20 09:00:24.438,1.35737,1.35739,1.87,5.25
2015.10.20 09:00:24.743,1.35729,1.35732,1.00,2.50
2015.10.20 09:00:24.895,1.35729,1.35732,1.00,1.12
2015.10.20 09:00:25.856,1.3573,1.35731,1.00,1.00
2015.10.20 09:00:26.383,1.35728,1.3573,1.87,1.00
2015.10.20 09:00:27.753,1.35729,1.35733,1.00,1.12
2015.10.20 09:00:28.108,1.35728,1.35732,1.50,1.12
2015.10.20 09:00:28.210,1.35728,1.35734,1.00,1.12
2015.10.20 09:00:28.565,1.35727,1.35732,1.00,1.12
2015.10.20 09:00:29.638,1.35731,1.35734,2.62,1.00
2015.10.20 09:00:29.690,1.35733,1.35737,1.00,1.00
2015.10.20 09:00:29.893,1.35731,1.35738,3.37,1.12
2015.10.20 09:00:30.399,1.35731,1.35737,1.00,1.50
2015.10.20 09:00:30.850,1.35733,1.3574,1.00,2.40
2015.10.20 09:00:30.902,1.35733,1.35742,1.00,1.10
2015.10.20 09:00:31.054,1.35736,1.35743,1.00,2.25
2015.10.20 09:00:31.565,1.35736,1.35744,1.00,5.62
2015.10.20 09:00:32.215,1.35736,1.35744,1.00,5.25
2015.10.20 09:00:32.734,1.35735,1.35743,1.00,1.87
2015.10.20 09:00:33.241,1.35735,1.35742,1.00,1.12
2015.10.20 09:00:33.839,1.35736,1.35742,1.00,1.12
2015.10.20 09:00:35.006,1.35735,1.35742,1.00,1.12
2015.10.20 09:00:36.222,1.35736,1.35742,1.00,1.12
2015.10.20 09:00:37.377,1.35736,1.35742,1.00,1.00
2015.10.20 09:00:37.897,1.35736,1.35744,1.00,2.25
2015.10.20 09:00:38.897,1.35736,1.35742,1.00,1.00
2015.10.20 09:00:39.402,1.35736,1.35743,1.12,1.12
2015.10.20 09:00:40.321,1.35733,1.3574,2.62,1.50
2015.10.20 09:00:40.827,1.35735,1.3574,1.00,1.12
2015.10.20 09:00:40.979,1.35735,1.35739,1.00,1.00
2015.10.20 09:00:42.532,1.35729,1.35732,4.12,6.00
2015.10.20 09:00:42.586,1.35724,1.35727,4.72,1.87
2015.10.20 09:00:42.637,1.35712,1.35717,1.97,1.00
2015.10.20 09:00:42.689,1.35712,1.35717,1.00,1.12
2015.10.20 09:00:42.943,1.35709,1.35715,1.00,3.00
2015.10.20 09:00:43.585,1.35709,1.35716,1.00,1.37
2015.10.20 09:00:43.903,1.35711,1.35716,1.00,1.37
2015.10.20 09:00:45.111,1.35711,1.35717,1.00,1.87
2015.10.20 09:00:45.695,1.35709,1.35717,1.00,1.50
2015.10.20 09:00:46.407,1.35705,1.35707,2.77,1.37
2015.10.20 09:00:46.458,1.357,1.35708,1.87,3.00
2015.10.20 09:00:46.509,1.357,1.35705,1.50,1.37
2015.10.20 09:00:46.914,1.35699,1.35703,1.50,1.50
2015.10.20 09:00:47.016,1.35696,1.35701,1.12,1.00
2015.10.20 09:00:47.722,1.35697,1.35702,1.00,1.00
2015.10.20 09:00:49.123,1.35699,1.35704,1.00,1.50
2015.10.20 09:00:49.643,1.35698,1.35704,1.00,1.12
2015.10.20 09:00:49.947,1.357,1.35704,1.00,1.00
2015.10.20 09:00:52.219,1.357,1.35704,1.00,1.37
2015.10.20 09:00:52.726,1.357,1.35704,2.25,1.00
2015.10.20 09:00:53.628,1.35706,1.3571,1.00,1.50
2015.10.20 09:00:54.386,1.35706,1.35711,1.00,1.50
2015.10.20 09:00:55.027,1.35705,1.3571,1.50,1.00
2015.10.20 09:00:55.556,1.35705,1.3571,1.50,1.50
2015.10.20 09:00:57.162,1.35704,1.3571,2.25,1.12
2015.10.20 09:00:57.498,1.35707,1.35712,1.12,1.00
2015.10.20 09:00:58.106,1.35707,1.35714,1.00,1.50
2015.10.20 09:00:58.720,1.3571,1.35716,1.50,1.00
2015.10.20 09:00:59.230,1.35713,1.35717,1.00,1.00
2015.10.20 09:01:00.043,1.35713,1.35718,1.00,1.00
2015.10.20 09:01:01.163,1.35713,1.3572,1.00,2.25
2015.10.20 09:01:01.698,1.35714,1.3572,1.50,1.12
2015.10.20 09:01:02.428,1.35715,1.3572,1.50,2.25
2015.10.20 09:01:03.162,1.35715,1.35718,1.50,1.00
2015.10.20 09:01:03.264,1.3571,1.35715,1.87,1.00
2015.10.20 09:01:03.871,1.35709,1.35715,2.25,1.00
2015.10.20 09:01:04.424,1.3571,1.35715,1.50,1.00
2015.10.20 09:01:05.304,1.35709,1.35717,2.25,1.87
2015.10.20 09:01:05.355,1.35709,1.35713,1.00,1.00
2015.10.20 09:01:05.457,1.35705,1.35713,4.12,1.50
2015.10.20 09:01:06.135,1.35706,1.35713,1.00,2.25
2015.10.20 09:01:06.338,1.35705,1.35711,2.62,1.00
2015.10.20 09:01:07.307,1.35705,1.35711,1.50,2.62
2015.10.20 09:01:07.813,1.35705,1.35711,3.75,2.25
2015.10.20 09:01:08.218,1.35708,1.35711,1.00,2.25
2015.10.20 09:01:08.724,1.35712,1.35716,1.12,1.50
2015.10.20 09:01:08.812,1.35714,1.35718,1.50,2.25
2015.10.20 09:01:09.266,1.35714,1.3572,1.50,1.00
2015.10.20 09:01:10.714,1.35714,1.35719,1.50,3.37
2015.10.20 09:01:10.765,1.3571,1.35718,5.62,1.50
2015.10.20 09:01:10.968,1.3571,1.35716,1.50,1.37
2015.10.20 09:01:11.474,1.3571,1.35716,1.50,1.12
2015.10.20 09:01:12.033,1.35709,1.35716,2.25,1.12
2015.10.20 09:01:12.388,1.35711,1.35718,1.00,1.57
2015.10.20 09:01:12.692,1.35715,1.3572,1.50,1.50
2015.10.20 09:01:13.339,1.35712,1.35714,1.00,1.00
2015.10.20 09:01:13.390,1.3571,1.35715,2.25,2.25
2015.10.20 09:01:13.905,1.3571,1.35717,1.50,2.40
2015.10.20 09:01:14.209,1.3571,1.3572,1.50,1.95
2015.10.20 09:01:14.707,1.35715,1.3572,1.50,1.00
2015.10.20 09:01:15.317,1.35714,1.35721,2.62,1.37
2015.10.20 09:01:15.419,1.35715,1.35722,1.50,1.12
2015.10.20 09:01:16.626,1.35714,1.35722,2.62,1.00
2015.10.20 09:01:17.132,1.35715,1.35723,1.50,1.50
2015.10.20 09:01:17.938,1.35713,1.35721,2.25,1.00
2015.10.20 09:01:18.421,1.35715,1.35721,1.50,1.00
2015.10.20 09:01:18.725,1.35724,1.35728,5.62,1.00
2015.10.20 09:01:18.928,1.35729,1.35734,1.00,1.00
2015.10.20 09:01:19.439,1.35729,1.35736,1.00,1.50
2015.10.20 09:01:19.972,1.35729,1.35737,1.00,1.87
2015.10.20 09:01:20.860,1.35728,1.35737,1.50,2.62
2015.10.20 09:01:21.234,1.35726,1.3573,1.87,2.50
2015.10.20 09:01:21.285,1.35726,1.35729,1.12,1.00
2015.10.20 09:01:21.437,1.35722,1.35728,2.25,1.37
2015.10.20 09:01:21.539,1.35721,1.35728,1.00,1.50
2015.10.20 09:01:22.177,1.35721,1.35729,1.50,1.87
2015.10.20 09:01:22.228,1.35723,1.35729,1.00,2.25
2015.10.20 09:01:22.531,1.35727,1.35733,1.00,1.00
2015.10.20 09:01:22.936,1.35725,1.35733,1.00,1.87
2015.10.20 09:01:24.647,1.35725,1.35731,1.00,1.00
2015.10.20 09:01:24.900,1.35722,1.35731,1.50,3.52
2015.10.20 09:01:25.703,1.35723,1.3573,1.00,1.50
2015.10.20 09:01:26.152,1.35725,1.35731,1.00,1.00
2015.10.20 09:01:26.658,1.35725,1.35733,3.00,2.25
2015.10.20 09:01:27.255,1.35724,1.35727,1.50,1.37
2015.10.20 09:01:27.306,1.3572,1.35727,1.00,2.62
2015.10.20 09:01:27.458,1.35718,1.35727,1.00,2.25
2015.10.20 09:01:27.965,1.35718,1.35726,1.50,1.00
2015.10.20 09:01:28.226,1.3572,1.35726,1.00,1.87
2015.10.20 09:01:28.727,1.35718,1.35726,1.50,1.12
2015.10.20 09:01:29.232,1.35718,1.35726,1.50,3.75
2015.10.20 09:01:29.653,1.3572,1.35726,1.00,1.50
2015.10.20 09:01:30.375,1.3572,1.35727,1.00,1.65
2015.10.20 09:01:31.311,1.35718,1.35727,3.37,2.40
2015.10.20 09:01:32.205,1.35718,1.35727,1.00,2.40
2015.10.20 09:01:32.542,1.3572,1.35727,1.00,2.77
2015.10.20 09:01:33.051,1.3572,1.35727,1.00,2.25
2015.10.20 09:01:33.664,1.3572,1.35727,1.00,2.25
2015.10.20 09:01:34.178,1.3572,1.35727,1.00,1.00
2015.10.20 09:01:34.482,1.35722,1.35727,1.00,1.00
2015.10.20 09:01:35.079,1.35722,1.35729,1.00,1.87
2015.10.20 09:01:36.014,1.35722,1.3573,1.87,2.25
2015.10.20 09:01:37.146,1.3572,1.35726,2.25,1.50
2015.10.20 09:01:37.197,1.35717,1.35725,3.00,2.25
2015.10.20 09:01:37.699,1.35717,1.35725,1.50,1.00
2015.10.20 09:01:37.902,1.35719,1.35725,1.00,1.00
2015.10.20 09:01:39.124,1.35718,1.35725,1.00,2.25
2015.10.20 09:01:39.428,1.35715,1.35723,1.27,1.50
2015.10.20 09:01:39.529,1.35715,1.3572,1.00,1.00
2015.10.20 09:01:40.189,1.35714,1.3572,1.00,1.00
2015.10.20 09:01:40.729,1.35715,1.3572,1.00,1.00
2015.10.20 09:01:42.454,1.35717,1.3572,1.00,1.00
2015.10.20 09:01:42.759,1.35725,1.35732,1.00,2.77
2015.10.20 09:01:43.356,1.35726,1.35731,1.00,1.12
2015.10.20 09:01:43.640,1.35724,1.35731,1.87,1.00
2015.10.20 09:01:44.159,1.35724,1.35732,2.62,1.00
2015.10.20 09:01:48.009,1.35723,1.35731,4.50,1.00
2015.10.20 09:01:48.060,1.35722,1.3573,2.62,3.37
2015.10.20 09:01:48.571,1.35722,1.35728,1.12,1.20
2015.10.20 09:01:48.622,1.35719,1.35725,1.12,1.00
2015.10.20 09:01:49.169,1.35719,1.35726,1.50,1.00
2015.10.20 09:01:49.676,1.35719,1.35727,2.62,1.00
2015.10.20 09:01:50.728,1.35719,1.35727,1.87,1.00
2015.10.20 09:01:51.388,1.3572,1.35728,1.00,1.12
2015.10.20 09:01:52.369,1.3572,1.35729,1.50,3.97
2015.10.20 09:01:53.106,1.3572,1.35728,1.50,1.12
2015.10.20 09:01:54.045,1.35719,1.35726,1.00,3.00
2015.10.20 09:01:54.553,1.35719,1.35727,1.50,3.37
2015.10.20 09:01:56.057,1.35719,1.35727,1.50,1.50
2015.10.20 09:01:56.562,1.35719,1.35727,1.50,1.87
2015.10.20 09:01:58.013,1.35719,1.35724,1.00,1.00
2015.10.20 09:01:58.317,1.35717,1.35722,1.50,1.87
2015.10.20 09:01:58.620,1.35715,1.35722,1.50,1.50
2015.10.20 09:01:59.265,1.35716,1.35722,1.00,1.12
2015.10.20 09:01:59.518,1.35717,1.35724,1.87,1.00
2015.10.20 09:02:00.023,1.35717,1.35725,1.87,1.87
2015.10.20 09:02:00.673,1.35718,1.35725,1.12,1.12
2015.10.20 09:02:01.205,1.35719,1.35727,1.00,6.00
2015.10.20 09:02:01.812,1.35719,1.35726,1.00,2.62
2015.10.20 09:02:02.392,1.35719,1.35727,1.00,5.62
2015.10.20 09:02:02.897,1.35719,1.35727,1.87,3.37
2015.10.20 09:02:03.437,1.3572,1.35727,1.50,1.00
2015.10.20 09:02:04.625,1.35723,1.3573,1.00,1.95
2015.10.20 09:02:04.682,1.35723,1.35732,2.62,1.00
2015.10.20 09:02:06.164,1.35723,1.35729,2.25,1.00
2015.10.20 09:02:06.229,1.3572,1.35729,4.50,4.50
2015.10.20 09:02:06.736,1.35721,1.35729,1.50,1.12
2015.10.20 09:02:07.593,1.3572,1.35727,2.62,1.10
2015.10.20 09:02:07.902,1.3572,1.35726,2.25,3.37
2015.10.20 09:02:08.468,1.3572,1.35726,2.25,1.12
2015.10.20 09:02:09.179,1.35718,1.35726,2.62,3.37
2015.10.20 09:02:11.066,1.35717,1.35725,2.62,2.62
2015.10.20 09:02:11.672,1.35718,1.35726,1.87,2.70
2015.10.20 09:02:11.724,1.3572,1.35727,2.62,1.10
2015.10.20 09:02:12.231,1.3572,1.35726,2.25,1.95
2015.10.20 09:02:12.742,1.3572,1.35724,1.00,1.00
2015.10.20 09:02:13.422,1.35719,1.35724,1.00,1.00
2015.10.20 09:02:13.934,1.35719,1.35725,1.00,1.12
2015.10.20 09:02:14.529,1.35719,1.35725,1.00,1.87
2015.10.20 09:02:15.397,1.3572,1.35724,1.00,1.00
2015.10.20 09:02:16.251,1.35719,1.35725,1.00,2.62
2015.10.20 09:02:16.786,1.3572,1.35725,1.00,1.50
2015.10.20 09:02:18.570,1.3572,1.35726,1.00,2.62
2015.10.20 09:02:19.255,1.3572,1.35726,1.00,5.77
2015.10.20 09:02:20.046,1.35719,1.35725,1.00,2.25
2015.10.20 09:02:20.621,1.35719,1.35726,1.00,3.97
2015.10.20 09:02:21.153,1.35719,1.35725,1.00,1.50
2015.10.20 09:02:21.785,1.35719,1.35725,1.00,3.00
2015.10.20 09:02:22.791,1.35719,1.35726,1.00,5.85
2015.10.20 09:02:23.107,1.35717,1.35723,1.50,1.00
2015.10.20 09:02:23.717,1.35718,1.35723,1.00,1.00
2015.10.20 09:02:27.740,1.35719,1.35725,1.00,1.37
2015.10.20 09:02:28.735,1.3572,1.35725,1.00,1.00
2015.10.20 09:02:29.304,1.3572,1.35727,1.50,1.20
2015.10.20 09:02:30.253,1.3572,1.35727,1.50,2.32
2015.10.20 09:02:31.632,1.35721,1.35727,1.00,1.20
2015.10.20 09:02:32.139,1.35723,1.35731,1.12,3.37
2015.10.20 09:02:32.495,1.35725,1.3573,1.87,2.62
2015.10.20 09:02:32.546,1.35725,1.35732,1.87,2.70
2015.10.20 09:02:33.257,1.35724,1.35732,3.00,3.75
2015.10.20 09:02:33.763,1.35725,1.35732,1.00,3.75
2015.10.20 09:02:34.804,1.35725,1.35732,2.62,1.00
2015.10.20 09:02:35.369,1.35725,1.35732,2.25,3.37
2015.10.20 09:02:36.186,1.35725,1.3573,1.00,1.00
2015.10.20 09:02:36.391,1.35725,1.35732,2.25,1.57
2015.10.20 09:02:36.493,1.35724,1.3573,1.50,1.00
2015.10.20 09:02:37.000,1.35725,1.35729,1.00,1.00
2015.10.20 09:02:37.943,1.35724,1.35731,1.50,1.12
2015.10.20 09:02:38.449,1.35725,1.35731,1.50,1.12
2015.10.20 09:02:39.035,1.35725,1.35732,1.50,1.87
2015.10.20 09:02:39.511,1.35725,1.3573,1.50,1.00
2015.10.20 09:02:40.827,1.35724,1.3573,1.50,1.00
2015.10.20 09:02:41.181,1.35725,1.35727,1.50,1.00
2015.10.20 09:02:41.333,1.35722,1.35725,3.00,1.00
2015.10.20 09:02:42.164,1.35721,1.35724,1.00,2.62
2015.10.20 09:02:42.216,1.35719,1.35724,1.00,2.62
2015.10.20 09:02:42.469,1.35716,1.3572,1.37,1.12
2015.10.20 09:02:42.571,1.35715,1.3572,3.00,1.00
2015.10.20 09:02:42.774,1.35716,1.35723,1.00,5.10
2015.10.20 09:02:42.927,1.35719,1.35725,1.00,2.70
2015.10.20 09:02:43.439,1.3572,1.35726,1.00,1.57
2015.10.20 09:02:43.490,1.35721,1.35727,1.00,1.00
2015.10.20 09:02:43.996,1.35722,1.35728,1.00,1.00
2015.10.20 09:02:44.507,1.35722,1.35728,1.50,3.00
2015.10.20 09:02:45.601,1.35722,1.3573,1.00,1.87
2015.10.20 09:02:46.118,1.35722,1.3573,1.00,3.37
2015.10.20 09:02:47.232,1.35722,1.35728,1.00,1.00
2015.10.20 09:02:47.384,1.3572,1.35727,1.37,1.87
2015.10.20 09:02:47.588,1.35718,1.35725,1.00,5.62
2015.10.20 09:02:48.787,1.35718,1.35724,1.00,4.12
2015.10.20 09:02:49.781,1.35718,1.35725,1.12,2.25
2015.10.20 09:02:50.617,1.35715,1.35725,4.87,1.50
2015.10.20 09:02:52.265,1.35719,1.35725,1.00,1.00
2015.10.20 09:02:52.644,1.35717,1.35724,1.00,1.00
2015.10.20 09:02:53.190,1.35716,1.35723,1.00,1.00
2015.10.20 09:02:54.844,1.35715,1.35723,3.00,1.12
2015.10.20 09:02:55.708,1.35716,1.35723,1.00,1.00
2015.10.20 09:02:56.544,1.35716,1.35724,1.87,1.87
2015.10.20 09:02:57.760,1.35716,1.35724,1.37,1.50
2015.10.20 09:02:58.265,1.35718,1.35725,1.00,1.00
2015.10.20 09:03:00.415,1.35717,1.35725,1.12,1.87
2015.10.20 09:03:00.976,1.35718,1.35725,1.00,1.00
2015.10.20 09:03:01.481,1.35717,1.35724,1.37,1.00
2015.10.20 09:03:02.459,1.35718,1.35725,1.00,1.00
2015.10.20 09:03:02.974,1.35717,1.35725,1.12,1.12
2015.10.20 09:03:03.480,1.35719,1.35726,1.37,1.00
2015.10.20 09:03:04.018,1.35719,1.35727,1.37,3.07
2015.10.20 09:03:04.544,1.3572,1.35727,1.37,3.37
2015.10.20 09:03:04.596,1.3572,1.35728,1.37,2.77
2015.10.20 09:03:05.439,1.3572,1.35728,3.37,4.12
2015.10.20 09:03:05.945,1.35721,1.35728,1.37,3.37
2015.10.20 09:03:06.583,1.3572,1.35728,1.37,1.50
2015.10.20 09:03:07.117,1.3572,1.35727,1.00,1.00
2015.10.20 09:03:07.370,1.3572,1.35728,1.75,1.00
2015.10.20 09:03:07.978,1.35721,1.35728,1.37,1.12
2015.10.20 09:03:08.586,1.35721,1.35728,1.37,1.87
2015.10.20 09:03:09.111,1.35721,1.35728,1.00,1.12
2015.10.20 09:03:09.651,1.3572,1.35728,1.87,2.85
2015.10.20 09:03:10.626,1.3572,1.35726,1.50,2.62
2015.10.20 09:03:12.321,1.35719,1.35725,1.00,2.25
2015.10.20 09:03:12.885,1.35718,1.35725,1.00,1.00
2015.10.20 09:03:14.143,1.35718,1.35724,1.12,2.62
2015.10.20 09:03:14.663,1.35715,1.35724,5.62,1.12
2015.10.20 09:03:15.862,1.35717,1.35724,1.37,3.75
2015.10.20 09:03:17.653,1.35717,1.35724,1.00,3.75
2015.10.20 09:03:18.266,1.35717,1.35724,1.00,1.50
2015.10.20 09:03:18.893,1.35716,1.35724,1.50,4.50
2015.10.20 09:03:19.420,1.35716,1.35724,1.12,5.77
2015.10.20 09:03:21.006,1.35716,1.35723,1.37,1.12
2015.10.20 09:03:25.463,1.35718,1.35724,1.00,1.00
2015.10.20 09:03:25.514,1.35716,1.35724,1.50,1.87
2015.10.20 09:03:26.038,1.35716,1.35723,1.50,1.00
2015.10.20 09:03:26.544,1.35716,1.35723,1.37,1.00
2015.10.20 09:03:27.055,1.35717,1.35724,1.12,1.87
2015.10.20 09:03:28.209,1.35715,1.35724,1.87,2.62
2015.10.20 09:03:28.747,1.35715,1.35723,3.37,1.00
2015.10.20 09:03:29.261,1.35717,1.35723,1.00,1.00
2015.10.20 09:03:30.337,1.35715,1.35722,1.37,2.25
2015.10.20 09:03:30.389,1.35715,1.3572,1.00,1.00
2015.10.20 09:03:30.494,1.35715,1.35722,1.00,1.87
2015.10.20 09:03:31.000,1.35716,1.35722,1.00,3.37
2015.10.20 09:03:31.884,1.35718,1.35723,1.00,2.62
2015.10.20 09:03:31.935,1.35718,1.35725,1.00,1.87
2015.10.20 09:03:32.475,1.35718,1.35724,1.12,1.00
2015.10.20 09:03:32.577,1.35718,1.35723,1.00,2.62
2015.10.20 09:03:33.335,1.35716,1.35723,1.00,1.57
2015.10.20 09:03:35.355,1.35714,1.35723,2.62,1.12
2015.10.20 09:03:35.888,1.35716,1.35723,2.62,1.50
2015.10.20 09:03:36.495,1.35718,1.35726,1.00,3.75
2015.10.20 09:03:37.006,1.35717,1.35726,2.25,4.50
2015.10.20 09:03:37.528,1.35717,1.35726,2.25,2.25
2015.10.20 09:03:38.789,1.35718,1.35725,1.00,1.12
2015.10.20 09:03:42.699,1.35719,1.35726,1.50,1.95
2015.10.20 09:03:42.801,1.35721,1.35729,1.12,2.62
2015.10.20 09:03:43.004,1.35724,1.35731,3.00,2.70
2015.10.20 09:03:43.510,1.35725,1.35731,1.50,2.70
2015.10.20 09:03:44.172,1.35726,1.35732,1.00,3.15
2015.10.20 09:03:44.679,1.35725,1.35732,1.50,3.45
2015.10.20 09:03:45.396,1.35727,1.35732,1.00,4.20
2015.10.20 09:03:45.942,1.35733,1.35741,2.25,2.89
2015.10.20 09:03:45.997,1.35733,1.35741,1.87,4.50
2015.10.20 09:03:46.502,1.35734,1.3574,2.25,1.27
2015.10.20 09:03:47.314,1.35735,1.35742,1.50,1.37
2015.10.20 09:03:47.718,1.35735,1.35743,2.62,2.25
2015.10.20 09:03:48.224,1.35736,1.35743,1.00,3.75
2015.10.20 09:03:48.730,1.35738,1.35745,1.00,6.15
2015.10.20 09:03:48.781,1.35738,1.35745,1.00,2.40
2015.10.20 09:03:51.027,1.35736,1.35744,1.12,1.87
2015.10.20 09:03:51.533,1.35735,1.3574,1.00,1.50
2015.10.20 09:03:53.247,1.35734,1.3574,1.50,1.50
2015.10.20 09:03:53.880,1.35735,1.3574,1.00,1.00
2015.10.20 09:03:54.668,1.35735,1.35741,3.75,1.00
2015.10.20 09:03:56.780,1.35735,1.3574,3.00,1.00
2015.10.20 09:03:57.662,1.35734,1.35739,1.00,2.62
2015.10.20 09:03:58.499,1.35734,1.3574,1.00,3.00
2015.10.20 09:03:58.854,1.35733,1.35737,1.00,1.00
2015.10.20 09:03:59.157,1.3573,1.35736,1.50,3.75
2015.10.20 09:03:59.615,1.35732,1.35736,1.12,3.00
2015.10.20 09:03:59.666,1.35732,1.3574,1.12,4.57
2015.10.20 09:04:00.192,1.35732,1.35739,1.50,3.37
2015.10.20 09:04:01.433,1.35732,1.3574,3.75,4.95
2015.10.20 09:04:02.154,1.35732,1.35739,3.75,3.37
2015.10.20 09:04:03.529,1.35728,1.35735,6.37,2.32
2015.10.20 09:04:04.066,1.35728,1.35734,3.00,2.70
2015.10.20 09:04:04.910,1.35724,1.35732,2.47,3.75
2015.10.20 09:04:04.962,1.35724,1.35731,2.47,4.12
2015.10.20 09:04:05.469,1.35724,1.35731,3.22,1.87
2015.10.20 09:04:06.213,1.35724,1.35729,1.72,1.00
2015.10.20 09:04:06.672,1.35724,1.35729,1.00,1.50
2015.10.20 09:04:06.774,1.35722,1.35725,1.50,1.50
2015.10.20 09:04:06.977,1.35718,1.35724,2.25,1.12
2015.10.20 09:04:07.129,1.35717,1.3572,1.37,1.50
2015.10.20 09:04:07.669,1.35713,1.3572,2.85,2.25
2015.10.20 09:04:07.871,1.35715,1.3572,1.35,2.25
2015.10.20 09:04:08.419,1.35715,1.3572,1.60,1.87
2015.10.20 09:04:10.246,1.35715,1.35721,1.97,1.37
2015.10.20 09:04:10.560,1.35717,1.35723,1.00,1.50
2015.10.20 09:04:11.035,1.35718,1.35725,1.00,2.25
2015.10.20 09:04:11.889,1.35717,1.35725,2.85,2.25
2015.10.20 09:04:12.622,1.35717,1.35726,2.10,3.00
2015.10.20 09:04:12.681,1.35717,1.35725,1.50,1.87
2015.10.20 09:04:12.782,1.35718,1.35725,1.50,1.00
2015.10.20 09:04:13.035,1.35717,1.35725,1.12,3.00
2015.10.20 09:04:13.137,1.35716,1.35724,1.50,3.75
2015.10.20 09:04:13.647,1.35715,1.35723,1.50,1.12
2015.10.20 09:04:14.196,1.35716,1.35722,1.00,1.00
2015.10.20 09:04:14.707,1.35715,1.35723,1.50,3.37
2015.10.20 09:04:17.146,1.35715,1.3572,1.00,1.00
2015.10.20 09:04:17.248,1.35713,1.3572,1.00,2.25
2015.10.20 09:04:17.774,1.35713,1.35719,1.00,1.00
2015.10.20 09:04:18.421,1.35712,1.35719,1.00,1.00
2015.10.20 09:04:22.307,1.35712,1.3572,1.00,2.62
2015.10.20 09:04:22.817,1.35713,1.3572,1.00,1.75
2015.10.20 09:04:24.400,1.35711,1.3572,1.72,1.87
2015.10.20 09:04:24.927,1.35711,1.3572,1.37,1.87
2015.10.20 09:04:25.499,1.35711,1.3572,1.12,1.95
2015.10.20 09:04:27.989,1.35711,1.3572,1.72,2.25
2015.10.20 09:04:28.519,1.35711,1.3572,1.00,1.87
2015.10.20 09:04:29.613,1.35714,1.3572,1.00,1.75
2015.10.20 09:04:29.664,1.35714,1.3572,1.00,1.00
2015.10.20 09:04:30.514,1.35712,1.3572,2.25,1.00
2015.10.20 09:04:31.287,1.35712,1.35718,4.35,1.00
2015.10.20 09:04:31.798,1.35712,1.35718,1.00,1.00
2015.10.20 09:04:32.341,1.3571,1.35718,4.87,1.00
2015.10.20 09:04:32.885,1.3571,1.35718,2.62,1.00
2015.10.20 09:04:36.185,1.3571,1.35717,1.35,1.00
2015.10.20 09:04:36.662,1.35712,1.35719,1.00,1.00
2015.10.20 09:04:37.048,1.35714,1.35719,1.00,1.50
2015.10.20 09:04:39.207,1.35714,1.3572,1.00,1.87
2015.10.20 09:04:40.861,1.35714,1.35719,1.00,1.00
2015.10.20 09:04:42.105,1.35711,1.35716,2.47,1.00
2015.10.20 09:04:42.157,1.35716,1.35722,1.00,1.37
2015.10.20 09:04:42.845,1.35715,1.35722,1.00,1.87
2015.10.20 09:04:43.423,1.35714,1.35721,1.00,1.37
2015.10.20 09:04:43.972,1.35715,1.35721,2.62,1.37
2015.10.20 09:04:46.038,1.35714,1.35721,3.00,1.00
2015.10.20 09:04:46.643,1.35716,1.35723,1.00,1.87
2015.10.20 09:04:48.639,1.35717,1.35722,1.30,1.00
2015.10.20 09:04:48.690,1.35718,1.35727,1.12,3.75
2015.10.20 09:04:48.741,1.35718,1.35727,1.37,3.37
2015.10.20 09:04:49.174,1.35718,1.35725,1.50,1.00
2015.10.20 09:04:49.226,1.35717,1.35725,1.50,2.25
2015.10.20 09:04:49.479,1.35719,1.35725,1.00,2.62
2015.10.20 09:04:49.530,1.35719,1.35727,1.00,4.95
2015.10.20 09:04:49.733,1.35718,1.35727,2.25,1.50
2015.10.20 09:04:50.222,1.35718,1.35727,1.37,1.87
2015.10.20 09:04:50.728,1.3572,1.35728,1.87,1.12
2015.10.20 09:04:51.248,1.35721,1.35728,1.00,1.00
2015.10.20 09:04:53.534,1.35721,1.35729,1.50,3.00
2015.10.20 09:04:53.636,1.35724,1.35729,1.00,1.00
2015.10.20 09:04:54.141,1.35724,1.35732,2.25,2.62
2015.10.20 09:04:54.293,1.35727,1.35732,1.00,2.62
2015.10.20 09:04:55.376,1.35732,1.35734,2.25,1.00
2015.10.20 09:04:55.427,1.35732,1.3574,2.25,3.90
2015.10.20 09:04:56.006,1.35732,1.3574,1.50,3.15
2015.10.20 09:04:56.838,1.35731,1.35734,1.35,2.02
2015.10.20 09:04:56.889,1.35726,1.35734,1.50,2.40
2015.10.20 09:04:57.041,1.35728,1.35734,1.00,3.00
2015.10.20 09:04:57.751,1.35728,1.35735,1.12,5.25
2015.10.20 09:04:58.245,1.35726,1.35733,1.00,1.00
2015.10.20 09:04:58.751,1.35725,1.35733,1.87,1.12
2015.10.20 09:04:58.803,1.35725,1.35733,1.87,1.12
2015.10.20 09:04:59.517,1.35726,1.35733,1.00,1.37
2015.10.20 09:05:00.346,1.35727,1.35733,1.00,1.00
2015.10.20 09:05:00.543,1.35725,1.35733,1.12,1.00
2015.10.20 09:05:01.128,1.35725,1.35732,1.12,1.00
2015.10.20 09:05:01.331,1.35727,1.35733,1.00,1.00
2015.10.20 09:05:01.872,1.35727,1.35734,1.12,1.50
2015.10.20 09:05:02.459,1.35727,1.35734,1.37,1.00
2015.10.20 09:05:03.003,1.35727,1.35734,1.12,1.00
2015.10.20 09:05:03.660,1.35726,1.35734,1.12,1.00
2015.10.20 09:05:04.521,1.35727,1.35734,1.37,1.50
2015.10.20 09:05:05.043,1.35726,1.35734,1.87,1.50
2015.10.20 09:05:05.347,1.35721,1.35727,1.50,1.12
2015.10.20 09:05:05.938,1.35721,1.35726,1.00,1.00
2015.10.20 09:05:06.702,1.35718,1.35726,2.25,1.87
2015.10.20 09:05:07.157,1.35719,1.35724,1.35,1.37
2015.10.20 09:05:08.320,1.35719,1.35724,1.00,1.00
2015.10.20 09:05:08.848,1.35718,1.35724,1.35,1.00
2015.10.20 09:05:09.203,1.3572,1.35724,1.00,1.00
2015.10.20 09:05:09.913,1.3572,1.35726,3.22,1.12
2015.10.20 09:05:10.014,1.35723,1.35729,1.00,4.50
2015.10.20 09:05:10.065,1.35723,1.35729,1.00,4.12
2015.10.20 09:05:10.574,1.35722,1.35729,1.50,3.00
2015.10.20 09:05:11.432,1.35722,1.35731,1.00,3.75
2015.10.20 09:05:11.836,1.35721,1.3573,1.87,1.87
2015.10.20 09:05:14.310,1.3572,1.35728,1.00,1.37
2015.10.20 09:05:14.872,1.35719,1.35726,1.00,1.12
2015.10.20 09:05:15.389,1.35718,1.35725,1.35,2.62
2015.10.20 09:05:15.895,1.35718,1.35723,1.00,1.00
2015.10.20 09:05:16.390,1.35716,1.35723,1.00,2.70
2015.10.20 09:05:16.939,1.35717,1.35722,1.00,1.12
2015.10.20 09:05:17.964,1.35717,1.35723,1.50,1.57
2015.10.20 09:05:18.469,1.35717,1.35722,1.60,1.00
2015.10.20 09:05:18.980,1.35717,1.35722,1.00,1.00
2015.10.20 09:05:19.557,1.35715,1.35724,3.22,1.87
2015.10.20 09:05:20.063,1.35715,1.35723,6.22,1.00
2015.10.20 09:05:20.598,1.35716,1.35723,1.60,1.00
2015.10.20 09:05:21.888,1.35718,1.35723,1.60,1.00
2015.10.20 09:05:22.407,1.35716,1.35723,1.97,1.00
2015.10.20 09:05:22.909,1.35718,1.35723,1.72,1.00
2015.10.20 09:05:23.491,1.3572,1.35726,1.00,2.62
2015.10.20 09:05:25.075,1.35718,1.35726,1.12,1.87
2015.10.20 09:05:25.899,1.35718,1.35726,1.72,1.87
2015.10.20 09:05:26.304,1.35719,1.35727,3.07,1.50
2015.10.20 09:05:26.828,1.35724,1.3573,2.70,1.00
2015.10.20 09:05:27.336,1.35724,1.3573,1.10,1.00
2015.10.20 09:05:27.843,1.35724,1.3573,2.70,1.00
2015.10.20 09:05:28.448,1.35727,1.35734,1.72,1.20
2015.10.20 09:05:28.499,1.35727,1.35736,1.37,2.62
2015.10.20 09:05:29.025,1.35727,1.35735,2.25,1.00
2015.10.20 09:05:29.076,1.35729,1.35736,2.62,2.25
2015.10.20 09:05:29.178,1.35729,1.35738,3.00,1.00
2015.10.20 09:05:30.192,1.35729,1.35739,1.95,5.40
2015.10.20 09:05:30.598,1.35729,1.35735,3.37,1.00
2015.10.20 09:05:30.801,1.35726,1.35736,1.87,2.02
2015.10.20 09:05:30.902,1.35726,1.35736,2.25,4.27
2015.10.20 09:05:32.094,1.35727,1.35736,1.00,2.02
2015.10.20 09:05:32.398,1.35728,1.35737,1.12,4.12
2015.10.20 09:05:32.984,1.35728,1.35737,1.12,1.87
2015.10.20 09:05:33.494,1.35729,1.35737,1.00,3.75
2015.10.20 09:05:33.799,1.35724,1.35733,1.75,1.00
2015.10.20 09:05:33.951,1.35724,1.35733,1.00,1.37
2015.10.20 09:05:35.068,1.35722,1.3573,1.30,2.62
2015.10.20 09:05:35.628,1.35721,1.35731,3.60,1.75
2015.10.20 09:05:36.477,1.35721,1.35728,1.72,1.00
2015.10.20 09:05:36.781,1.35727,1.35732,1.60,1.00
2015.10.20 09:05:36.884,1.35727,1.35735,2.47,1.12
2015.10.20 09:05:36.936,1.35728,1.35735,2.62,1.00
2015.10.20 09:05:37.781,1.35727,1.35735,1.50,1.12
2015.10.20 09:05:39.722,1.35727,1.35735,1.37,1.00
2015.10.20 09:05:40.026,1.35726,1.35734,1.12,1.00
2015.10.20 09:05:40.407,1.35726,1.35736,1.12,1.95
2015.10.20 09:05:40.458,1.35726,1.35736,1.37,1.95
2015.10.20 09:05:41.003,1.35727,1.35735,1.00,1.00
2015.10.20 09:05:41.565,1.35727,1.35735,1.12,3.00
2015.10.20 09:05:42.633,1.35726,1.35735,1.35,2.62
2015.10.20 09:05:42.946,1.35728,1.35736,1.00,4.50
2015.10.20 09:05:43.451,1.35728,1.35735,1.37,1.12
2015.10.20 09:05:44.162,1.35728,1.35736,1.50,3.00
2015.10.20 09:05:44.466,1.35729,1.35736,1.35,2.62
2015.10.20 09:05:44.925,1.3573,1.35737,1.30,1.20
2015.10.20 09:05:45.747,1.35728,1.35735,1.00,1.20
2015.10.20 09:05:46.051,1.35731,1.35737,1.72,1.87
2015.10.20 09:05:46.104,1.35732,1.3574,1.72,3.75
2015.10.20 09:05:46.205,1.35732,1.3574,1.87,1.00
2015.10.20 09:05:47.039,1.35733,1.35741,1.50,3.00
2015.10.20 09:05:47.495,1.35735,1.35742,1.67,1.57
2015.10.20 09:05:47.698,1.35736,1.35744,1.87,3.37
2015.10.20 09:05:49.125,1.3574,1.35746,1.00,1.87
2015.10.20 09:05:49.231,1.35738,1.35746,1.12,2.62
2015.10.20 09:05:49.742,1.35737,1.35745,3.75,1.00
2015.10.20 09:05:50.249,1.35738,1.35746,1.50,1.87
2015.10.20 09:05:50.810,1.35737,1.35745,3.75,1.00
2015.10.20 09:05:51.266,1.35738,1.35743,1.00,1.00
2015.10.20 09:05:51.519,1.35731,1.35738,2.85,1.00
2015.10.20 09:05:52.147,1.35729,1.35737,2.05,2.40
2015.10.20 09:05:52.198,1.35729,1.35736,1.30,1.00
2015.10.20 09:05:52.704,1.35728,1.35736,1.72,1.00
2015.10.20 09:05:52.907,1.35728,1.35735,1.30,1.65
2015.10.20 09:05:53.211,1.35727,1.35734,3.22,1.00
2015.10.20 09:05:53.722,1.35727,1.35734,1.35,1.00
2015.10.20 09:05:54.025,1.35726,1.35731,1.37,1.00
2015.10.20 09:05:54.227,1.35726,1.35733,1.00,1.50
2015.10.20 09:05:54.430,1.35726,1.35731,1.00,1.00
2015.10.20 09:05:54.582,1.35724,1.35731,1.00,1.00
2015.10.20 09:05:55.483,1.35721,1.3573,3.97,3.37
2015.10.20 09:05:56.118,1.3572,1.35727,1.12,1.00
2015.10.20 09:05:56.642,1.35718,1.35726,4.35,1.00
2015.10.20 09:05:57.470,1.35718,1.35726,2.10,1.00
2015.10.20 09:05:57.875,1.35718,1.35726,3.60,1.00
2015.10.20 09:05:58.330,1.35718,1.35727,1.50,1.50
2015.10.20 09:05:59.229,1.35717,1.35727,3.67,1.07
2015.10.20 09:06:00.748,1.35718,1.35727,1.72,1.50
2015.10.20 09:06:00.849,1.35717,1.35725,5.47,1.00
2015.10.20 09:06:01.354,1.35719,1.35727,1.00,1.12
2015.10.20 09:06:02.572,1.35719,1.35728,1.87,3.37
2015.10.20 09:06:02.931,1.35721,1.35729,1.00,1.12
2015.10.20 09:06:03.442,1.3572,1.35729,3.37,3.00
2015.10.20 09:06:04.051,1.35722,1.35729,1.00,3.00
2015.10.20 09:06:04.456,1.3572,1.35728,1.50,1.00
2015.10.20 09:06:04.964,1.35719,1.35727,4.12,1.00
2015.10.20 09:06:05.482,1.3572,1.35728,1.00,1.12
2015.10.20 09:06:05.999,1.35719,1.35727,3.75,1.00
2015.10.20 09:06:07.203,1.35716,1.35722,2.10,1.12
2015.10.20 09:06:07.255,1.35713,1.35721,1.50,1.37
2015.10.20 09:06:07.458,1.35711,1.35719,3.37,3.75
2015.10.20 09:06:07.765,1.3571,1.35719,2.62,1.87
2015.10.20 09:06:08.574,1.3571,1.35718,1.87,1.50
2015.10.20 09:06:09.081,1.35708,1.35714,1.87,1.00
2015.10.20 09:06:09.300,1.35706,1.35714,1.12,1.00
2015.10.20 09:06:09.809,1.35705,1.35712,2.25,1.00
2015.10.20 09:06:10.403,1.35706,1.35713,1.50,1.37
2015.10.20 09:06:10.908,1.35706,1.35713,1.12,1.00
2015.10.20 09:06:11.626,1.35705,1.35713,3.75,1.00
2015.10.20 09:06:11.728,1.35705,1.35713,1.50,1.50
2015.10.20 09:06:11.931,1.35708,1.35713,1.50,1.00
2015.10.20 09:06:12.083,1.35708,1.35717,1.50,1.75
2015.10.20 09:06:12.588,1.35708,1.35717,1.50,1.37
2015.10.20 09:06:13.149,1.35711,1.35718,1.87,3.37
2015.10.20 09:06:13.352,1.35713,1.35719,1.00,1.00
2015.10.20 09:06:13.756,1.35712,1.35721,1.50,1.00
2015.10.20 09:06:13.958,1.35712,1.35721,1.87,1.50
2015.10.20 09:06:14.471,1.35709,1.35717,5.25,1.00
2015.10.20 09:06:15.079,1.3571,1.35718,4.72,1.00
2015.10.20 09:06:16.400,1.35714,1.35719,1.50,3.00
2015.10.20 09:06:16.451,1.35714,1.35721,1.50,1.00
2015.10.20 09:06:17.249,1.35712,1.35721,2.02,1.00
2015.10.20 09:06:18.103,1.35713,1.35721,1.12,1.00
2015.10.20 09:06:18.618,1.35713,1.3572,1.00,2.62
2015.10.20 09:06:18.771,1.3571,1.35719,1.50,2.25
2015.10.20 09:06:19.403,1.35711,1.35718,3.75,1.00
2015.10.20 09:06:20.111,1.35712,1.35718,2.10,1.00
2015.10.20 09:06:20.415,1.35715,1.35722,1.50,1.50
2015.10.20 09:06:20.466,1.35715,1.35722,1.50,1.12
2015.10.20 09:06:21.011,1.35715,1.35722,1.50,1.37
2015.10.20 09:06:22.184,1.35715,1.35722,1.12,1.00
2015.10.20 09:06:22.829,1.35714,1.35722,1.12,1.00
2015.10.20 09:06:22.931,1.35714,1.35722,1.12,1.50
2015.10.20 09:06:23.934,1.35713,1.3572,1.00,1.00
2015.10.20 09:06:25.076,1.35714,1.3572,1.12,1.00
2015.10.20 09:06:25.379,1.35717,1.35723,1.00,2.62
2015.10.20 09:06:26.044,1.35717,1.35724,1.00,3.37
2015.10.20 09:06:26.578,1.35717,1.35724,1.00,1.00
2015.10.20 09:06:27.110,1.35717,1.35726,1.50,1.37
2015.10.20 09:06:27.613,1.35719,1.35727,1.87,1.12
2015.10.20 09:06:27.664,1.35719,1.35726,1.87,1.00
2015.10.20 09:06:28.212,1.35719,1.35727,2.25,1.12
2015.10.20 09:06:30.016,1.35717,1.35725,2.55,1.00
2015.10.20 09:06:30.570,1.35717,1.35725,1.00,1.87
2015.10.20 09:06:31.844,1.35717,1.35725,1.00,2.25
2015.10.20 09:06:32.369,1.35719,1.35725,1.00,2.25
2015.10.20 09:06:32.723,1.35721,1.35728,1.00,1.87
2015.10.20 09:06:33.224,1.3572,1.35728,1.12,1.50
2015.10.20 09:06:33.733,1.35721,1.35728,1.00,1.37
2015.10.20 09:06:34.751,1.35721,1.35728,1.00,1.00
2015.10.20 09:06:35.265,1.3572,1.35728,1.50,1.00
2015.10.20 09:06:36.376,1.3572,1.35727,1.12,2.62
2015.10.20 09:06:36.427,1.35716,1.35724,1.87,1.12
2015.10.20 09:06:36.731,1.35717,1.35727,3.00,1.87
2015.10.20 09:06:36.782,1.35719,1.35727,1.50,1.50
2015.10.20 09:06:37.307,1.35719,1.35727,1.50,1.50
2015.10.20 09:06:37.886,1.35719,1.35728,2.25,3.15
2015.10.20 09:06:38.418,1.35721,1.35728,1.00,1.50
2015.10.20 09:06:39.593,1.3572,1.35727,1.50,1.12
2015.10.20 09:06:40.518,1.35719,1.35727,1.50,1.00
2015.10.20 09:06:41.354,1.35715,1.35721,1.50,1.37
2015.10.20 09:06:41.406,1.35715,1.35721,1.12,1.50
2015.10.20 09:06:41.916,1.35714,1.35721,1.50,2.25
2015.10.20 09:06:43.657,1.3572,1.35725,1.50,4.50
2015.10.20 09:06:43.962,1.35719,1.35722,1.00,1.00
2015.10.20 09:06:44.470,1.35717,1.35724,1.37,3.00
2015.10.20 09:06:45.252,1.35716,1.35724,2.62,1.00
2015.10.20 09:06:45.303,1.35716,1.35724,1.87,1.00
2015.10.20 09:06:46.789,1.35716,1.35725,1.12,2.25
2015.10.20 09:06:48.802,1.35717,1.35723,1.00,1.87
2015.10.20 09:06:49.525,1.35715,1.35723,1.50,1.87
2015.10.20 09:06:50.104,1.35715,1.35723,1.87,1.87
2015.10.20 09:06:50.358,1.35715,1.35719,1.00,1.00
2015.10.20 09:06:51.089,1.35705,1.3571,1.37,1.65
2015.10.20 09:06:51.281,1.35702,1.35705,2.25,1.00
2015.10.20 09:06:51.636,1.35702,1.35707,3.00,1.00
2015.10.20 09:06:52.355,1.35705,1.35708,1.00,1.00
2015.10.20 09:06:54.045,1.35701,1.35703,1.50,1.12
2015.10.20 09:06:54.096,1.35697,1.35702,1.00,1.50
2015.10.20 09:06:54.299,1.35694,1.357,1.00,1.00
2015.10.20 09:06:54.711,1.35697,1.357,1.00,1.50
2015.10.20 09:06:54.813,1.35697,1.35702,1.00,1.87
2015.10.20 09:06:55.997,1.35698,1.35704,1.00,2.25
2015.10.20 09:06:56.506,1.35699,1.35704,1.00,1.87
2015.10.20 09:06:57.359,1.35693,1.35701,5.47,1.00
2015.10.20 09:06:57.411,1.35693,1.35701,4.50,1.00
2015.10.20 09:06:57.614,1.35692,1.357,1.00,1.00
2015.10.20 09:06:58.121,1.35692,1.357,2.10,1.00
2015.10.20 09:06:59.877,1.35692,1.357,3.97,1.00
2015.10.20 09:07:00.585,1.35693,1.357,2.10,1.00
2015.10.20 09:07:01.002,1.35695,1.357,1.50,1.00
2015.10.20 09:07:01.561,1.35695,1.35702,1.50,3.00
2015.10.20 09:07:02.160,1.35694,1.35702,2.10,3.00
2015.10.20 09:07:02.752,1.35694,1.35702,2.10,1.00
2015.10.20 09:07:03.993,1.35694,1.35702,1.12,3.00
2015.10.20 09:07:04.601,1.35694,1.35702,1.12,1.12
2015.10.20 09:07:05.106,1.35694,1.35702,2.62,3.37
2015.10.20 09:07:05.738,1.35694,1.35702,3.00,2.62
2015.10.20 09:07:06.673,1.35695,1.35703,1.87,3.00
2015.10.20 09:07:07.430,1.35697,1.35702,1.00,2.62
2015.10.20 09:07:07.534,1.357,1.35707,1.50,1.95
2015.10.20 09:07:07.687,1.357,1.35708,1.87,1.87
2015.10.20 09:07:08.193,1.35701,1.35708,1.00,1.00
2015.10.20 09:07:11.267,1.35702,1.35711,1.50,2.62
2015.10.20 09:07:11.798,1.35703,1.35711,3.00,1.00
2015.10.20 09:07:14.243,1.35704,1.35712,1.12,3.00
2015.10.20 09:07:15.031,1.35704,1.35712,1.12,2.25
2015.10.20 09:07:16.261,1.35704,1.35712,1.12,2.25
2015.10.20 09:07:16.933,1.35698,1.35706,1.12,1.00
2015.10.20 09:07:16.984,1.35698,1.35706,1.50,1.50
2015.10.20 09:07:17.490,1.35696,1.35704,2.62,1.37
2015.10.20 09:07:17.794,1.35694,1.35701,1.50,1.37
2015.10.20 09:07:18.347,1.35697,1.35702,1.00,2.25
2015.10.20 09:07:18.707,1.35696,1.35703,1.00,1.57
2015.10.20 09:07:19.212,1.35697,1.35705,1.12,3.37
2015.10.20 09:07:19.772,1.35697,1.35706,1.87,3.00
2015.10.20 09:07:20.278,1.35697,1.35705,1.50,1.00
2015.10.20 09:07:22.388,1.35697,1.35703,1.00,1.37
2015.10.20 09:07:22.894,1.35695,1.35701,1.00,1.50
2015.10.20 09:07:23.198,1.35697,1.357,1.00,1.00
2015.10.20 09:07:23.691,1.35689,1.35697,2.62,1.50
2015.10.20 09:07:24.198,1.35691,1.35697,1.50,1.00
2015.10.20 09:07:25.067,1.35691,1.35699,1.00,2.25
2015.10.20 09:07:25.576,1.3569,1.35698,2.85,1.00
2015.10.20 09:07:26.503,1.35692,1.357,1.00,3.45
2015.10.20 09:07:26.657,1.35692,1.35697,1.00,1.00
2015.10.20 09:07:26.860,1.35689,1.35696,1.87,1.00
2015.10.20 09:07:27.266,1.35688,1.35695,1.00,2.62
2015.10.20 09:07:27.860,1.35687,1.35695,1.50,3.37
2015.10.20 09:07:28.366,1.35687,1.35694,1.00,1.37
2015.10.20 09:07:28.772,1.35685,1.35693,1.12,1.12
2015.10.20 09:07:29.320,1.35686,1.35692,1.00,1.00
2015.10.20 09:07:29.876,1.35687,1.35693,1.00,1.50
2015.10.20 09:07:30.340,1.35685,1.35694,1.00,4.80
2015.10.20 09:07:30.492,1.35687,1.35694,1.00,5.55
2015.10.20 09:07:31.609,1.35687,1.35694,1.00,3.52
2015.10.20 09:07:31.913,1.35689,1.35694,1.00,1.00
2015.10.20 09:07:32.707,1.35691,1.35695,1.00,1.87
2015.10.20 09:07:35.756,1.35691,1.35697,1.00,2.25
2015.10.20 09:07:37.148,1.35688,1.35696,1.12,1.00
2015.10.20 09:07:37.249,1.35689,1.35697,2.62,1.50
2015.10.20 09:07:37.763,1.35688,1.35697,3.75,1.50
2015.10.20 09:07:38.708,1.3569,1.35698,1.50,1.50
2015.10.20 09:07:39.476,1.35692,1.35698,1.00,3.52
2015.10.20 09:07:40.178,1.35693,1.35699,1.00,1.37
2015.10.20 09:07:40.684,1.35692,1.35698,1.00,1.00
2015.10.20 09:07:41.190,1.35691,1.35698,1.00,2.25
2015.10.20 09:07:41.723,1.3569,1.35697,1.00,1.20
2015.10.20 09:07:42.036,1.3569,1.35696,1.50,2.62
2015.10.20 09:07:42.137,1.35691,1.35698,1.00,1.00
2015.10.20 09:07:42.341,1.35693,1.35698,1.00,1.50
2015.10.20 09:07:43.126,1.35691,1.35698,2.25,1.37
2015.10.20 09:07:43.634,1.35691,1.35698,1.12,1.12
2015.10.20 09:07:44.106,1.35691,1.35697,1.00,1.37
2015.10.20 09:07:44.158,1.35689,1.35697,1.50,1.50
2015.10.20 09:07:44.778,1.35689,1.35697,1.50,1.12
2015.10.20 09:07:44.983,1.35688,1.35696,1.50,4.12
2015.10.20 09:07:45.452,1.3569,1.35694,1.00,1.00
2015.10.20 09:07:45.554,1.35688,1.35694,1.50,1.00
2015.10.20 09:07:50.288,1.35688,1.35695,1.00,2.02
2015.10.20 09:07:50.812,1.35688,1.35694,1.12,1.00
2015.10.20 09:07:51.743,1.35688,1.35692,1.00,1.00
2015.10.20 09:07:52.291,1.35687,1.35692,1.00,1.00
2015.10.20 09:07:54.609,1.35687,1.35694,1.50,1.12
2015.10.20 09:07:54.660,1.3569,1.35695,1.00,1.87
2015.10.20 09:07:54.813,1.35691,1.35696,1.00,1.50
2015.10.20 09:07:55.378,1.35691,1.35698,1.50,2.62
2015.10.20 09:07:55.632,1.35689,1.35696,1.00,1.12
2015.10.20 09:07:56.365,1.35689,1.35694,1.00,1.00
2015.10.20 09:07:57.039,1.35688,1.35695,1.12,1.12
2015.10.20 09:07:57.621,1.3569,1.35695,1.00,1.12
2015.10.20 09:07:58.127,1.35691,1.35695,1.00,1.87
2015.10.20 09:07:58.761,1.35689,1.35695,1.00,1.50
2015.10.20 09:07:58.871,1.35689,1.35696,1.00,1.87
2015.10.20 09:07:58.973,1.35692,1.35696,1.00,1.50
2015.10.20 09:07:59.226,1.35692,1.35699,1.00,1.00
2015.10.20 09:07:59.277,1.35694,1.35699,1.00,1.50
2015.10.20 09:08:00.241,1.35694,1.35701,1.00,2.25
2015.10.20 09:08:01.991,1.35692,1.357,4.12,1.12
2015.10.20 09:08:02.094,1.35691,1.35699,1.87,1.50
2015.10.20 09:08:02.246,1.3569,1.35698,2.62,1.50
2015.10.20 09:08:02.755,1.3569,1.35698,2.25,1.87
2015.10.20 09:08:04.019,1.3569,1.35695,1.00,1.00
2015.10.20 09:08:05.609,1.35691,1.35697,1.00,1.50
2015.10.20 09:08:06.123,1.35691,1.35697,1.00,1.50
2015.10.20 09:08:06.670,1.35692,1.35697,1.00,1.12
2015.10.20 09:08:07.464,1.35691,1.35696,1.00,4.12
2015.10.20 09:08:09.890,1.35691,1.35696,1.00,1.12
2015.10.20 09:08:12.548,1.35691,1.35697,1.00,1.12
2015.10.20 09:08:13.571,1.35692,1.35697,1.00,1.12
2015.10.20 09:08:15.626,1.35692,1.35699,1.00,1.37
2015.10.20 09:08:16.160,1.35692,1.357,3.37,1.37
2015.10.20 09:08:16.261,1.35692,1.35701,3.37,1.87
2015.10.20 09:08:17.967,1.35695,1.35701,1.00,1.12
2015.10.20 09:08:18.170,1.35694,1.35703,2.62,1.12
2015.10.20 09:08:18.684,1.35696,1.35703,1.50,1.00
2015.10.20 09:08:19.398,1.35695,1.35703,1.87,2.25
2015.10.20 09:08:19.761,1.35694,1.35702,3.00,1.50
2015.10.20 09:08:20.412,1.35693,1.35702,3.37,1.50
2015.10.20 09:08:21.740,1.35693,1.35702,1.12,1.50
2015.10.20 09:08:22.284,1.35693,1.35702,3.37,2.62
2015.10.20 09:08:22.908,1.35693,1.357,3.00,1.00
2015.10.20 09:08:25.108,1.35693,1.357,1.50,1.00
2015.10.20 09:08:27.101,1.35693,1.357,3.75,1.00
2015.10.20 09:08:29.070,1.35693,1.35701,4.12,1.87
2015.10.20 09:08:31.157,1.35693,1.35701,1.12,1.87
2015.10.20 09:08:31.964,1.35692,1.35699,1.50,1.00
2015.10.20 09:08:32.269,1.35692,1.35697,1.00,1.00
2015.10.20 09:08:32.835,1.35692,1.35696,1.00,1.00
2015.10.20 09:08:33.521,1.3569,1.35696,1.87,1.00
2015.10.20 09:08:36.787,1.35691,1.35696,1.00,1.00
2015.10.20 09:08:43.080,1.3569,1.35696,1.12,1.00
2015.10.20 09:08:43.585,1.3569,1.35696,1.00,1.87
2015.10.20 09:08:45.361,1.3569,1.35691,1.00,1.50
2015.10.20 09:08:45.412,1.35685,1.35688,1.00,1.00
2015.10.20 09:08:45.514,1.35684,1.35687,1.00,1.87
2015.10.20 09:08:46.785,1.35681,1.35683,1.00,1.37
2015.10.20 09:08:47.292,1.35678,1.35681,1.00,1.50
2015.10.20 09:08:48.669,1.35681,1.35683,1.00,1.00
2015.10.20 09:08:48.720,1.35681,1.35683,1.00,1.00
2015.10.20 09:08:49.227,1.35681,1.35684,1.00,1.12
2015.10.20 09:08:49.430,1.35684,1.35687,1.00,1.12
2015.10.20 09:08:50.280,1.35684,1.35688,1.00,1.87
2015.10.20 09:08:50.686,1.35684,1.35688,1.00,1.87
2015.10.20 09:08:50.991,1.35684,1.35688,1.00,1.87
2015.10.20 09:08:51.779,1.35684,1.35686,1.00,1.87
2015.10.20 09:08:53.701,1.35684,1.35686,1.00,1.00
2015.10.20 09:08:54.207,1.35684,1.35685,1.00,1.00
2015.10.20 09:08:56.059,1.35684,1.35689,1.00,1.87
2015.10.20 09:08:56.789,1.35684,1.35686,1.00,1.00
2015.10.20 09:08:56.941,1.35681,1.35686,1.00,1.12
2015.10.20 09:08:57.042,1.3568,1.35684,1.00,1.00
2015.10.20 09:08:57.495,1.35679,1.35684,1.00,1.37
2015.10.20 09:08:57.798,1.35678,1.3568,2.25,1.50
2015.10.20 09:08:58.113,1.35676,1.3568,1.00,1.50
2015.10.20 09:08:58.619,1.35674,1.3568,3.37,3.37
2015.10.20 09:08:59.928,1.35678,1.3568,1.00,1.50
2015.10.20 09:09:00.469,1.35679,1.35681,1.00,1.00
2015.10.20 09:09:03.743,1.3568,1.35681,1.00,1.00
2015.10.20 09:09:03.797,1.3568,1.35684,1.00,1.12
2015.10.20 09:09:04.305,1.35679,1.35683,1.00,1.00
2015.10.20 09:09:05.215,1.35677,1.35683,1.12,1.37
2015.10.20 09:09:05.741,1.35675,1.35682,1.12,1.50
2015.10.20 09:09:06.592,1.35673,1.35675,1.00,2.25
2015.10.20 09:09:07.109,1.35672,1.35674,1.00,1.12
2015.10.20 09:09:07.413,1.35667,1.35671,1.17,1.00
2015.10.20 09:09:08.016,1.35666,1.3567,1.17,2.25
2015.10.20 09:09:08.067,1.35666,1.35669,3.42,1.00
2015.10.20 09:09:08.118,1.35666,1.35672,3.42,1.12
2015.10.20 09:09:08.523,1.35665,1.35669,3.52,1.00
2015.10.20 09:09:08.625,1.35664,1.35669,1.12,1.00
2015.10.20 09:09:08.727,1.35663,1.3567,3.37,1.37
2015.10.20 09:09:08.879,1.35663,1.35671,3.37,2.25
2015.10.20 09:09:09.318,1.35663,1.35666,1.12,2.25
2015.10.20 09:09:09.420,1.35664,1.35669,1.00,1.50
2015.10.20 09:09:09.471,1.35666,1.35669,1.00,1.12
2015.10.20 09:09:09.573,1.35663,1.35671,1.12,4.50
2015.10.20 09:09:09.674,1.35663,1.35668,3.37,1.00
2015.10.20 09:09:09.827,1.35662,1.35668,1.50,1.12
2015.10.20 09:09:10.130,1.35664,1.35668,1.00,1.50
2015.10.20 09:09:10.821,1.35664,1.35668,1.00,1.12
2015.10.20 09:09:11.130,1.35661,1.35666,1.12,1.12
2015.10.20 09:09:11.636,1.35661,1.35665,1.00,2.25
2015.10.20 09:09:12.917,1.35659,1.35661,1.00,1.12
2015.10.20 09:09:12.969,1.35659,1.35661,1.00,1.12
2015.10.20 09:09:13.487,1.35658,1.35662,1.00,1.50
2015.10.20 09:09:13.875,1.35656,1.35662,1.00,1.50
2015.10.20 09:09:14.352,1.35656,1.35661,1.00,3.00
2015.10.20 09:09:14.876,1.35657,1.3566,1.00,3.00
2015.10.20 09:09:15.956,1.35657,1.35659,1.00,1.00
2015.10.20 09:09:16.058,1.35653,1.35657,3.75,1.00
2015.10.20 09:09:16.109,1.35653,1.35656,3.60,2.25
2015.10.20 09:09:16.413,1.35653,1.35657,2.25,1.50
2015.10.20 09:09:16.717,1.35655,1.35657,1.00,1.00
2015.10.20 09:09:17.170,1.35653,1.35657,1.00,1.50
2015.10.20 09:09:17.322,1.35652,1.35654,1.00,1.00
2015.10.20 09:09:17.576,1.35646,1.35649,1.00,1.00
2015.10.20 09:09:17.678,1.35644,1.35649,1.12,1.00
2015.10.20 09:09:17.729,1.35644,1.35647,1.00,1.00
2015.10.20 09:09:18.058,1.35641,1.35642,1.00,3.00
2015.10.20 09:09:18.587,1.3564,1.35642,1.50,2.50
2015.10.20 09:09:18.688,1.3564,1.35641,1.00,1.00
2015.10.20 09:09:18.739,1.35637,1.35641,2.62,1.00
2015.10.20 09:09:18.841,1.35635,1.35639,1.00,1.00
2015.10.20 09:09:18.993,1.35633,1.3564,1.12,1.50
2015.10.20 09:09:19.247,1.35637,1.3564,1.00,3.00
2015.10.20 09:09:19.883,1.35632,1.35638,1.67,1.87
2015.10.20 09:09:19.935,1.35629,1.35636,1.00,1.50
2015.10.20 09:09:20.037,1.35631,1.35637,1.12,1.87
2015.10.20 09:09:20.675,1.35629,1.35635,3.75,1.00
2015.10.20 09:09:21.243,1.35629,1.35632,1.12,1.00
2015.10.20 09:09:21.295,1.35626,1.35632,1.72,1.00
2015.10.20 09:09:21.447,1.35629,1.35632,1.00,1.50
2015.10.20 09:09:21.852,1.35628,1.3563,1.00,1.00
2015.10.20 09:09:22.105,1.35625,1.35629,1.50,1.50
2015.10.20 09:09:22.725,1.35624,1.35625,1.00,1.00
2015.10.20 09:09:22.776,1.3562,1.35625,1.35,1.12
2015.10.20 09:09:22.979,1.35618,1.35624,1.00,1.00
2015.10.20 09:09:23.030,1.35617,1.3562,6.00,1.00
2015.10.20 09:09:23.182,1.35611,1.35617,1.12,1.12
2015.10.20 09:09:23.233,1.35611,1.35615,1.12,1.00
2015.10.20 09:09:23.919,1.35613,1.35616,1.00,1.87
2015.10.20 09:09:24.424,1.35611,1.35614,2.25,1.50
2015.10.20 09:09:24.576,1.35608,1.35613,1.42,1.00
2015.10.20 09:09:25.873,1.35608,1.35614,1.30,1.12
2015.10.20 09:09:26.026,1.35605,1.35612,1.12,2.62
2015.10.20 09:09:26.382,1.35605,1.35613,1.87,1.12
2015.10.20 09:09:26.535,1.35608,1.35614,1.00,1.50
2015.10.20 09:09:26.637,1.35606,1.35614,1.50,1.50
2015.10.20 09:09:27.135,1.35606,1.35612,1.50,2.62
2015.10.20 09:09:27.440,1.35602,1.35607,1.87,4.12
2015.10.20 09:09:27.491,1.35602,1.35607,1.37,3.37
2015.10.20 09:09:28.305,1.35603,1.35607,1.37,2.62
2015.10.20 09:09:28.711,1.356,1.35603,1.12,1.00
2015.10.20 09:09:28.916,1.35596,1.356,3.37,1.00
2015.10.20 09:09:29.422,1.35597,1.35603,1.50,2.62
2015.10.20 09:09:29.727,1.35598,1.35605,1.50,1.00
2015.10.20 09:09:30.234,1.356,1.35605,1.00,1.50
2015.10.20 09:09:30.759,1.356,1.35606,1.12,1.12
2015.10.20 09:09:30.911,1.35602,1.35605,1.00,1.50
2015.10.20 09:09:31.063,1.35602,1.35608,1.00,3.00
2015.10.20 09:09:31.318,1.35605,1.35609,1.00,1.50
2015.10.20 09:09:31.521,1.35606,1.35611,1.00,1.00
2015.10.20 09:09:31.724,1.35604,1.35612,2.25,3.00
2015.10.20 09:09:32.176,1.35606,1.35612,1.00,3.37
2015.10.20 09:09:32.329,1.35607,1.35613,1.12,1.12
2015.10.20 09:09:32.380,1.35609,1.35614,1.00,1.37
2015.10.20 09:09:32.685,1.35611,1.35615,1.00,1.00
2015.10.20 09:09:32.786,1.35611,1.35618,1.00,2.25
2015.10.20 09:09:32.989,1.35609,1.3562,3.00,4.50
2015.10.20 09:09:33.638,1.35612,1.3562,1.00,3.00
2015.10.20 09:09:33.691,1.35612,1.35619,1.12,1.00
2015.10.20 09:09:33.951,1.35611,1.35618,1.00,1.37
2015.10.20 09:09:34.256,1.3561,1.35616,1.00,2.25
2015.10.20 09:09:34.408,1.35607,1.35615,1.50,1.00
2015.10.20 09:09:34.736,1.35609,1.35614,1.00,1.00
2015.10.20 09:09:35.225,1.35611,1.35618,1.00,1.87
2015.10.20 09:09:35.733,1.35612,1.35618,1.00,1.00
2015.10.20 09:09:35.986,1.35615,1.3562,1.00,1.37
2015.10.20 09:09:36.037,1.35615,1.35621,1.00,3.75
2015.10.20 09:09:36.617,1.35612,1.35619,1.50,1.00
2015.10.20 09:09:36.669,1.35609,1.35617,3.75,1.00
2015.10.20 09:09:36.823,1.3561,1.35618,1.37,1.12
2015.10.20 09:09:37.328,1.35613,1.35619,1.00,1.00
2015.10.20 09:09:38.083,1.35611,1.35619,1.87,1.00
2015.10.20 09:09:38.538,1.35612,1.35621,1.75,2.62
2015.10.20 09:09:38.842,1.35615,1.35621,2.62,1.00
2015.10.20 09:09:39.991,1.35619,1.35623,1.00,1.00
2015.10.20 09:09:40.245,1.35617,1.35624,1.50,1.00
2015.10.20 09:09:40.549,1.35618,1.35624,1.37,1.00
2015.10.20 09:09:40.789,1.35617,1.35623,1.50,1.00
2015.10.20 09:09:41.487,1.35619,1.35623,1.00,1.00
2015.10.20 09:09:42.002,1.35616,1.35621,1.75,1.00
2015.10.20 09:09:42.104,1.35615,1.35621,1.50,1.50
2015.10.20 09:09:42.357,1.35614,1.3562,1.12,1.50
2015.10.20 09:09:42.974,1.35615,1.35619,1.00,1.00
2015.10.20 09:09:43.482,1.35614,1.3562,1.00,1.50
2015.10.20 09:09:44.322,1.35613,1.35621,1.00,5.25
2015.10.20 09:09:45.690,1.35611,1.35619,2.62,2.25
2015.10.20 09:09:45.742,1.35609,1.35616,1.65,1.00
2015.10.20 09:09:46.249,1.35608,1.35616,1.50,3.00
2015.10.20 09:09:46.605,1.35608,1.35614,1.00,2.62
2015.10.20 09:09:47.052,1.35608,1.35611,1.00,1.00
2015.10.20 09:09:47.103,1.35603,1.35611,1.12,1.12
2015.10.20 09:09:47.787,1.35603,1.35611,1.37,1.87
2015.10.20 09:09:47.838,1.35607,1.35612,1.00,1.12
2015.10.20 09:09:48.040,1.35605,1.35612,1.50,1.12
2015.10.20 09:09:48.651,1.35604,1.35611,1.00,1.00
2015.10.20 09:09:48.756,1.35606,1.35612,1.50,3.00
2015.10.20 09:09:49.059,1.35608,1.35614,1.50,1.37
2015.10.20 09:09:49.588,1.35608,1.35615,1.50,3.37
2015.10.20 09:09:50.100,1.35609,1.35615,1.50,4.50
2015.10.20 09:09:50.358,1.35609,1.35616,1.00,1.72
2015.10.20 09:09:50.872,1.3561,1.35615,1.00,1.00
2015.10.20 09:09:51.731,1.35608,1.35614,1.87,1.37
2015.10.20 09:09:52.034,1.3561,1.35614,1.00,1.37
2015.10.20 09:09:52.489,1.3561,1.35615,1.00,1.00
2015.10.20 09:09:53.989,1.3561,1.35616,1.00,1.00
2015.10.20 09:09:54.041,1.35612,1.3562,1.50,3.00
2015.10.20 09:09:54.573,1.35612,1.3562,1.50,1.00
2015.10.20 09:09:55.642,1.35612,1.3562,1.87,5.62
2015.10.20 09:09:56.148,1.35611,1.35619,1.00,1.37
2015.10.20 09:09:57.467,1.35611,1.35618,1.50,1.10
2015.10.20 09:09:57.568,1.3561,1.35618,1.00,1.57
2015.10.20 09:09:57.619,1.3561,1.35616,1.00,2.62
2015.10.20 09:09:58.076,1.35611,1.35617,1.50,2.62
2015.10.20 09:09:58.127,1.35611,1.35619,1.87,3.45
2015.10.20 09:09:58.943,1.35611,1.35621,2.62,4.05
2015.10.20 09:09:59.486,1.35614,1.35622,1.00,3.90
2015.10.20 09:09:59.993,1.35616,1.35623,1.00,3.15
2015.10.20 09:10:00.736,1.35616,1.35621,1.00,1.00
2015.10.20 09:10:01.047,1.35612,1.35619,1.50,1.50
2015.10.20 09:10:01.455,1.35611,1.35619,1.50,1.12
2015.10.20 09:10:02.165,1.3561,1.35619,3.75,1.00
2015.10.20 09:10:02.886,1.35611,1.3562,1.75,3.75
2015.10.20 09:10:03.849,1.35612,1.3562,1.00,4.12
2015.10.20 09:10:04.844,1.35612,1.35617,1.00,2.62
2015.10.20 09:10:05.528,1.35613,1.35616,1.00,1.12
2015.10.20 09:10:05.580,1.3561,1.35617,1.00,2.62
2015.10.20 09:10:06.098,1.35611,1.35616,1.00,1.00
2015.10.20 09:10:07.895,1.35608,1.35616,1.50,1.00
2015.10.20 09:10:08.422,1.35611,1.35618,3.37,1.87
2015.10.20 09:10:08.574,1.35611,1.35619,4.50,1.00
2015.10.20 09:10:08.726,1.35611,1.35621,3.00,1.50
2015.10.20 09:10:09.350,1.35612,1.35621,1.00,1.50
2015.10.20 09:10:10.249,1.35612,1.35618,1.50,1.00
2015.10.20 09:10:10.962,1.35605,1.35612,4.50,1.12
2015.10.20 09:10:11.013,1.35605,1.35611,1.00,2.62
2015.10.20 09:10:11.064,1.35603,1.35611,1.12,3.37
2015.10.20 09:10:11.384,1.35602,1.35609,1.00,1.37
2015.10.20 09:10:13.363,1.356,1.35608,3.37,1.00
2015.10.20 09:10:15.145,1.356,1.35608,1.87,1.00
2015.10.20 09:10:15.652,1.356,1.35608,2.62,1.00
2015.10.20 09:10:16.241,1.35606,1.35611,1.00,1.37
2015.10.20 09:10:16.293,1.35606,1.35613,1.00,1.00
2015.10.20 09:10:16.806,1.35605,1.35613,1.50,1.00
2015.10.20 09:10:17.734,1.35605,1.35612,1.50,1.00
2015.10.20 09:10:18.240,1.35604,1.35612,2.62,2.25
2015.10.20 09:10:18.341,1.35604,1.35612,2.25,1.12
2015.10.20 09:10:19.147,1.35609,1.35614,3.75,1.20
2015.10.20 09:10:19.198,1.3561,1.35618,1.00,1.50
2015.10.20 09:10:19.249,1.35614,1.35618,2.62,1.00
2015.10.20 09:10:19.351,1.35615,1.3562,1.50,2.25
2015.10.20 09:10:19.504,1.35615,1.3562,2.62,2.25
2015.10.20 09:10:19.606,1.35618,1.35625,1.00,4.12
2015.10.20 09:10:19.961,1.35618,1.35626,1.12,1.50
2015.10.20 09:10:21.001,1.35618,1.35626,1.87,1.12
2015.10.20 09:10:21.406,1.35619,1.35627,5.62,3.00
2015.10.20 09:10:21.508,1.35621,1.35629,1.00,3.07
2015.10.20 09:10:22.478,1.35624,1.35629,1.00,1.00
2015.10.20 09:10:23.019,1.35624,1.3563,1.00,1.50
2015.10.20 09:10:23.477,1.35621,1.35629,1.87,1.00
2015.10.20 09:10:24.119,1.35622,1.35629,1.00,1.00
2015.10.20 09:10:25.438,1.35622,1.35629,3.00,1.00
2015.10.20 09:10:26.957,1.35621,1.35629,3.37,1.00
2015.10.20 09:10:27.008,1.35624,1.35629,2.25,1.00
2015.10.20 09:10:27.537,1.35626,1.35632,3.37,1.87
2015.10.20 09:10:27.614,1.35626,1.35634,4.87,1.37
2015.10.20 09:10:28.145,1.35627,1.35634,1.00,1.00
2015.10.20 09:10:28.658,1.35627,1.35636,1.00,1.37
2015.10.20 09:10:29.552,1.35628,1.35636,1.00,1.12
2015.10.20 09:10:30.214,1.35627,1.35636,2.25,1.00
2015.10.20 09:10:30.901,1.3563,1.35637,1.75,2.25
2015.10.20 09:10:30.952,1.35632,1.35638,1.00,1.00
2015.10.20 09:10:31.460,1.35631,1.3564,1.50,1.50
2015.10.20 09:10:32.563,1.35632,1.3564,1.00,1.00
2015.10.20 09:10:33.077,1.35632,1.35641,1.37,1.87
2015.10.20 09:10:33.380,1.35635,1.35642,1.00,1.50
2015.10.20 09:10:34.731,1.35638,1.35642,1.00,1.12
2015.10.20 09:10:34.783,1.35637,1.35645,1.50,1.00
2015.10.20 09:10:35.036,1.35639,1.35646,1.50,1.12
2015.10.20 09:10:35.441,1.35639,1.35647,3.00,1.37
2015.10.20 09:10:36.201,1.3564,1.35648,1.50,1.12
2015.10.20 09:10:37.151,1.35639,1.35649,2.25,3.37
2015.10.20 09:10:37.719,1.35639,1.35647,1.00,1.00
2015.10.20 09:10:37.770,1.35641,1.35647,1.00,1.12
2015.10.20 09:10:38.112,1.35638,1.35646,4.87,1.00
2015.10.20 09:10:38.366,1.35636,1.35644,1.87,1.00
2015.10.20 09:10:38.670,1.35636,1.35642,1.12,1.12
2015.10.20 09:10:42.275,1.35636,1.35643,1.00,3.75
2015.10.20 09:10:42.880,1.35636,1.3564,1.00,1.50
2015.10.20 09:10:43.183,1.35634,1.3564,1.00,1.00
2015.10.20 09:10:44.936,1.35633,1.3564,1.00,1.50
2015.10.20 09:10:45.442,1.35631,1.35639,1.00,1.50
2015.10.20 09:10:46.079,1.35631,1.35638,1.00,1.00
2015.10.20 09:10:46.567,1.35632,1.3564,1.50,2.25
2015.10.20 09:10:47.088,1.35632,1.3564,1.50,2.62
2015.10.20 09:10:48.294,1.3563,1.35631,3.75,1.00
2015.10.20 09:10:48.346,1.35624,1.3563,1.00,1.00
2015.10.20 09:10:48.853,1.35625,1.3563,1.00,1.50
2015.10.20 09:10:49.813,1.35625,1.3563,1.00,1.12
2015.10.20 09:10:50.791,1.35624,1.3563,1.00,1.50
2015.10.20 09:10:51.352,1.3562,1.35624,1.00,1.00
2015.10.20 09:10:51.706,1.3562,1.35626,1.00,1.00
2015.10.20 09:10:52.163,1.3562,1.35628,1.50,1.00
2015.10.20 09:10:52.895,1.3562,1.35629,3.00,1.50
2015.10.20 09:10:53.300,1.35622,1.35628,1.00,1.12
2015.10.20 09:10:53.453,1.35622,1.35628,1.00,1.00
2015.10.20 09:10:53.757,1.35624,1.35628,1.00,1.12
2015.10.20 09:10:54.398,1.35624,1.35629,1.00,1.12
2015.10.20 09:10:55.445,1.35624,1.3563,1.00,2.77
2015.10.20 09:10:56.300,1.35624,1.35629,1.00,1.00
2015.10.20 09:10:57.225,1.35624,1.3563,1.00,2.40
2015.10.20 09:10:57.528,1.35624,1.3563,1.00,2.02
2015.10.20 09:10:57.680,1.35621,1.3563,1.50,1.57
2015.10.20 09:10:58.220,1.35624,1.3563,1.50,1.00
2015.10.20 09:10:58.744,1.35624,1.35631,1.00,1.12
2015.10.20 09:10:59.266,1.35625,1.35632,2.25,1.50
2015.10.20 09:10:59.835,1.35625,1.35632,2.25,1.00
2015.10.20 09:11:00.367,1.35625,1.35633,1.50,1.87
2015.10.20 09:11:00.872,1.35625,1.35633,1.00,2.10
2015.10.20 09:11:02.189,1.35628,1.35635,1.12,2.62
2015.10.20 09:11:02.241,1.35627,1.35635,2.62,1.00
2015.10.20 09:11:02.343,1.3563,1.35637,2.25,1.87
2015.10.20 09:11:02.647,1.35635,1.3564,1.50,1.00
2015.10.20 09:11:02.851,1.35632,1.3564,1.87,1.50
2015.10.20 09:11:02.952,1.35633,1.35641,3.37,1.50
2015.10.20 09:11:03.495,1.35632,1.3564,3.37,1.50
2015.10.20 09:11:03.849,1.35633,1.35638,1.00,1.00
2015.10.20 09:11:04.360,1.35633,1.35639,1.00,1.00
2015.10.20 09:11:04.891,1.35631,1.35638,1.12,1.00
2015.10.20 09:11:08.691,1.35636,1.35639,1.00,1.37
2015.10.20 09:11:08.743,1.35636,1.35642,1.00,1.00
2015.10.20 09:11:09.244,1.35637,1.35643,1.00,3.00
2015.10.20 09:11:09.446,1.35634,1.35643,1.12,2.25
2015.10.20 09:11:10.421,1.35632,1.3564,1.00,2.25
2015.10.20 09:11:10.472,1.35633,1.35641,3.75,3.00
2015.10.20 09:11:11.003,1.35635,1.35641,1.00,2.25
2015.10.20 09:11:11.255,1.35632,1.3564,1.00,1.35
2015.10.20 09:11:11.954,1.35634,1.35641,1.00,1.12
2015.10.20 09:11:12.475,1.35635,1.35643,1.12,2.62
2015.10.20 09:11:13.267,1.35635,1.35643,3.37,1.00
2015.10.20 09:11:13.975,1.35637,1.35643,1.00,1.00
2015.10.20 09:11:14.379,1.35639,1.35645,1.50,1.50
2015.10.20 09:11:15.454,1.35644,1.35646,1.87,1.37
2015.10.20 09:11:15.506,1.35646,1.35652,1.00,3.22
2015.10.20 09:11:15.760,1.35647,1.35652,2.62,1.50
2015.10.20 09:11:15.912,1.3565,1.35657,1.50,1.37
2015.10.20 09:11:16.872,1.35649,1.35658,3.00,4.12
2015.10.20 09:11:17.480,1.35649,1.35658,1.00,4.12
2015.10.20 09:11:18.038,1.35649,1.35658,3.37,2.62
2015.10.20 09:11:18.988,1.35649,1.35658,1.00,2.25
2015.10.20 09:11:19.444,1.35648,1.35658,3.00,2.62
2015.10.20 09:11:19.988,1.35647,1.35657,3.00,3.75
2015.10.20 09:11:20.495,1.35646,1.35654,4.20,1.00
2015.10.20 09:11:21.339,1.35648,1.35656,1.00,1.37
2015.10.20 09:11:21.746,1.3565,1.35658,2.62,2.62
2015.10.20 09:11:22.203,1.3565,1.35653,2.62,1.00
2015.10.20 09:11:22.881,1.35645,1.35653,1.00,2.62
2015.10.20 09:11:23.386,1.35644,1.35652,1.87,1.12
2015.10.20 09:11:23.905,1.35645,1.35652,1.00,1.00
2015.10.20 09:11:24.606,1.35644,1.35652,3.75,1.50
2015.10.20 09:11:24.708,1.35644,1.35652,1.12,1.75
2015.10.20 09:11:25.212,1.35644,1.35651,1.00,1.50
2015.10.20 09:11:26.758,1.35645,1.35651,1.50,1.37
2015.10.20 09:11:27.235,1.35649,1.35652,1.00,1.50
2015.10.20 09:11:27.286,1.35649,1.35652,1.00,1.12
2015.10.20 09:11:27.337,1.35647,1.35653,1.00,1.12
2015.10.20 09:11:27.438,1.35647,1.35656,1.50,1.37
2015.10.20 09:11:27.489,1.35649,1.35656,1.00,1.50
2015.10.20 09:11:28.556,1.3565,1.35656,1.00,1.00
2015.10.20 09:11:29.066,1.35651,1.35657,1.12,1.00
2015.10.20 09:11:29.627,1.35654,1.3566,1.00,2.62
2015.10.20 09:11:30.171,1.35655,1.35661,1.00,2.32
2015.10.20 09:11:30.611,1.35653,1.35661,1.00,1.50
2015.10.20 09:11:31.161,1.35653,1.35661,1.12,1.12
2015.10.20 09:11:35.684,1.35653,1.3566,1.12,1.87
2015.10.20 09:11:36.189,1.35653,1.3566,1.00,1.87
2015.10.20 09:11:37.397,1.35653,1.3566,1.00,1.12
2015.10.20 09:11:43.591,1.35653,1.35662,1.37,1.37
2015.10.20 09:11:43.642,1.35654,1.35662,1.87,1.00
2015.10.20 09:11:43.693,1.35656,1.35663,1.00,2.32
2015.10.20 09:11:44.199,1.35656,1.35665,1.50,2.85
2015.10.20 09:11:44.962,1.35658,1.35665,1.50,2.47
2015.10.20 09:11:45.980,1.35658,1.35665,1.50,1.97
2015.10.20 09:11:46.576,1.35658,1.35666,1.50,1.72
2015.10.20 09:11:47.090,1.35658,1.35665,1.50,2.85
2015.10.20 09:11:48.198,1.35658,1.35665,1.50,1.60
2015.10.20 09:11:48.957,1.35658,1.35666,1.50,5.92
2015.10.20 09:11:49.876,1.35658,1.35666,1.50,6.30
2015.10.20 09:11:50.873,1.35659,1.35666,1.00,1.72
2015.10.20 09:11:51.425,1.3566,1.35666,2.62,2.10
2015.10.20 09:11:51.628,1.3566,1.35667,1.12,1.60
2015.10.20 09:11:51.932,1.35659,1.35666,3.75,2.10
2015.10.20 09:11:52.350,1.35661,1.35666,1.00,1.60
2015.10.20 09:11:52.885,1.3566,1.35666,1.50,1.60
2015.10.20 09:11:53.394,1.3566,1.35667,2.62,2.85
2015.10.20 09:11:53.849,1.35658,1.35664,1.12,1.60
2015.10.20 09:11:54.925,1.35659,1.35667,1.50,2.85
2015.10.20 09:11:55.441,1.3566,1.35666,1.87,1.60
2015.10.20 09:11:56.310,1.35657,1.35663,1.00,1.60
2015.10.20 09:11:56.819,1.35655,1.35662,2.25,1.12
2015.10.20 09:11:57.943,1.35654,1.35662,1.37,2.47
2015.10.20 09:11:58.614,1.35653,1.35662,1.87,1.65
2015.10.20 09:11:59.242,1.35653,1.35661,1.87,1.50
2015.10.20 09:11:59.750,1.35653,1.3566,1.87,1.50
2015.10.20 09:12:00.458,1.35653,1.35662,1.87,2.62
2015.10.20 09:12:01.387,1.35659,1.35663,1.12,1.30
2015.10.20 09:12:01.438,1.3566,1.35667,1.00,2.47
2015.10.20 09:12:02.515,1.3566,1.35668,1.37,3.22
2015.10.20 09:12:03.214,1.35661,1.35668,1.37,1.00
2015.10.20 09:12:03.416,1.35665,1.35667,1.00,1.00
2015.10.20 09:12:03.467,1.35665,1.3567,1.00,1.00
2015.10.20 09:12:03.972,1.35665,1.35671,1.12,1.00
2015.10.20 09:12:04.864,1.35665,1.35671,1.50,1.00
2015.10.20 09:12:05.379,1.35665,1.35671,2.25,1.00
2015.10.20 09:12:05.481,1.35665,1.35673,2.62,1.50
2015.10.20 09:12:05.582,1.35668,1.35675,1.00,1.20
2015.10.20 09:12:05.684,1.35669,1.35676,1.37,2.70
2015.10.20 09:12:06.228,1.35669,1.35677,1.00,1.37
2015.10.20 09:12:06.556,1.35671,1.35677,1.00,1.37
2015.10.20 09:12:07.063,1.35671,1.35678,1.00,3.75
2015.10.20 09:12:08.140,1.35671,1.35675,1.00,1.00
2015.10.20 09:12:08.242,1.35668,1.35674,1.50,1.87
2015.10.20 09:12:08.851,1.35667,1.35673,3.37,1.00
2015.10.20 09:12:09.429,1.35668,1.35674,1.00,1.12
2015.10.20 09:12:10.031,1.35667,1.35674,3.37,1.12
2015.10.20 09:12:11.698,1.35666,1.35674,1.00,2.25
2015.10.20 09:12:12.755,1.3567,1.35677,1.00,1.50
2015.10.20 09:12:12.807,1.35671,1.35679,2.25,1.00
2015.10.20 09:12:13.325,1.35671,1.35678,2.25,1.00
2015.10.20 09:12:14.225,1.35671,1.35679,2.25,3.37
2015.10.20 09:12:14.326,1.35671,1.35679,2.25,4.12
2015.10.20 09:12:15.554,1.35669,1.35677,1.12,1.00
2015.10.20 09:12:16.438,1.35668,1.35676,3.37,1.00
2015.10.20 09:12:17.906,1.35669,1.35676,1.00,1.37
2015.10.20 09:12:17.958,1.35665,1.35672,1.00,1.50
2015.10.20 09:12:18.161,1.35667,1.35672,2.62,1.00
2015.10.20 09:12:18.364,1.35671,1.3568,4.50,3.00
2015.10.20 09:12:18.466,1.35673,1.3568,1.50,1.00
2015.10.20 09:12:19.171,1.35673,1.3568,1.50,1.50
2015.10.20 09:12:19.746,1.35673,1.35681,1.50,1.50
2015.10.20 09:12:20.252,1.35675,1.3568,1.00,1.50
2015.10.20 09:12:21.349,1.35674,1.3568,1.87,1.50
2015.10.20 09:12:21.863,1.35675,1.35683,1.00,1.87
2015.10.20 09:12:22.016,1.35676,1.35684,1.50,3.00
2015.10.20 09:12:22.067,1.35677,1.35685,1.50,1.20
2015.10.20 09:12:22.118,1.35679,1.35685,1.12,1.00
2015.10.20 09:12:22.747,1.3568,1.35685,1.00,1.50
2015.10.20 09:12:23.361,1.3568,1.35686,1.00,1.50
2015.10.20 09:12:24.338,1.3568,1.35685,1.00,1.50
2015.10.20 09:12:25.064,1.3568,1.35686,1.00,1.50
2015.10.20 09:12:25.925,1.3568,1.35685,1.00,1.50
2015.10.20 09:12:26.461,1.3568,1.35686,1.00,1.87
2015.10.20 09:12:26.987,1.3568,1.35685,1.00,1.50
2015.10.20 09:12:27.858,1.3568,1.35686,1.12,1.50
2015.10.20 09:12:28.415,1.3568,1.35687,1.12,1.50
2015.10.20 09:12:29.894,1.35679,1.35687,6.37,3.00
2015.10.20 09:12:30.328,1.35679,1.35687,6.00,2.25
2015.10.20 09:12:30.830,1.3568,1.35687,3.00,1.87
2015.10.20 09:12:31.785,1.3568,1.35687,3.00,2.25
2015.10.20 09:12:33.592,1.35681,1.35687,1.00,2.25
2015.10.20 09:12:34.110,1.35681,1.35687,1.00,1.87
2015.10.20 09:12:34.619,1.35682,1.35687,1.00,1.87
2015.10.20 09:12:36.624,1.35681,1.35688,1.50,1.87
2015.10.20 09:12:37.497,1.35682,1.35688,1.12,3.82
2015.10.20 09:12:37.802,1.35679,1.35681,2.25,1.00
2015.10.20 09:12:38.182,1.35678,1.35682,1.00,1.12
2015.10.20 09:12:38.800,1.35678,1.35681,1.00,1.50
2015.10.20 09:12:39.413,1.35678,1.35683,1.00,1.12
2015.10.20 09:12:40.261,1.35679,1.35683,2.25,1.12
2015.10.20 09:12:41.093,1.35679,1.35684,2.25,1.12
2015.10.20 09:12:44.559,1.35679,1.35684,2.25,1.37
2015.10.20 09:12:46.016,1.35679,1.35684,2.25,1.12
2015.10.20 09:12:48.816,1.3568,1.35684,1.00,1.00
2015.10.20 09:12:49.323,1.35681,1.35685,1.00,1.00
2015.10.20 09:12:50.096,1.3568,1.35685,1.00,2.25
2015.10.20 09:12:51.938,1.35679,1.35685,3.75,1.00
2015.10.20 09:12:52.442,1.3568,1.35685,1.00,1.00
2015.10.20 09:12:53.468,1.35679,1.35685,1.00,1.12
2015.10.20 09:12:53.997,1.35679,1.35685,1.00,1.87
2015.10.20 09:12:54.628,1.35678,1.35684,1.00,1.12
2015.10.20 09:12:56.985,1.35679,1.35684,1.00,1.50
2015.10.20 09:12:57.492,1.35679,1.35684,1.00,1.50
2015.10.20 09:12:58.102,1.35679,1.35684,1.00,1.12
2015.10.20 09:12:58.512,1.35678,1.35682,1.00,1.00
2015.10.20 09:12:58.714,1.35676,1.35681,3.00,1.50
2015.10.20 09:12:59.562,1.35676,1.3568,1.00,1.50
2015.10.20 09:13:00.122,1.35676,1.35681,1.00,3.00
2015.10.20 09:13:00.462,1.35676,1.3568,1.00,2.25
2015.10.20 09:13:01.776,1.35675,1.35679,3.00,1.00
2015.10.20 09:13:02.384,1.35674,1.3568,2.25,3.00
2015.10.20 09:13:03.369,1.35674,1.3568,2.25,1.50
2015.10.20 09:13:05.883,1.35674,1.3568,2.25,3.37
2015.10.20 09:13:06.887,1.35674,1.3568,2.25,1.00
2015.10.20 09:13:09.389,1.35674,1.35681,2.25,3.75
2015.10.20 09:13:09.994,1.35674,1.3568,2.25,1.50
2015.10.20 09:13:10.901,1.35674,1.35681,2.25,4.50
2015.10.20 09:13:11.406,1.35674,1.3568,2.25,1.50
2015.10.20 09:13:12.817,1.35674,1.35681,2.25,3.37
2015.10.20 09:13:13.319,1.35674,1.3568,2.25,1.50
2015.10.20 09:13:18.306,1.35673,1.3568,1.00,2.77
2015.10.20 09:13:18.815,1.35672,1.35679,3.37,1.00
2015.10.20 09:13:20.494,1.35672,1.35679,1.87,1.57
2015.10.20 09:13:22.006,1.35672,1.35679,3.37,1.50
2015.10.20 09:13:22.753,1.35672,1.3568,2.62,4.20
2015.10.20 09:13:23.327,1.35672,1.35676,2.62,1.00
2015.10.20 09:13:23.378,1.35671,1.35676,1.00,1.00
2015.10.20 09:13:23.834,1.35673,1.35677,1.00,1.20
2015.10.20 09:13:23.986,1.35673,1.35679,4.12,1.00
2015.10.20 09:13:24.624,1.35674,1.3568,1.87,1.27
2015.10.20 09:13:25.133,1.35673,1.35678,1.00,1.30
2015.10.20 09:13:26.530,1.3567,1.35677,4.12,1.50
2015.10.20 09:13:27.061,1.35672,1.35677,1.72,2.02
2015.10.20 09:13:27.366,1.35683,1.35684,1.00,1.00
2015.10.20 09:13:27.870,1.35683,1.35691,1.00,3.37
2015.10.20 09:13:28.376,1.35683,1.3569,1.87,1.87
2015.10.20 09:13:28.630,1.35685,1.3569,1.00,1.87
2015.10.20 09:13:28.732,1.35683,1.35691,1.00,2.62
2015.10.20 09:13:29.271,1.35684,1.3569,1.00,1.50
2015.10.20 09:13:29.474,1.35681,1.35688,1.50,1.00
2015.10.20 09:13:29.525,1.3568,1.35688,1.12,3.37
2015.10.20 09:13:29.576,1.3568,1.35688,1.00,3.75
2015.10.20 09:13:29.628,1.35677,1.35685,3.37,4.87
2015.10.20 09:13:30.549,1.35677,1.35684,1.50,1.00
2015.10.20 09:13:31.506,1.35678,1.35684,1.00,1.65
2015.10.20 09:13:32.017,1.35677,1.35684,1.00,1.12
2015.10.20 09:13:32.474,1.3568,1.35684,1.50,1.12
2015.10.20 09:13:32.627,1.3568,1.35686,2.62,2.40
2015.10.20 09:13:32.678,1.35682,1.35686,1.00,2.25
2015.10.20 09:13:33.380,1.35683,1.35689,1.00,1.00
2015.10.20 09:13:33.899,1.35682,1.35689,1.00,1.87
2015.10.20 09:13:34.051,1.35682,1.35688,1.00,2.62
2015.10.20 09:13:34.355,1.35676,1.35684,4.87,1.00
2015.10.20 09:13:34.927,1.35674,1.35681,2.77,1.42
2015.10.20 09:13:35.434,1.35674,1.3568,6.75,1.50
2015.10.20 09:13:35.638,1.35674,1.3568,4.50,1.50
2015.10.20 09:13:36.451,1.35675,1.3568,1.50,1.50
2015.10.20 09:13:36.980,1.35674,1.3568,5.25,1.50
2015.10.20 09:13:37.516,1.35674,1.35681,1.00,3.00
2015.10.20 09:13:38.061,1.35673,1.3568,1.12,2.25
2015.10.20 09:13:38.112,1.35675,1.3568,1.00,2.25
2015.10.20 09:13:38.618,1.35675,1.35681,1.00,1.00
2015.10.20 09:13:40.120,1.35675,1.35682,3.37,1.75
2015.10.20 09:13:40.727,1.35677,1.3568,1.00,1.00
2015.10.20 09:13:40.980,1.35679,1.35684,1.12,1.37
2015.10.20 09:13:41.031,1.35681,1.35684,2.62,1.00
2015.10.20 09:13:41.573,1.35681,1.35686,3.37,1.12
2015.10.20 09:13:42.386,1.35681,1.35687,2.62,1.37
2015.10.20 09:13:43.141,1.35681,1.35685,2.62,1.00
2015.10.20 09:13:43.653,1.35681,1.35687,2.62,1.12
2015.10.20 09:13:44.286,1.35681,1.35686,1.12,1.75
2015.10.20 09:13:44.795,1.35682,1.35687,1.00,1.87
2015.10.20 09:13:44.947,1.35683,1.35688,1.12,1.37
2015.10.20 09:13:45.815,1.35682,1.35688,2.62,1.05
2015.10.20 09:13:46.020,1.35682,1.35687,2.62,1.67
2015.10.20 09:13:46.563,1.35682,1.35687,2.62,1.12
2015.10.20 09:13:47.600,1.35687,1.35689,1.12,1.30
2015.10.20 09:13:47.651,1.35688,1.35694,2.62,1.50
2015.10.20 09:13:48.169,1.35688,1.35694,2.62,1.75
2015.10.20 09:13:49.104,1.35687,1.35692,2.62,1.00
2015.10.20 09:13:49.358,1.35684,1.35692,3.37,1.12
2015.10.20 09:13:49.409,1.35684,1.35692,3.00,1.87
2015.10.20 09:13:49.914,1.35683,1.35691,2.62,1.95
2015.10.20 09:13:50.533,1.35686,1.35692,1.00,1.87
2015.10.20 09:13:50.837,1.35689,1.35695,2.62,1.50
2015.10.20 09:13:51.345,1.35688,1.35695,2.77,1.87
2015.10.20 09:13:52.441,1.35693,1.35698,2.77,1.20
2015.10.20 09:13:52.952,1.35693,1.35699,2.62,2.25
2015.10.20 09:13:53.890,1.35691,1.35697,4.12,1.10
2015.10.20 09:13:54.763,1.35692,1.35698,2.77,1.42
2015.10.20 09:13:54.967,1.35696,1.35698,2.62,1.00
2015.10.20 09:13:55.568,1.35699,1.35706,4.12,1.60
2015.10.20 09:13:56.384,1.357,1.35705,3.52,1.27
2015.10.20 09:13:56.435,1.357,1.35707,3.52,2.25
2015.10.20 09:13:57.115,1.357,1.35706,2.77,1.00
2015.10.20 09:13:57.329,1.35699,1.35705,3.37,1.37
2015.10.20 09:13:57.863,1.357,1.35704,2.62,1.00
2015.10.20 09:13:58.850,1.357,1.35705,2.62,1.00
2015.10.20 09:13:59.479,1.357,1.35705,2.62,2.25
2015.10.20 09:13:59.961,1.35698,1.35704,3.52,1.00
2015.10.20 09:14:00.104,1.35695,1.35703,7.12,1.00
2015.10.20 09:14:00.655,1.35695,1.35702,2.70,1.00
2015.10.20 09:14:00.716,1.35698,1.35702,1.00,2.10
2015.10.20 09:14:01.019,1.35706,1.35708,1.12,1.12
2015.10.20 09:14:01.070,1.35709,1.35711,1.12,1.00
2015.10.20 09:14:01.173,1.35708,1.35713,2.62,1.00
2015.10.20 09:14:01.864,1.35707,1.35714,2.77,1.00
2015.10.20 09:14:02.369,1.35708,1.35714,2.62,1.00
2015.10.20 09:14:02.774,1.35706,1.35714,3.52,1.50
2015.10.20 09:14:02.824,1.35706,1.35713,3.52,1.87
2015.10.20 09:14:03.307,1.35705,1.35707,2.62,1.00
2015.10.20 09:14:03.359,1.35701,1.35707,3.00,1.00
2015.10.20 09:14:04.083,1.357,1.35707,2.62,1.00
2015.10.20 09:14:05.478,1.35701,1.35704,1.12,1.00
2015.10.20 09:14:05.988,1.357,1.35706,4.12,1.57
2015.10.20 09:14:06.779,1.35699,1.35704,2.62,1.37
2015.10.20 09:14:07.286,1.35699,1.35705,1.12,1.45
2015.10.20 09:14:07.793,1.35699,1.35706,3.37,1.80
2015.10.20 09:14:08.337,1.35699,1.35706,3.37,1.90
2015.10.20 09:14:08.844,1.35699,1.35705,3.37,1.27
2015.10.20 09:14:09.848,1.35698,1.35705,4.57,1.20
2015.10.20 09:14:10.380,1.35699,1.35706,2.70,1.57
2015.10.20 09:14:11.598,1.35699,1.35705,2.70,1.00
2015.10.20 09:14:12.065,1.35703,1.35705,1.00,1.00
2015.10.20 09:14:12.218,1.35707,1.35709,3.37,1.35
2015.10.20 09:14:12.700,1.35708,1.35713,1.87,1.00
2015.10.20 09:14:13.183,1.35709,1.35715,1.00,1.00
2015.10.20 09:14:13.487,1.35706,1.35715,1.20,3.37
2015.10.20 09:14:13.790,1.35706,1.35711,3.52,1.00
2015.10.20 09:14:14.753,1.35703,1.35709,2.62,1.50
2015.10.20 09:14:14.804,1.35702,1.35707,1.12,1.00
2015.10.20 09:14:15.311,1.35702,1.35708,1.00,1.00
2015.10.20 09:14:15.616,1.35702,1.35709,1.12,1.87
2015.10.20 09:14:16.177,1.35706,1.35709,1.50,1.00
2015.10.20 09:14:16.228,1.35706,1.35711,1.50,2.25
2015.10.20 09:14:16.483,1.35705,1.3571,1.27,1.95
2015.10.20 09:14:17.150,1.35704,1.3571,2.62,2.17
2015.10.20 09:14:18.382,1.35703,1.3571,4.57,2.17
2015.10.20 09:14:18.716,1.35704,1.35708,2.62,1.35
2015.10.20 09:14:19.095,1.35703,1.35708,1.10,1.42
2015.10.20 09:14:19.399,1.35702,1.35705,1.00,1.00
2015.10.20 09:14:20.096,1.35703,1.35706,1.00,1.27
2015.10.20 09:14:20.301,1.35703,1.35709,1.00,1.47
2015.10.20 09:14:20.454,1.35701,1.35708,1.00,1.80
2015.10.20 09:14:20.712,1.35703,1.35709,2.62,1.50
2015.10.20 09:14:21.017,1.35706,1.35711,2.62,1.80
2015.10.20 09:14:21.530,1.35706,1.35711,1.12,2.32
2015.10.20 09:14:23.132,1.35706,1.35711,1.12,1.57
2015.10.20 09:14:23.661,1.35705,1.35712,4.12,1.80
2015.10.20 09:14:24.505,1.35705,1.35712,3.37,1.87
2015.10.20 09:14:25.016,1.35705,1.35712,1.12,2.10
2015.10.20 09:14:25.520,1.35705,1.35712,3.37,2.10
2015.10.20 09:14:27.109,1.35705,1.35713,3.75,1.87
2015.10.20 09:14:27.513,1.35703,1.35711,1.65,1.12
2015.10.20 09:14:27.615,1.35703,1.35711,1.12,3.00
2015.10.20 09:14:27.716,1.35701,1.35709,1.87,1.00
2015.10.20 09:14:28.263,1.35701,1.35709,4.12,2.25
2015.10.20 09:14:28.770,1.35701,1.35709,1.87,2.25
2015.10.20 09:14:29.331,1.35701,1.35709,3.75,1.87
2015.10.20 09:14:30.589,1.35705,1.3571,1.00,1.37
2015.10.20 09:14:30.690,1.35706,1.35711,1.00,1.42
2015.10.20 09:14:30.842,1.35706,1.35713,3.52,1.12
2015.10.20 09:14:32.176,1.35709,1.35715,1.50,1.00
2015.10.20 09:14:32.652,1.35707,1.35715,2.70,3.97
2015.10.20 09:14:32.754,1.35706,1.35714,1.12,1.75
2015.10.20 09:14:33.398,1.35706,1.3571,1.00,1.87
2015.10.20 09:14:33.906,1.35704,1.35712,2.77,1.12
2015.10.20 09:14:34.886,1.35703,1.35712,4.12,1.75
2015.10.20 09:14:35.387,1.35704,1.35712,2.77,2.25
2015.10.20 09:14:36.888,1.35703,1.3571,1.12,2.25
2015.10.20 09:14:37.242,1.35702,1.35709,1.50,1.37
2015.10.20 09:14:37.546,1.357,1.35707,1.20,1.37
2015.10.20 09:14:37.700,1.35697,1.35705,1.57,1.00
2015.10.20 09:14:38.200,1.35696,1.35703,1.50,1.50
2015.10.20 09:14:38.706,1.35696,1.35703,1.12,1.65
2015.10.20 09:14:39.255,1.35698,1.35704,1.00,1.50
2015.10.20 09:14:39.796,1.35701,1.35705,2.62,3.00
2015.10.20 09:14:39.847,1.35701,1.35707,2.62,1.50
2015.10.20 09:14:40.574,1.35701,1.35707,1.00,1.57
2015.10.20 09:14:41.075,1.35701,1.35707,2.62,2.40
2015.10.20 09:14:41.586,1.357,1.35706,2.70,1.20
2015.10.20 09:14:42.305,1.357,1.35707,2.62,1.80
2015.10.20 09:14:43.239,1.357,1.35707,3.00,1.00
2015.10.20 09:14:43.771,1.35702,1.35709,1.00,1.95
2015.10.20 09:14:44.280,1.35702,1.35708,3.15,1.65
2015.10.20 09:14:45.544,1.35705,1.3571,1.00,2.55
2015.10.20 09:14:46.094,1.35704,1.3571,1.00,2.70
2015.10.20 09:14:47.064,1.35704,1.35709,1.50,1.35
2015.10.20 09:14:47.268,1.35702,1.35709,1.65,1.30
2015.10.20 09:14:47.573,1.357,1.35707,1.12,1.00
2015.10.20 09:14:48.263,1.357,1.35708,1.50,1.72
2015.10.20 09:14:48.314,1.35701,1.35709,3.52,1.50
2015.10.20 09:14:48.820,1.35701,1.35709,1.27,1.12
2015.10.20 09:14:49.667,1.35701,1.35709,3.15,2.10
2015.10.20 09:14:50.213,1.35701,1.35708,2.77,1.12
2015.10.20 09:14:50.720,1.35701,1.35709,2.77,1.00
2015.10.20 09:14:51.247,1.35702,1.35711,1.00,2.25
2015.10.20 09:14:52.462,1.35702,1.3571,1.47,1.12
2015.10.20 09:14:53.105,1.35703,1.3571,3.45,1.50
2015.10.20 09:14:53.621,1.35703,1.35711,4.20,2.25
2015.10.20 09:14:53.977,1.35706,1.35715,3.37,4.50
2015.10.20 09:14:54.537,1.35707,1.35715,1.10,2.25
2015.10.20 09:14:54.589,1.35706,1.35715,2.32,1.50
2015.10.20 09:14:55.159,1.35707,1.35716,1.47,3.37
2015.10.20 09:14:55.699,1.35707,1.35715,1.47,1.50
2015.10.20 09:14:56.620,1.35707,1.35716,1.47,4.12
2015.10.20 09:14:57.149,1.35707,1.35715,1.47,1.50
2015.10.20 09:14:58.977,1.35716,1.35717,2.62,1.50
2015.10.20 09:14:59.033,1.35716,1.35722,2.62,1.00
2015.10.20 09:15:00.691,1.35715,1.35722,2.77,1.00
2015.10.20 09:15:04.328,1.35714,1.35722,4.50,1.12
2015.10.20 09:15:04.869,1.35715,1.35722,2.77,1.12
2015.10.20 09:15:05.555,1.35715,1.35722,2.77,1.37
2015.10.20 09:15:06.246,1.35712,1.3572,1.00,4.50
2015.10.20 09:15:06.604,1.35711,1.35718,2.70,1.12
2015.10.20 09:15:08.904,1.3571,1.35715,2.77,1.00
2015.10.20 09:15:09.722,1.35711,1.35715,2.62,1.00
2015.10.20 09:15:10.228,1.35711,1.35717,2.62,1.00
2015.10.20 09:15:10.329,1.35711,1.35719,3.52,1.00
2015.10.20 09:15:11.866,1.35712,1.35719,1.00,2.25
2015.10.20 09:15:12.377,1.35712,1.35719,1.12,1.12
2015.10.20 09:15:12.997,1.35712,1.3572,1.12,1.87
2015.10.20 09:15:13.691,1.35712,1.3572,1.12,2.62
2015.10.20 09:15:15.852,1.35713,1.35721,2.62,1.37
2015.10.20 09:15:16.309,1.35712,1.35717,3.00,1.87
2015.10.20 09:15:16.360,1.35711,1.35717,1.00,2.25
2015.10.20 09:15:16.411,1.3571,1.35717,1.37,3.00
2015.10.20 09:15:16.463,1.35709,1.35717,1.87,2.62
2015.10.20 09:15:16.965,1.35708,1.35715,1.00,1.37
2015.10.20 09:15:17.480,1.35707,1.35715,1.87,1.87
2015.10.20 09:15:18.426,1.35706,1.35715,1.87,1.87
2015.10.20 09:15:19.000,1.35706,1.35715,1.95,1.87
2015.10.20 09:15:19.528,1.35707,1.35714,1.37,1.00
2015.10.20 09:15:20.264,1.35707,1.35715,1.37,2.25
2015.10.20 09:15:20.421,1.3571,1.35715,1.12,1.50
2015.10.20 09:15:20.574,1.35712,1.3572,3.00,5.62
2015.10.20 09:15:21.665,1.35714,1.3572,1.00,1.00
2015.10.20 09:15:22.172,1.35714,1.35721,1.00,1.50
2015.10.20 09:15:22.698,1.35714,1.3572,1.00,1.87
2015.10.20 09:15:23.595,1.35714,1.35721,1.00,2.62
2015.10.20 09:15:24.122,1.35712,1.3572,3.00,1.37
2015.10.20 09:15:24.275,1.35711,1.35719,1.12,1.37
2015.10.20 09:15:24.376,1.35709,1.35715,1.95,1.50
2015.10.20 09:15:25.586,1.35709,1.35716,3.00,1.87
2015.10.20 09:15:26.143,1.3571,1.35716,1.37,1.50
2015.10.20 09:15:26.649,1.35709,1.35715,1.12,1.50
2015.10.20 09:15:27.173,1.35709,1.35714,1.00,1.87
2015.10.20 09:15:27.680,1.35708,1.35714,1.00,1.75
2015.10.20 09:15:28.973,1.35705,1.35713,3.37,1.37
2015.10.20 09:15:29.075,1.35704,1.3571,2.32,1.50
2015.10.20 09:15:29.584,1.35703,1.3571,1.00,3.37
2015.10.20 09:15:30.124,1.35702,1.35708,1.87,1.00
2015.10.20 09:15:30.632,1.35702,1.35708,1.87,1.37
2015.10.20 09:15:32.012,1.357,1.35708,1.12,1.37
2015.10.20 09:15:32.608,1.35702,1.35708,1.00,1.37
2015.10.20 09:15:33.186,1.35702,1.35708,1.00,1.87
2015.10.20 09:15:33.709,1.35701,1.35708,1.00,1.50
2015.10.20 09:15:34.244,1.35701,1.35709,1.50,2.25
2015.10.20 09:15:34.653,1.35701,1.35706,1.00,1.00
2015.10.20 09:15:34.755,1.35701,1.35709,1.00,2.77
2015.10.20 09:15:34.806,1.35699,1.35708,4.12,1.50
2015.10.20 09:15:35.396,1.35696,1.35703,2.62,1.00
2015.10.20 09:15:35.447,1.35695,1.35703,1.12,1.00
2015.10.20 09:15:35.700,1.35696,1.357,1.00,1.00
2015.10.20 09:15:35.902,1.35695,1.35704,2.62,1.50
2015.10.20 09:15:35.953,1.35697,1.35704,1.00,1.50
2015.10.20 09:15:36.257,1.35699,1.35706,1.50,1.00
2015.10.20 09:15:36.805,1.357,1.35708,1.00,3.75
2015.10.20 09:15:37.310,1.35699,1.35709,1.75,3.00
2015.10.20 09:15:38.051,1.35699,1.35709,1.87,3.37
2015.10.20 09:15:39.213,1.35699,1.35708,1.12,1.12
2015.10.20 09:15:39.725,1.35697,1.35705,1.50,1.00
2015.10.20 09:15:39.877,1.35696,1.35704,1.00,1.37
2015.10.20 09:15:40.633,1.35693,1.35701,1.50,1.37
2015.10.20 09:15:40.940,1.35696,1.35704,1.87,2.25
2015.10.20 09:15:41.042,1.35696,1.35704,3.00,1.00
2015.10.20 09:15:41.548,1.35696,1.35705,2.62,1.37
2015.10.20 09:15:42.131,1.35696,1.35705,3.37,1.00
2015.10.20 09:15:42.670,1.35697,1.35706,1.00,2.62
2015.10.20 09:15:43.233,1.35697,1.35706,1.00,3.37
2015.10.20 09:15:43.438,1.35696,1.35704,1.37,2.25
2015.10.20 09:15:43.919,1.35693,1.35701,6.75,1.00
2015.10.20 09:15:44.080,1.35693,1.35701,2.25,1.12
2015.10.20 09:15:44.600,1.35693,1.35701,4.12,1.12
2015.10.20 09:15:45.203,1.35693,1.35701,4.12,1.50
2015.10.20 09:15:45.728,1.35692,1.35701,1.87,1.75
2015.10.20 09:15:46.387,1.35692,1.35699,1.12,1.00
2015.10.20 09:15:46.892,1.35692,1.357,1.50,1.12
2015.10.20 09:15:47.508,1.35695,1.35702,2.62,1.37
2015.10.20 09:15:47.559,1.35695,1.35703,3.37,1.50
2015.10.20 09:15:48.216,1.35696,1.35703,1.00,1.00
2015.10.20 09:15:48.623,1.35696,1.35706,1.50,2.25
2015.10.20 09:15:49.174,1.35696,1.35704,1.50,1.00
2015.10.20 09:15:54.063,1.35696,1.35703,1.00,1.00
2015.10.20 09:15:55.995,1.35696,1.35703,1.00,1.37
2015.10.20 09:15:56.517,1.35696,1.35703,1.00,1.50
2015.10.20 09:15:57.542,1.35696,1.35703,1.00,1.50
2015.10.20 09:15:59.080,1.35696,1.35703,1.00,1.12
2015.10.20 09:15:59.653,1.35697,1.35703,1.00,1.00
2015.10.20 09:16:00.200,1.35696,1.35703,1.00,1.00
2015.10.20 09:16:00.996,1.35697,1.35703,1.00,1.00
2015.10.20 09:16:01.545,1.35696,1.35703,1.00,1.00
2015.10.20 09:16:01.748,1.35696,1.35701,1.00,1.00
2015.10.20 09:16:02.606,1.35694,1.35701,1.50,1.00
2015.10.20 09:16:03.113,1.35693,1.35702,1.50,1.75
2015.10.20 09:16:03.466,1.35693,1.35699,1.00,1.37
2015.10.20 09:16:04.172,1.35691,1.35697,1.12,1.00
2015.10.20 09:16:04.378,1.35691,1.35699,2.25,1.50
2015.10.20 09:16:04.884,1.3569,1.35699,4.12,2.62
2015.10.20 09:16:06.212,1.35689,1.35697,4.50,1.50
2015.10.20 09:16:06.266,1.35686,1.35696,3.37,3.37
2015.10.20 09:16:06.795,1.35686,1.35693,1.37,1.00
2015.10.20 09:16:07.659,1.35685,1.35693,6.75,1.12
2015.10.20 09:16:08.348,1.35685,1.35693,4.12,1.00
2015.10.20 09:16:09.198,1.35685,1.35693,6.37,1.00
2015.10.20 09:16:09.705,1.35685,1.35692,3.00,1.87
2015.10.20 09:16:10.224,1.35684,1.35692,1.00,2.25
2015.10.20 09:16:10.780,1.35684,1.3569,1.00,2.62
2015.10.20 09:16:12.684,1.35684,1.3569,1.00,2.25
2015.10.20 09:16:12.809,1.35684,1.35691,1.00,1.57
2015.10.20 09:16:13.658,1.35682,1.3569,1.50,1.50
2015.10.20 09:16:14.390,1.35684,1.35689,1.00,1.00
2015.10.20 09:16:15.009,1.35684,1.3569,1.00,1.12
2015.10.20 09:16:15.111,1.35684,1.3569,1.00,1.12
2015.10.20 09:16:15.712,1.35682,1.3569,1.12,3.37
2015.10.20 09:16:16.239,1.35682,1.35688,1.00,1.00
2015.10.20 09:16:16.744,1.35681,1.35687,1.00,1.12
2015.10.20 09:16:17.047,1.35681,1.35685,1.00,1.00
2015.10.20 09:16:17.300,1.35679,1.35685,1.87,1.00
2015.10.20 09:16:18.030,1.35678,1.35684,3.00,1.00
2015.10.20 09:16:20.371,1.35678,1.35685,1.00,1.75
2015.10.20 09:16:20.523,1.35678,1.35685,1.50,1.00
2015.10.20 09:16:21.131,1.35677,1.35685,1.12,1.12
2015.10.20 09:16:21.664,1.35677,1.35684,2.62,1.00
2015.10.20 09:16:23.201,1.35677,1.35686,1.12,2.40
2015.10.20 09:16:23.556,1.35675,1.35684,1.00,1.37
2015.10.20 09:16:24.676,1.35677,1.35686,2.62,3.00
2015.10.20 09:16:25.185,1.35678,1.35685,1.12,1.00
2015.10.20 09:16:25.708,1.35678,1.35686,1.12,1.87
2015.10.20 09:16:26.468,1.35678,1.35685,1.00,1.00
2015.10.20 09:16:28.147,1.35675,1.35683,1.00,2.25
2015.10.20 09:16:28.655,1.35675,1.3568,1.00,1.00
2015.10.20 09:16:29.500,1.35676,1.35683,1.00,1.87
2015.10.20 09:16:30.006,1.35675,1.35682,1.00,1.87
2015.10.20 09:16:30.517,1.35676,1.35682,1.00,2.62
2015.10.20 09:16:30.568,1.35674,1.35682,1.00,1.87
2015.10.20 09:16:31.102,1.35672,1.3568,4.12,1.50
2015.10.20 09:16:31.980,1.35672,1.3568,1.50,1.12
2015.10.20 09:16:33.285,1.35672,1.3568,3.75,1.12
2015.10.20 09:16:33.803,1.35674,1.3568,1.00,1.12
2015.10.20 09:16:34.750,1.35674,1.35681,1.00,1.50
2015.10.20 09:16:35.265,1.35674,1.35682,1.50,3.00
2015.10.20 09:16:36.436,1.35674,1.35681,1.50,1.00
2015.10.20 09:16:36.792,1.35674,1.35683,1.00,1.87
2015.10.20 09:16:36.843,1.35674,1.35683,1.00,1.87
2015.10.20 09:16:37.394,1.35674,1.35682,1.50,1.00
2015.10.20 09:16:38.580,1.35675,1.35682,1.00,1.00
2015.10.20 09:16:38.885,1.35679,1.35687,1.12,2.62
2015.10.20 09:16:38.936,1.35679,1.35687,1.50,1.87
2015.10.20 09:16:39.635,1.3568,1.35687,1.00,1.00
2015.10.20 09:16:40.260,1.35679,1.35687,2.25,1.00
2015.10.20 09:16:41.884,1.35679,1.35685,1.00,1.00
2015.10.20 09:16:42.036,1.35676,1.35685,1.57,4.87
2015.10.20 09:16:42.542,1.35675,1.35683,1.12,1.12
2015.10.20 09:16:43.202,1.35677,1.35682,1.00,1.00
2015.10.20 09:16:43.707,1.35677,1.35684,1.00,1.37
2015.10.20 09:16:44.011,1.35679,1.35684,1.00,1.00
2015.10.20 09:16:44.944,1.35679,1.35684,1.00,1.50
2015.10.20 09:16:45.248,1.35683,1.35684,1.00,1.00
2015.10.20 09:16:45.299,1.35682,1.35686,1.00,1.37
2015.10.20 09:16:45.806,1.35682,1.35686,1.12,1.00
2015.10.20 09:16:47.034,1.3568,1.35685,4.50,1.00
2015.10.20 09:16:47.092,1.35677,1.35685,4.50,1.50
2015.10.20 09:16:47.600,1.35677,1.35684,3.00,1.50
2015.10.20 09:16:48.385,1.35679,1.35684,1.00,1.00
2015.10.20 09:16:48.938,1.35679,1.35685,1.00,1.12
2015.10.20 09:16:49.784,1.35679,1.35684,1.00,1.00
2015.10.20 09:16:49.937,1.35678,1.35682,1.00,1.00
2015.10.20 09:16:50.089,1.35675,1.35682,1.00,1.12
2015.10.20 09:16:50.607,1.35676,1.35683,1.00,1.50
2015.10.20 09:16:51.471,1.35676,1.35683,1.37,1.37
2015.10.20 09:16:51.674,1.35678,1.35684,1.00,1.12
2015.10.20 09:16:52.079,1.35678,1.35686,2.25,1.12
2015.10.20 09:16:52.772,1.35679,1.35685,1.00,1.00
2015.10.20 09:16:53.310,1.3568,1.35685,1.87,1.00
2015.10.20 09:16:54.011,1.3568,1.35686,1.87,1.00
2015.10.20 09:16:54.844,1.3568,1.35687,1.00,1.50
2015.10.20 09:16:55.222,1.3568,1.35685,1.00,1.00
2015.10.20 09:16:56.946,1.3568,1.35686,1.00,1.00
2015.10.20 09:16:57.460,1.3568,1.35687,2.89,1.00
2015.10.20 09:16:57.763,1.35682,1.35687,2.62,1.00
2015.10.20 09:16:58.829,1.35682,1.35687,1.12,1.00
2015.10.20 09:16:58.880,1.35682,1.35692,1.12,4.50
2015.10.20 09:16:59.381,1.35682,1.35691,3.37,1.00
2015.10.20 09:17:00.007,1.35682,1.35692,1.12,2.25
2015.10.20 09:17:01.111,1.35682,1.3569,1.12,1.00
2015.10.20 09:17:01.647,1.35682,1.3569,4.12,1.00
2015.10.20 09:17:02.179,1.35682,1.3569,2.62,1.00
2015.10.20 09:17:02.700,1.35682,1.35687,4.12,1.00
2015.10.20 09:17:03.612,1.35682,1.35687,3.00,1.00
2015.10.20 09:17:04.362,1.35682,1.35687,4.87,1.00
2015.10.20 09:17:04.952,1.35682,1.35687,1.87,1.00
2015.10.20 09:17:05.770,1.35683,1.35687,1.00,1.00
2015.10.20 09:17:06.276,1.35683,1.35688,1.12,1.00
2015.10.20 09:17:07.673,1.35683,1.35689,1.50,1.00
2015.10.20 09:17:08.589,1.35683,1.35687,1.12,1.00
2015.10.20 09:17:09.132,1.35681,1.35686,1.12,1.00
2015.10.20 09:17:09.183,1.35683,1.35687,1.00,1.37
2015.10.20 09:17:09.436,1.35684,1.35689,1.00,1.50
2015.10.20 09:17:10.546,1.35683,1.3569,3.75,1.50
2015.10.20 09:17:11.084,1.35683,1.35689,1.50,1.00
2015.10.20 09:17:11.475,1.35683,1.35687,3.75,1.00
2015.10.20 09:17:11.778,1.35683,1.35689,1.50,1.00
2015.10.20 09:17:12.387,1.35682,1.35689,1.00,1.00
2015.10.20 09:17:12.693,1.35681,1.35687,1.87,1.00
2015.10.20 09:17:13.219,1.35681,1.35687,1.00,1.00
2015.10.20 09:17:14.351,1.35682,1.35689,1.00,1.87
2015.10.20 09:17:14.858,1.35682,1.35688,1.00,1.00
2015.10.20 09:17:15.011,1.35679,1.35684,3.82,1.00
2015.10.20 09:17:15.713,1.3568,1.35686,1.00,1.50
2015.10.20 09:17:16.448,1.35681,1.35686,1.00,1.00
2015.10.20 09:17:17.610,1.35681,1.35685,1.00,1.00
2015.10.20 09:17:17.711,1.35679,1.35687,2.25,1.00
2015.10.20 09:17:18.015,1.35679,1.35685,1.87,1.00
2015.10.20 09:17:19.313,1.35679,1.35687,2.25,1.00
2015.10.20 09:17:19.861,1.35681,1.35688,1.87,1.00
2015.10.20 09:17:20.115,1.35683,1.35688,1.00,1.00
2015.10.20 09:17:21.502,1.35683,1.35687,1.00,1.00
2015.10.20 09:17:21.655,1.35675,1.3568,3.37,1.00
2015.10.20 09:17:21.757,1.35673,1.3568,1.00,1.12
2015.10.20 09:17:22.723,1.35676,1.35682,1.00,7.87
2015.10.20 09:17:23.240,1.35676,1.35683,1.00,3.75
2015.10.20 09:17:24.184,1.35675,1.35683,3.82,1.00
2015.10.20 09:17:24.387,1.35678,1.35685,1.00,1.00
2015.10.20 09:17:24.690,1.35681,1.35686,1.12,1.00
2015.10.20 09:17:25.656,1.35683,1.35687,1.12,1.00
2015.10.20 09:17:25.707,1.35683,1.35691,1.12,1.87
2015.10.20 09:17:28.670,1.35684,1.35691,1.00,1.12
2015.10.20 09:17:28.822,1.35684,1.35689,1.12,1.00
2015.10.20 09:17:29.411,1.35681,1.35687,2.17,1.00
2015.10.20 09:17:29.463,1.35678,1.35685,1.65,1.00
2015.10.20 09:17:30.023,1.35677,1.35685,4.12,1.00
2015.10.20 09:17:30.194,1.35679,1.35683,1.00,1.00
2015.10.20 09:17:30.918,1.35678,1.35683,1.00,1.00
2015.10.20 09:17:31.457,1.35678,1.35684,1.37,1.00
2015.10.20 09:17:32.049,1.35677,1.35684,1.00,1.00
2015.10.20 09:17:32.809,1.35676,1.35683,1.12,1.00
2015.10.20 09:17:35.111,1.35675,1.35683,1.12,2.62
2015.10.20 09:17:35.314,1.35675,1.3568,1.00,1.00
2015.10.20 09:17:37.740,1.35674,1.35679,1.37,1.00
2015.10.20 09:17:41.130,1.35674,1.3568,1.87,1.00
2015.10.20 09:17:43.139,1.35674,1.35679,1.87,1.00
2015.10.20 09:17:43.675,1.35674,1.35679,1.00,1.00
2015.10.20 09:17:44.307,1.35672,1.35676,1.12,1.00
2015.10.20 09:17:44.662,1.3567,1.35675,1.00,1.00
2015.10.20 09:17:45.168,1.3567,1.35677,1.50,3.37
2015.10.20 09:17:45.967,1.3567,1.35677,1.50,1.12
2015.10.20 09:17:46.503,1.3567,1.35676,1.87,1.00
2015.10.20 09:17:49.991,1.35671,1.35677,1.12,1.00
2015.10.20 09:17:51.844,1.3567,1.35676,2.25,1.00
2015.10.20 09:17:52.098,1.35668,1.35676,1.50,1.50
2015.10.20 09:17:52.453,1.35667,1.35674,1.00,1.00
2015.10.20 09:17:53.526,1.35666,1.35673,3.00,1.00
2015.10.20 09:17:54.032,1.35666,1.35674,3.00,1.12
2015.10.20 09:17:56.220,1.35666,1.35674,1.00,1.12
2015.10.20 09:17:57.211,1.35666,1.35674,1.37,1.00
2015.10.20 09:17:59.177,1.35667,1.35675,1.12,1.75
2015.10.20 09:17:59.684,1.35667,1.35674,1.12,1.50
2015.10.20 09:18:01.090,1.35667,1.35675,1.87,1.50
2015.10.20 09:18:01.663,1.35667,1.35674,1.87,1.00
2015.10.20 09:18:03.671,1.35667,1.35675,1.87,1.12
2015.10.20 09:18:04.387,1.35667,1.35674,1.00,1.00
2015.10.20 09:18:04.842,1.35669,1.35675,2.62,1.12
2015.10.20 09:18:05.348,1.35669,1.35676,4.12,1.00
2015.10.20 09:18:05.942,1.35669,1.35677,3.37,2.25
2015.10.20 09:18:06.246,1.35669,1.35675,3.37,1.00
2015.10.20 09:18:06.758,1.35669,1.35676,3.37,1.00
2015.10.20 09:18:08.400,1.35669,1.35675,3.37,1.00
2015.10.20 09:18:09.049,1.35668,1.35675,3.90,1.50
2015.10.20 09:18:09.353,1.35673,1.35677,1.50,1.00
2015.10.20 09:18:10.002,1.35673,1.35678,1.00,1.00
2015.10.20 09:18:10.577,1.35673,1.35679,1.00,1.00
2015.10.20 09:18:11.108,1.35673,1.35678,1.00,1.00
2015.10.20 09:18:11.671,1.35672,1.35678,1.57,1.00
2015.10.20 09:18:13.342,1.35674,1.35678,1.00,1.00
2015.10.20 09:18:13.621,1.35672,1.35679,3.07,1.00
2015.10.20 09:18:13.846,1.35675,1.35679,1.00,1.00
2015.10.20 09:18:14.360,1.35675,1.3568,1.00,1.00
2015.10.20 09:18:14.888,1.35675,1.35678,1.00,1.00
2015.10.20 09:18:15.376,1.35672,1.35676,1.12,1.00
2015.10.20 09:18:15.427,1.35668,1.35676,4.50,1.00
2015.10.20 09:18:15.882,1.3567,1.35677,3.82,1.00
2015.10.20 09:18:16.739,1.35672,1.35678,1.00,1.00
2015.10.20 09:18:17.585,1.35675,1.35678,1.00,1.00
2015.10.20 09:18:17.636,1.35675,1.3568,1.50,1.00
2015.10.20 09:18:18.146,1.35677,1.3568,1.12,1.00
2015.10.20 09:18:18.197,1.35677,1.35685,2.25,1.00
2015.10.20 09:18:19.051,1.35678,1.35685,2.62,1.50
2015.10.20 09:18:20.248,1.35679,1.35685,1.87,1.00
2015.10.20 09:18:21.222,1.35679,1.35685,1.87,1.00
2015.10.20 09:18:22.067,1.35679,1.35686,1.87,1.00
2015.10.20 09:18:24.244,1.35679,1.35686,1.87,1.00
2015.10.20 09:18:24.549,1.35679,1.35684,1.00,1.00
2015.10.20 09:18:27.592,1.35677,1.35684,4.27,1.00
2015.10.20 09:18:28.417,1.35678,1.35684,1.37,1.00
2015.10.20 09:18:29.177,1.35678,1.35685,1.37,1.00
2015.10.20 09:18:29.835,1.35678,1.35684,3.00,1.00
2015.10.20 09:18:30.720,1.3568,1.35685,1.00,1.00
2015.10.20 09:18:31.229,1.3568,1.35686,1.12,1.00
2015.10.20 09:18:33.362,1.3568,1.35685,1.12,1.00
2015.10.20 09:18:33.868,1.35679,1.35684,3.37,1.00
2015.10.20 09:18:34.551,1.35679,1.35685,3.37,1.00
2015.10.20 09:18:35.107,1.35678,1.35685,3.82,1.50
2015.10.20 09:18:35.512,1.35678,1.35683,2.70,1.00
2015.10.20 09:18:35.614,1.35676,1.35683,1.00,1.50
2015.10.20 09:18:36.156,1.35676,1.35684,1.50,1.87
2015.10.20 09:18:36.410,1.35679,1.35684,1.00,1.12
2015.10.20 09:18:37.568,1.35679,1.35685,1.00,1.12
2015.10.20 09:18:39.644,1.35679,1.35684,1.50,1.00
2015.10.20 09:18:40.361,1.35679,1.35685,1.50,1.00
2015.10.20 09:18:41.154,1.35683,1.35689,1.87,1.12
2015.10.20 09:18:41.458,1.35685,1.35688,1.00,1.00
2015.10.20 09:18:41.509,1.35685,1.35693,1.00,4.12
2015.10.20 09:18:41.863,1.35683,1.35692,1.10,1.37
2015.10.20 09:18:42.660,1.35683,1.35693,1.37,4.12
2015.10.20 09:18:43.165,1.35683,1.35693,1.00,2.25
2015.10.20 09:18:45.082,1.35683,1.35689,1.00,1.00
2015.10.20 09:18:45.507,1.35685,1.35689,1.50,1.00
2015.10.20 09:18:46.652,1.35686,1.35692,1.00,1.00
2015.10.20 09:18:46.858,1.35688,1.35693,1.00,1.00
2015.10.20 09:18:47.366,1.35688,1.35695,3.75,1.00
2015.10.20 09:18:48.132,1.35688,1.35694,3.37,1.00
2015.10.20 09:18:48.646,1.35688,1.35694,1.12,1.00
2015.10.20 09:18:49.193,1.35688,1.35694,3.37,1.00
2015.10.20 09:18:50.091,1.35688,1.35693,1.37,1.00
2015.10.20 09:18:50.655,1.35688,1.35694,1.37,2.62
2015.10.20 09:18:50.910,1.35686,1.35693,1.12,1.50
2015.10.20 09:18:51.580,1.35686,1.35692,1.37,1.00
2015.10.20 09:18:52.087,1.35686,1.35694,1.00,2.02
2015.10.20 09:18:52.290,1.35686,1.35694,1.87,1.00
2015.10.20 09:18:53.103,1.35686,1.35694,1.50,1.50
2015.10.20 09:18:54.120,1.35688,1.35695,1.00,1.50
2015.10.20 09:18:54.908,1.35688,1.35694,1.00,1.00
2015.10.20 09:18:55.418,1.35685,1.35693,3.15,1.12
2015.10.20 09:18:56.181,1.35685,1.35693,1.95,1.12
2015.10.20 09:18:57.271,1.35686,1.35693,1.00,1.12
2015.10.20 09:18:58.202,1.35685,1.35693,1.85,1.12
2015.10.20 09:18:58.253,1.35685,1.35693,2.25,1.12
2015.10.20 09:18:58.456,1.35686,1.35693,2.62,1.12
2015.10.20 09:19:00.119,1.35692,1.35693,1.00,1.00
2015.10.20 09:19:00.171,1.35693,1.35696,1.00,1.12
2015.10.20 09:19:00.324,1.35693,1.35698,1.00,1.00
2015.10.20 09:19:00.831,1.35695,1.35699,1.00,1.00
2015.10.20 09:19:01.039,1.35693,1.35699,1.12,1.00
2015.10.20 09:19:03.358,1.35692,1.35698,3.75,1.00
2015.10.20 09:19:03.901,1.35692,1.35698,1.87,1.00
2015.10.20 09:19:04.107,1.35692,1.357,1.87,1.12
2015.10.20 09:19:05.027,1.35693,1.357,1.00,1.12
2015.10.20 09:19:05.561,1.35693,1.35699,1.00,1.00
2015.10.20 09:19:07.061,1.35692,1.35698,2.62,1.12
2015.10.20 09:19:07.578,1.35691,1.35698,2.70,1.00
2015.10.20 09:19:08.092,1.35692,1.35698,2.62,1.00
2015.10.20 09:19:08.629,1.35692,1.35697,2.62,1.00
2015.10.20 09:19:09.780,1.35692,1.35697,2.62,3.60
2015.10.20 09:19:10.221,1.35691,1.35697,1.00,3.60
2015.10.20 09:19:10.273,1.35689,1.35695,1.87,1.12
2015.10.20 09:19:10.425,1.35689,1.35694,1.00,1.50
2015.10.20 09:19:10.999,1.35687,1.35694,2.62,1.50
2015.10.20 09:19:12.557,1.35688,1.35694,2.62,1.50
2015.10.20 09:19:13.129,1.35687,1.35694,2.62,1.50
2015.10.20 09:19:13.484,1.35686,1.35693,1.10,2.25
2015.10.20 09:19:13.988,1.35685,1.35692,1.00,1.87
2015.10.20 09:19:15.535,1.35686,1.35694,1.00,3.00
2015.10.20 09:19:16.042,1.35684,1.3569,1.12,1.00
2015.10.20 09:19:16.144,1.35685,1.35692,1.00,1.00
2015.10.20 09:19:16.651,1.35685,1.35692,2.62,1.00
2015.10.20 09:19:17.157,1.35684,1.35692,4.12,1.00
2015.10.20 09:19:17.210,1.35685,1.35692,1.00,2.40
2015.10.20 09:19:17.666,1.35684,1.35688,1.00,1.00
2015.10.20 09:19:17.768,1.3568,1.35687,1.45,2.25
2015.10.20 09:19:17.819,1.35679,1.35687,4.87,2.25
2015.10.20 09:19:17.920,1.35678,1.35684,1.12,1.12
2015.10.20 09:19:17.971,1.35679,1.35682,1.00,1.00
2015.10.20 09:19:18.560,1.35675,1.35682,1.20,1.50
2015.10.20 09:19:19.383,1.35675,1.3568,1.00,1.50
2015.10.20 09:19:20.894,1.35675,1.35681,1.00,1.00
2015.10.20 09:19:21.414,1.35676,1.35682,1.00,1.50
2015.10.20 09:19:22.101,1.35674,1.35682,1.12,1.75
2015.10.20 09:19:22.606,1.35673,1.3568,1.12,3.00
2015.10.20 09:19:23.111,1.35671,1.35679,3.37,1.87
2015.10.20 09:19:23.702,1.35671,1.35678,2.62,1.75
2015.10.20 09:19:23.753,1.3567,1.35678,1.12,1.87
2015.10.20 09:19:24.763,1.35669,1.35677,4.27,1.00
2015.10.20 09:19:26.289,1.3567,1.35678,1.50,1.87
2015.10.20 09:19:26.795,1.35671,1.35677,1.12,1.00
2015.10.20 09:19:27.304,1.35672,1.35678,1.12,1.00
2015.10.20 09:19:27.834,1.35673,1.35679,1.00,1.00
2015.10.20 09:19:28.354,1.35674,1.35679,1.37,1.00
2015.10.20 09:19:28.860,1.35675,1.3568,1.00,1.00
2015.10.20 09:19:29.544,1.35674,1.35678,1.00,1.00
2015.10.20 09:19:29.645,1.35672,1.35678,2.25,1.00
2015.10.20 09:19:30.152,1.35671,1.35677,1.87,1.00
2015.10.20 09:19:30.203,1.35672,1.35679,1.00,1.00
2015.10.20 09:19:31.067,1.35672,1.35678,1.50,1.00
2015.10.20 09:19:32.201,1.35672,1.35679,1.87,1.00
2015.10.20 09:19:33.781,1.35672,1.35678,1.87,1.00
2015.10.20 09:19:34.295,1.35672,1.3568,1.50,1.00
2015.10.20 09:19:34.847,1.35675,1.35681,1.00,1.50
2015.10.20 09:19:34.898,1.35676,1.35684,1.00,2.40
2015.10.20 09:19:35.408,1.35676,1.35684,3.37,1.50
2015.10.20 09:19:35.909,1.35676,1.35684,1.12,2.25
2015.10.20 09:19:36.778,1.35676,1.35684,3.37,2.25
2015.10.20 09:19:37.318,1.35676,1.35684,1.50,1.00
2015.10.20 09:19:37.846,1.35676,1.35683,3.37,1.00
2015.10.20 09:19:38.099,1.35675,1.35683,1.57,1.87
2015.10.20 09:19:38.617,1.35675,1.35682,1.50,1.00
2015.10.20 09:19:39.129,1.35675,1.35682,3.75,1.00
2015.10.20 09:19:40.127,1.35675,1.35681,4.12,1.00
2015.10.20 09:19:41.188,1.35673,1.35681,1.87,1.00
2015.10.20 09:19:41.730,1.35675,1.35682,1.00,2.25
2015.10.20 09:19:42.882,1.35676,1.35683,1.00,2.62
2015.10.20 09:19:44.694,1.35677,1.35685,1.00,1.12
2015.10.20 09:19:47.647,1.35677,1.35684,1.00,1.00
2015.10.20 09:19:48.003,1.35677,1.3568,1.37,1.00
2015.10.20 09:19:48.656,1.35672,1.35678,3.37,1.00
2015.10.20 09:19:49.709,1.35672,1.35677,2.62,1.00
2015.10.20 09:19:49.861,1.35671,1.35677,1.00,1.50
2015.10.20 09:19:50.364,1.3567,1.35676,1.50,1.00
2015.10.20 09:19:50.869,1.3567,1.35677,1.00,1.50
2015.10.20 09:19:51.374,1.3567,1.35676,1.00,1.00
2015.10.20 09:19:56.330,1.35669,1.35677,1.37,1.00
2015.10.20 09:19:58.343,1.35669,1.35676,1.37,1.00
2015.10.20 09:20:01.591,1.35669,1.35676,1.00,1.00
2015.10.20 09:20:02.285,1.35669,1.35676,3.00,1.00
2015.10.20 09:20:02.869,1.35669,1.35676,1.00,1.00
2015.10.20 09:20:03.765,1.35669,1.35676,3.00,1.00
2015.10.20 09:20:04.568,1.35668,1.35675,1.37,1.00
2015.10.20 09:20:05.179,1.35668,1.35675,1.00,1.00
2015.10.20 09:20:06.115,1.35668,1.35675,3.00,1.00
2015.10.20 09:20:07.330,1.35668,1.35676,3.00,1.12
2015.10.20 09:20:08.678,1.35668,1.35675,3.00,1.00
2015.10.20 09:20:09.482,1.35668,1.35677,3.00,2.62
2015.10.20 09:20:11.759,1.35668,1.35677,1.00,2.25
2015.10.20 09:20:12.764,1.35668,1.35676,3.00,1.12
2015.10.20 09:20:13.501,1.35668,1.35676,1.00,1.12
2015.10.20 09:20:14.253,1.35668,1.35675,3.00,1.00
2015.10.20 09:20:15.208,1.35668,1.35674,3.00,1.00
2015.10.20 09:20:16.102,1.35668,1.35675,2.62,1.12
2015.10.20 09:20:16.699,1.35667,1.35675,3.00,1.12
2015.10.20 09:20:17.239,1.35667,1.35674,3.00,1.12
2015.10.20 09:20:17.937,1.35668,1.35675,1.12,1.00
2015.10.20 09:20:18.190,1.3567,1.35676,1.87,1.00
2015.10.20 09:20:18.696,1.35671,1.35675,1.00,1.00
2015.10.20 09:20:19.293,1.35673,1.35678,1.00,1.00
2015.10.20 09:20:20.075,1.35671,1.35677,3.37,1.00
2015.10.20 09:20:20.589,1.35672,1.35677,2.62,1.00
2015.10.20 09:20:21.737,1.35672,1.35678,2.25,1.00
2015.10.20 09:20:22.193,1.35673,1.3568,3.75,1.00
2015.10.20 09:20:22.706,1.35673,1.3568,1.50,1.00
2015.10.20 09:20:23.207,1.35673,1.35679,3.75,1.00
2015.10.20 09:20:23.717,1.35673,1.35678,3.75,1.00
2015.10.20 09:20:25.269,1.35673,1.35679,3.75,1.00
2015.10.20 09:20:25.901,1.35674,1.35678,1.12,1.00
2015.10.20 09:20:27.401,1.35674,1.35677,1.12,1.00
2015.10.20 09:20:28.152,1.35674,1.35675,1.00,1.00
2015.10.20 09:20:28.304,1.35672,1.35674,1.00,1.00
2015.10.20 09:20:29.756,1.35672,1.35675,1.00,1.00
2015.10.20 09:20:30.258,1.35672,1.35677,1.00,1.50
2015.10.20 09:20:33.612,1.35671,1.35676,4.50,1.00
2015.10.20 09:20:36.797,1.35671,1.35675,1.12,1.00
2015.10.20 09:20:37.455,1.35671,1.35676,1.87,1.50
2015.10.20 09:20:38.452,1.35675,1.35677,1.00,1.50
2015.10.20 09:20:38.656,1.35675,1.35679,3.37,1.00
2015.10.20 09:20:39.317,1.35678,1.35679,1.00,1.00
2015.10.20 09:20:39.893,1.3568,1.35683,1.00,1.00
2015.10.20 09:20:39.945,1.35678,1.35683,2.25,1.00
2015.10.20 09:20:40.463,1.35679,1.35682,1.00,1.00
2015.10.20 09:20:44.503,1.3568,1.35683,1.00,1.50
2015.10.20 09:20:44.909,1.3568,1.35684,4.87,1.00
2015.10.20 09:20:45.415,1.3568,1.35685,7.12,1.50
2015.10.20 09:20:48.408,1.35682,1.35687,2.62,2.25
2015.10.20 09:20:48.459,1.35683,1.35687,1.87,1.12
2015.10.20 09:20:49.068,1.35682,1.35686,3.75,1.00
2015.10.20 09:20:49.891,1.3568,1.35682,2.62,1.00
2015.10.20 09:20:50.450,1.35679,1.35682,3.00,1.00
2015.10.20 09:20:51.540,1.35679,1.35682,3.37,1.12
2015.10.20 09:20:52.049,1.35678,1.35682,2.62,1.12
2015.10.20 09:20:52.403,1.35678,1.3568,2.62,1.00
2015.10.20 09:20:52.556,1.35676,1.3568,3.37,1.00
2015.10.20 09:20:53.154,1.35676,1.35681,2.62,1.00
2015.10.20 09:20:53.661,1.35677,1.35682,1.00,1.50
2015.10.20 09:20:56.575,1.35675,1.35682,5.62,1.50
2015.10.20 09:20:56.676,1.35675,1.35681,1.50,1.87
2015.10.20 09:20:57.201,1.35675,1.35679,2.25,1.12
2015.10.20 09:20:57.717,1.35674,1.35679,1.00,1.87
2015.10.20 09:21:01.140,1.35674,1.35678,1.00,1.00
2015.10.20 09:21:01.191,1.35672,1.35678,1.50,1.00
2015.10.20 09:21:01.394,1.35674,1.35677,1.00,1.00
2015.10.20 09:21:01.901,1.35674,1.35678,1.00,1.12
2015.10.20 09:21:03.451,1.35674,1.35677,1.00,1.00
2015.10.20 09:21:03.961,1.35674,1.35679,1.00,1.87
2015.10.20 09:21:07.606,1.35674,1.3568,1.12,1.37
2015.10.20 09:21:08.158,1.35674,1.3568,1.00,1.00
2015.10.20 09:21:09.457,1.35674,1.35679,1.12,1.00
2015.10.20 09:21:10.188,1.35673,1.35679,1.12,1.87
2015.10.20 09:21:10.689,1.35673,1.35679,1.12,1.87
2015.10.20 09:21:11.227,1.35673,1.35678,1.12,1.50
2015.10.20 09:21:11.766,1.35673,1.35678,1.00,1.50
2015.10.20 09:21:12.388,1.35673,1.35676,1.12,1.12
2015.10.20 09:21:12.439,1.3567,1.35675,1.50,1.50
2015.10.20 09:21:12.794,1.35669,1.35676,1.50,1.50
2015.10.20 09:21:13.723,1.3567,1.35675,1.00,1.00
2015.10.20 09:21:14.230,1.35671,1.35676,1.00,1.00
2015.10.20 09:21:14.736,1.3567,1.35675,2.25,1.00
2015.10.20 09:21:15.940,1.35669,1.35674,1.12,1.00
2015.10.20 09:21:16.295,1.35666,1.35673,1.50,1.00
2015.10.20 09:21:16.916,1.35666,1.35672,2.25,1.12
2015.10.20 09:21:17.465,1.35666,1.35672,1.87,1.00
2015.10.20 09:21:17.728,1.35668,1.35673,1.00,1.12
2015.10.20 09:21:18.034,1.35668,1.35675,3.00,1.50
2015.10.20 09:21:19.011,1.35668,1.35674,2.62,1.00
2015.10.20 09:21:19.987,1.35667,1.35674,3.00,1.50
2015.10.20 09:21:20.635,1.35668,1.35675,3.37,1.00
2015.10.20 09:21:21.160,1.35668,1.35674,1.50,1.50
2015.10.20 09:21:21.798,1.35668,1.35674,3.75,1.00
2015.10.20 09:21:22.435,1.35668,1.35675,3.75,1.87
2015.10.20 09:21:23.099,1.35668,1.35674,3.75,1.00
2015.10.20 09:21:23.603,1.35668,1.35675,3.75,1.87
2015.10.20 09:21:24.691,1.35668,1.35675,1.50,1.12
2015.10.20 09:21:25.208,1.35668,1.35675,3.75,1.87
2015.10.20 09:21:25.714,1.35669,1.35674,2.25,1.00
2015.10.20 09:21:26.244,1.35669,1.35675,2.25,1.12
2015.10.20 09:21:26.771,1.3567,1.35675,1.50,1.50
2015.10.20 09:21:27.313,1.35669,1.35675,1.87,1.50
2015.10.20 09:21:27.849,1.35669,1.35674,1.87,1.00
2015.10.20 09:21:28.770,1.3567,1.35674,1.50,1.00
2015.10.20 09:21:29.301,1.35669,1.35675,1.87,1.50
2015.10.20 09:21:29.973,1.3567,1.35675,1.50,1.12
2015.10.20 09:21:31.147,1.3567,1.35673,1.50,1.50
2015.10.20 09:21:31.655,1.35667,1.35673,1.12,1.50
2015.10.20 09:21:32.582,1.35665,1.3567,1.50,1.00
2015.10.20 09:21:33.103,1.35665,1.35671,1.50,1.87
2015.10.20 09:21:33.609,1.35664,1.35671,1.50,1.87
2015.10.20 09:21:34.218,1.35669,1.35673,1.00,1.75
