2014.12.30 15:00:00.171,1.4503,1.4504,1.50,1.00
2014.12.30 15:00:00.272,1.4503,1.45055,1.50,2.25
2014.12.30 15:00:00.423,1.45028,1.45059,2.25,1.00
2014.12.30 15:00:00.524,1.45028,1.45052,2.25,1.00
2014.12.30 15:00:00.625,1.45027,1.45058,1.50,1.00
2014.12.30 15:00:00.676,1.45027,1.45069,1.50,1.00
2014.12.30 15:00:00.777,1.45028,1.45072,1.50,2.09
2014.12.30 15:00:01.080,1.45027,1.45066,1.50,1.51
2014.12.30 15:00:01.382,1.45029,1.45036,1.00,1.00
2014.12.30 15:00:01.433,1.45029,1.45048,1.00,1.00
2014.12.30 15:00:01.483,1.4503,1.45039,1.00,1.00
2014.12.30 15:00:01.685,1.4503,1.45055,1.00,3.00
2014.12.30 15:00:01.786,1.45028,1.45055,1.00,1.00
2014.12.30 15:00:01.887,1.45028,1.4505,2.25,1.00
2014.12.30 15:00:02.041,1.45027,1.45055,2.25,1.00
2014.12.30 15:00:02.092,1.45028,1.45057,1.50,1.00
2014.12.30 15:00:02.243,1.45028,1.45047,1.50,1.00
2014.12.30 15:00:02.505,1.45028,1.45056,1.50,1.00
2014.12.30 15:00:02.607,1.45005,1.45056,1.00,1.00
2014.12.30 15:00:02.810,1.44996,1.45046,1.00,1.37
2014.12.30 15:00:03.012,1.4498,1.45033,1.37,1.00
2014.12.30 15:00:03.163,1.44984,1.45034,1.00,1.87
2014.12.30 15:00:03.465,1.44992,1.4503,0.75,1.00
2014.12.30 15:00:03.768,1.44992,1.4502,0.75,1.00
2014.12.30 15:00:03.819,1.44965,1.4502,1.00,1.00
2014.12.30 15:00:04.020,1.44965,1.4502,1.00,1.87
2014.12.30 15:00:04.444,1.44963,1.45015,1.00,2.25
2014.12.30 15:00:04.697,1.44956,1.45014,1.00,1.50
2014.12.30 15:00:04.799,1.44964,1.45017,1.00,1.00
2014.12.30 15:00:04.850,1.44964,1.45019,1.00,1.00
2014.12.30 15:00:04.951,1.44958,1.4502,1.75,1.00
2014.12.30 15:00:05.002,1.44975,1.45024,1.00,1.00
2014.12.30 15:00:05.306,1.44977,1.45025,1.50,1.00
2014.12.30 15:00:05.559,1.44968,1.45024,1.00,3.37
2014.12.30 15:00:05.610,1.44968,1.45021,1.00,2.25
2014.12.30 15:00:05.913,1.44966,1.4499,2.25,2.25
2014.12.30 15:00:06.064,1.4499,1.44997,0.75,2.25
2014.12.30 15:00:06.115,1.44988,1.44997,1.00,2.25
2014.12.30 15:00:06.217,1.44983,1.44997,1.00,2.25
2014.12.30 15:00:06.268,1.44995,1.45014,2.25,1.00
2014.12.30 15:00:06.319,1.44992,1.45005,2.25,1.00
2014.12.30 15:00:06.370,1.44978,1.44992,1.00,2.25
2014.12.30 15:00:06.421,1.4498,1.44992,1.00,2.25
2014.12.30 15:00:06.724,1.4498,1.45002,1.00,2.25
2014.12.30 15:00:06.775,1.44978,1.45002,2.25,2.25
2014.12.30 15:00:06.876,1.44982,1.45002,1.00,2.25
2014.12.30 15:00:07.179,1.45003,1.45017,1.00,2.25
2014.12.30 15:00:07.533,1.45008,1.45026,1.95,1.00
2014.12.30 15:00:07.684,1.44987,1.45011,3.00,2.25
2014.12.30 15:00:07.786,1.44993,1.45027,1.00,1.00
2014.12.30 15:00:07.887,1.44987,1.45027,1.00,1.00
2014.12.30 15:00:07.988,1.45,1.45027,1.38,1.00
2014.12.30 15:00:08.089,1.45,1.45026,2.25,2.25
2014.12.30 15:00:08.140,1.44995,1.45019,2.25,2.25
2014.12.30 15:00:08.443,1.44999,1.45015,1.00,2.25
2014.12.30 15:00:08.544,1.44996,1.45015,1.00,2.25
2014.12.30 15:00:08.595,1.44996,1.4501,1.00,2.25
2014.12.30 15:00:08.898,1.44999,1.4501,1.00,2.25
2014.12.30 15:00:08.949,1.4499,1.4501,1.00,2.25
2014.12.30 15:00:09.101,1.44988,1.4501,1.00,2.25
2014.12.30 15:00:09.404,1.44986,1.4501,3.00,2.25
2014.12.30 15:00:09.656,1.44986,1.45006,1.00,2.25
2014.12.30 15:00:09.976,1.44989,1.45006,1.00,2.25
2014.12.30 15:00:10.282,1.45014,1.45019,3.25,1.34
2014.12.30 15:00:10.434,1.44996,1.45015,1.00,2.25
2014.12.30 15:00:10.536,1.44992,1.4501,1.00,2.25
2014.12.30 15:00:10.839,1.44979,1.44993,2.62,1.37
2014.12.30 15:00:10.890,1.44979,1.4499,2.25,1.00
2014.12.30 15:00:10.991,1.44976,1.4499,1.50,1.00
2014.12.30 15:00:11.042,1.44976,1.44993,1.50,1.75
2014.12.30 15:00:11.093,1.44978,1.44992,1.00,1.00
2014.12.30 15:00:11.143,1.44978,1.44994,1.12,1.50
2014.12.30 15:00:11.490,1.44987,1.44999,1.00,1.00
2014.12.30 15:00:11.642,1.44985,1.44999,1.00,1.00
2014.12.30 15:00:12.148,1.4499,1.45002,1.00,2.25
2014.12.30 15:00:12.300,1.4499,1.45002,1.00,1.00
2014.12.30 15:00:12.401,1.44994,1.45007,1.00,1.75
2014.12.30 15:00:12.452,1.44994,1.45009,1.00,2.25
2014.12.30 15:00:12.553,1.44994,1.4501,1.12,2.25
2014.12.30 15:00:12.957,1.44995,1.4501,1.50,1.12
2014.12.30 15:00:13.260,1.44992,1.45009,3.00,1.75
2014.12.30 15:00:13.563,1.44995,1.45009,1.00,1.00
2014.12.30 15:00:13.866,1.45001,1.45014,1.00,3.00
2014.12.30 15:00:14.420,1.45001,1.45013,1.00,1.41
2014.12.30 15:00:14.673,1.44996,1.45014,1.75,1.75
2014.12.30 15:00:14.774,1.44996,1.4501,1.75,1.41
2014.12.30 15:00:15.178,1.44994,1.4501,1.75,2.53
2014.12.30 15:00:15.228,1.44994,1.4501,1.37,3.28
2014.12.30 15:00:15.279,1.44991,1.45007,1.00,1.50
2014.12.30 15:00:15.330,1.44994,1.45007,1.37,1.12
2014.12.30 15:00:15.481,1.44991,1.45004,1.50,1.41
2014.12.30 15:00:15.734,1.44991,1.45004,1.12,1.78
2014.12.30 15:00:16.289,1.44991,1.45001,1.00,1.41
2014.12.30 15:00:17.034,1.44992,1.45001,1.00,1.78
2014.12.30 15:00:17.388,1.44992,1.45005,1.20,1.12
2014.12.30 15:00:17.439,1.44996,1.45009,1.00,1.87
2014.12.30 15:00:17.489,1.44997,1.4501,3.37,1.12
2014.12.30 15:00:17.591,1.44999,1.45013,1.00,1.00
2014.12.30 15:00:17.792,1.45,1.45016,1.00,1.00
2014.12.30 15:00:17.944,1.45001,1.45016,1.00,2.25
2014.12.30 15:00:18.196,1.45005,1.45022,1.50,1.22
2014.12.30 15:00:18.247,1.45007,1.45024,1.37,1.97
2014.12.30 15:00:18.399,1.45008,1.4502,1.00,1.50
2014.12.30 15:00:18.500,1.45005,1.4502,1.87,1.50
2014.12.30 15:00:18.713,1.45006,1.45018,1.10,1.75
2014.12.30 15:00:18.814,1.45006,1.45018,1.00,1.50
2014.12.30 15:00:18.864,1.45006,1.45018,1.00,2.72
2014.12.30 15:00:19.117,1.45006,1.45019,1.00,1.22
2014.12.30 15:00:19.168,1.45008,1.4502,1.37,1.84
2014.12.30 15:00:19.470,1.45025,1.45029,1.50,1.00
2014.12.30 15:00:19.521,1.45025,1.45029,1.00,1.00
2014.12.30 15:00:19.622,1.4502,1.45029,2.25,1.00
2014.12.30 15:00:19.724,1.4502,1.45024,1.50,1.75
2014.12.30 15:00:20.027,1.45015,1.45022,1.75,1.60
2014.12.30 15:00:20.128,1.45011,1.45022,1.75,1.60
2014.12.30 15:00:20.330,1.45011,1.45022,1.50,1.60
2014.12.30 15:00:20.432,1.45009,1.45022,1.00,1.60
2014.12.30 15:00:20.634,1.45006,1.4502,1.00,1.82
2014.12.30 15:00:20.836,1.45002,1.45019,1.75,1.50
2014.12.30 15:00:21.092,1.45,1.45014,2.25,1.74
2014.12.30 15:00:21.143,1.45,1.45014,1.37,2.12
2014.12.30 15:00:21.345,1.45002,1.45016,1.37,1.47
2014.12.30 15:00:21.497,1.45012,1.45023,1.00,1.00
2014.12.30 15:00:21.547,1.45012,1.45024,1.00,1.50
2014.12.30 15:00:21.699,1.45007,1.45021,1.00,1.00
2014.12.30 15:00:21.750,1.45006,1.45022,1.75,1.37
2014.12.30 15:00:21.851,1.45007,1.45025,2.25,1.37
2014.12.30 15:00:21.952,1.45011,1.45027,1.37,1.37
2014.12.30 15:00:22.255,1.45013,1.45025,1.00,1.75
2014.12.30 15:00:22.557,1.45013,1.45025,1.50,1.75
2014.12.30 15:00:22.709,1.45015,1.45025,2.25,1.20
2014.12.30 15:00:22.810,1.45015,1.45024,3.00,1.75
2014.12.30 15:00:23.013,1.45019,1.45028,1.00,1.75
2014.12.30 15:00:23.115,1.45018,1.45026,1.75,1.12
2014.12.30 15:00:23.216,1.45008,1.45017,1.50,1.12
2014.12.30 15:00:23.317,1.45004,1.45018,1.00,2.62
2014.12.30 15:00:23.368,1.45003,1.45018,2.62,2.70
2014.12.30 15:00:23.419,1.45002,1.45016,1.00,1.00
2014.12.30 15:00:23.571,1.45001,1.45018,2.25,2.70
2014.12.30 15:00:23.823,1.45009,1.45025,1.00,1.87
2014.12.30 15:00:23.975,1.45009,1.45025,1.50,1.75
2014.12.30 15:00:24.277,1.45012,1.45025,2.25,1.12
2014.12.30 15:00:24.429,1.45008,1.45023,1.50,1.47
2014.12.30 15:00:24.480,1.45008,1.45021,2.25,1.50
2014.12.30 15:00:24.632,1.45007,1.4502,1.00,1.20
2014.12.30 15:00:24.682,1.4501,1.4502,1.37,1.50
2014.12.30 15:00:24.985,1.45013,1.45021,1.75,1.75
2014.12.30 15:00:25.288,1.45015,1.4502,1.50,1.75
2014.12.30 15:00:25.478,1.45022,1.45025,1.12,1.00
2014.12.30 15:00:25.529,1.45022,1.45031,2.25,1.87
2014.12.30 15:00:25.832,1.45027,1.45031,1.00,1.87
2014.12.30 15:00:25.882,1.45027,1.45031,1.00,1.00
2014.12.30 15:00:26.152,1.45021,1.4503,2.25,1.00
2014.12.30 15:00:26.555,1.45021,1.45033,2.25,1.20
2014.12.30 15:00:26.858,1.45021,1.45035,1.00,1.50
2014.12.30 15:00:26.959,1.45021,1.45032,1.00,1.12
2014.12.30 15:00:27.495,1.4502,1.45033,1.00,1.20
2014.12.30 15:00:28.232,1.4502,1.45031,1.00,1.00
2014.12.30 15:00:28.535,1.4502,1.45034,1.00,1.00
2014.12.30 15:00:28.586,1.45022,1.45033,1.12,1.00
2014.12.30 15:00:28.889,1.45025,1.45034,2.25,1.12
2014.12.30 15:00:28.990,1.45031,1.45038,1.00,1.75
2014.12.30 15:00:29.041,1.45032,1.45038,1.37,1.75
2014.12.30 15:00:29.192,1.45033,1.4504,1.75,2.25
2014.12.30 15:00:29.243,1.45033,1.45043,1.75,1.00
2014.12.30 15:00:29.344,1.45031,1.45046,1.37,1.87
2014.12.30 15:00:29.395,1.45028,1.45045,2.25,1.12
2014.12.30 15:00:29.698,1.45029,1.45038,1.00,1.12
2014.12.30 15:00:29.799,1.45025,1.45037,1.00,1.45
2014.12.30 15:00:29.850,1.45022,1.45036,1.37,1.12
2014.12.30 15:00:29.901,1.45018,1.45035,2.25,1.07
2014.12.30 15:00:30.406,1.45018,1.45035,2.25,1.75
2014.12.30 15:00:30.761,1.45018,1.45032,1.37,1.87
2014.12.30 15:00:30.811,1.45015,1.45029,1.00,1.00
2014.12.30 15:00:31.015,1.45007,1.45026,1.75,1.00
2014.12.30 15:00:31.066,1.45007,1.45025,1.12,1.37
2014.12.30 15:00:31.370,1.45019,1.45027,1.75,1.75
2014.12.30 15:00:31.421,1.45023,1.45027,1.00,1.00
2014.12.30 15:00:31.522,1.45022,1.4503,1.00,1.00
2014.12.30 15:00:31.623,1.45022,1.45035,1.50,2.62
2014.12.30 15:00:32.128,1.45023,1.45037,1.00,1.75
2014.12.30 15:00:32.632,1.45022,1.45036,1.50,1.50
2014.12.30 15:00:32.969,1.45024,1.45036,1.00,1.50
2014.12.30 15:00:33.408,1.45022,1.45035,1.50,1.12
2014.12.30 15:00:33.711,1.45022,1.45032,1.50,1.00
2014.12.30 15:00:34.065,1.45022,1.45035,1.50,1.12
2014.12.30 15:00:34.620,1.45024,1.45036,1.00,1.37
2014.12.30 15:00:34.721,1.45022,1.45035,1.50,2.62
2014.12.30 15:00:35.377,1.45023,1.45037,1.00,1.75
2014.12.30 15:00:35.579,1.45027,1.45035,1.00,1.12
2014.12.30 15:00:35.882,1.45024,1.45037,3.00,2.25
2014.12.30 15:00:36.034,1.45029,1.4504,1.00,3.75
2014.12.30 15:00:36.085,1.45029,1.45042,1.00,1.00
2014.12.30 15:00:36.238,1.45035,1.45042,1.00,1.00
2014.12.30 15:00:36.541,1.45042,1.45045,1.00,2.25
2014.12.30 15:00:36.996,1.45042,1.45046,1.00,1.00
2014.12.30 15:00:37.148,1.45043,1.4505,3.00,2.25
2014.12.30 15:00:37.199,1.4505,1.45056,1.00,1.00
2014.12.30 15:00:37.502,1.45042,1.45053,1.00,1.37
2014.12.30 15:00:37.553,1.45042,1.45053,1.00,2.06
2014.12.30 15:00:37.604,1.45036,1.45045,1.75,1.00
2014.12.30 15:00:37.655,1.45034,1.45045,2.25,1.00
2014.12.30 15:00:37.706,1.4503,1.45044,1.00,1.00
2014.12.30 15:00:37.807,1.45044,1.45051,1.00,2.25
2014.12.30 15:00:37.959,1.4505,1.45058,1.00,1.72
2014.12.30 15:00:38.010,1.45054,1.45064,1.00,1.00
2014.12.30 15:00:38.112,1.45053,1.45067,2.25,2.25
2014.12.30 15:00:38.213,1.45053,1.45064,2.25,1.50
2014.12.30 15:00:38.264,1.45051,1.45064,1.00,1.50
2014.12.30 15:00:38.317,1.45049,1.45056,2.25,1.00
2014.12.30 15:00:38.368,1.4504,1.45056,1.85,1.00
2014.12.30 15:00:38.419,1.45037,1.45051,3.00,1.00
2014.12.30 15:00:38.570,1.45037,1.45049,1.00,1.00
2014.12.30 15:00:38.621,1.45034,1.45049,1.00,1.00
2014.12.30 15:00:38.773,1.45033,1.45037,2.25,1.00
2014.12.30 15:00:38.824,1.45029,1.45034,1.75,1.00
2014.12.30 15:00:38.876,1.45028,1.45034,1.10,1.00
2014.12.30 15:00:38.927,1.45021,1.45031,1.87,1.00
2014.12.30 15:00:38.978,1.45021,1.45031,1.12,1.50
2014.12.30 15:00:39.131,1.45015,1.45029,1.12,1.00
2014.12.30 15:00:39.182,1.45014,1.45027,1.75,1.50
2014.12.30 15:00:39.283,1.45006,1.45026,2.40,3.00
2014.12.30 15:00:39.334,1.45006,1.45021,1.10,1.12
2014.12.30 15:00:39.847,1.45005,1.45022,2.25,2.25
2014.12.30 15:00:40.153,1.45002,1.45022,3.15,2.62
2014.12.30 15:00:40.308,1.45002,1.45022,3.90,1.87
2014.12.30 15:00:40.722,1.4501,1.45026,1.00,1.87
2014.12.30 15:00:40.773,1.45007,1.45026,3.15,1.75
2014.12.30 15:00:41.077,1.45015,1.45025,1.00,1.65
2014.12.30 15:00:41.379,1.4502,1.45022,1.00,1.00
2014.12.30 15:00:41.430,1.45013,1.45022,3.00,1.75
2014.12.30 15:00:41.582,1.45008,1.45018,1.10,1.00
2014.12.30 15:00:41.683,1.45008,1.45016,1.10,1.00
2014.12.30 15:00:41.784,1.45001,1.45016,1.00,1.50
2014.12.30 15:00:42.036,1.45001,1.45013,1.00,1.00
2014.12.30 15:00:42.188,1.44997,1.45013,1.00,1.00
2014.12.30 15:00:42.289,1.45,1.45013,1.00,1.00
2014.12.30 15:00:42.742,1.45003,1.45012,1.00,1.00
2014.12.30 15:00:43.200,1.44995,1.45012,1.87,1.00
2014.12.30 15:00:43.503,1.44995,1.45012,1.00,1.50
2014.12.30 15:00:43.572,1.44993,1.45007,1.12,1.00
2014.12.30 15:00:43.623,1.44989,1.45001,1.12,2.25
2014.12.30 15:00:43.826,1.44991,1.45,1.00,1.00
2014.12.30 15:00:43.927,1.44988,1.45004,1.00,1.20
2014.12.30 15:00:44.736,1.44987,1.4499,1.00,1.50
2014.12.30 15:00:44.888,1.44973,1.44991,1.50,1.27
2014.12.30 15:00:44.939,1.44972,1.44992,4.50,2.25
2014.12.30 15:00:45.040,1.44972,1.44991,1.75,2.25
2014.12.30 15:00:45.142,1.44971,1.44989,1.00,2.32
2014.12.30 15:00:45.546,1.44972,1.44988,1.50,1.12
2014.12.30 15:00:45.849,1.44994,1.44998,1.00,1.10
2014.12.30 15:00:45.900,1.44991,1.44998,2.25,1.00
2014.12.30 15:00:46.001,1.44991,1.45003,2.25,1.75
2014.12.30 15:00:46.052,1.44991,1.45003,2.25,1.00
2014.12.30 15:00:46.154,1.44986,1.45006,4.50,1.57
2014.12.30 15:00:47.465,1.44991,1.45005,1.00,1.12
2014.12.30 15:00:47.667,1.44991,1.45008,1.87,2.25
2014.12.30 15:00:47.768,1.44991,1.45008,2.25,1.00
2014.12.30 15:00:48.071,1.44987,1.45003,1.50,1.50
2014.12.30 15:00:48.229,1.44986,1.45003,1.50,1.75
2014.12.30 15:00:48.281,1.44984,1.44996,1.10,1.00
2014.12.30 15:00:48.332,1.44981,1.44996,1.00,1.00
2014.12.30 15:00:48.585,1.44977,1.44995,1.37,2.62
2014.12.30 15:00:48.686,1.44975,1.44995,1.95,3.00
2014.12.30 15:00:48.989,1.44975,1.44993,1.00,1.00
2014.12.30 15:00:49.191,1.44974,1.44994,2.40,1.37
2014.12.30 15:00:49.696,1.44976,1.44995,2.25,5.25
2014.12.30 15:00:50.500,1.44976,1.44987,2.25,1.00
2014.12.30 15:00:50.652,1.44976,1.44986,1.00,1.00
2014.12.30 15:00:50.753,1.44974,1.44986,1.50,1.00
2014.12.30 15:00:50.804,1.44974,1.44986,1.50,1.00
2014.12.30 15:00:50.855,1.44976,1.4499,1.50,1.00
2014.12.30 15:00:50.956,1.44976,1.44992,1.00,1.00
2014.12.30 15:00:55.134,1.44976,1.44991,1.00,1.00
2014.12.30 15:00:55.235,1.44976,1.44988,1.00,1.00
2014.12.30 15:00:55.488,1.44976,1.44991,1.00,1.00
2014.12.30 15:00:55.705,1.44976,1.44988,1.00,1.00
2014.12.30 15:00:56.116,1.44976,1.44986,1.00,1.00
2014.12.30 15:00:56.480,1.44976,1.44992,1.00,1.10
2014.12.30 15:00:56.531,1.44978,1.44994,1.00,1.12
2014.12.30 15:00:56.582,1.44978,1.44994,1.12,1.00
2014.12.30 15:00:56.633,1.44978,1.44994,1.37,1.00
2014.12.30 15:00:56.936,1.44985,1.44997,1.00,2.25
2014.12.30 15:00:57.289,1.44988,1.45001,1.37,1.87
2014.12.30 15:00:57.340,1.4499,1.45004,1.00,1.20
2014.12.30 15:00:57.390,1.4499,1.45,1.00,1.00
2014.12.30 15:00:57.593,1.44992,1.45007,1.00,1.50
2014.12.30 15:00:57.694,1.44992,1.45007,1.50,1.00
2014.12.30 15:00:58.115,1.44996,1.45007,1.00,1.00
2014.12.30 15:00:58.216,1.44996,1.45011,1.00,1.75
2014.12.30 15:00:58.317,1.44996,1.45011,1.00,1.00
2014.12.30 15:00:58.419,1.44998,1.45012,1.00,4.50
2014.12.30 15:00:58.723,1.44994,1.45008,1.10,1.00
2014.12.30 15:00:59.076,1.44994,1.45006,1.00,1.00
2014.12.30 15:00:59.234,1.44994,1.45008,1.00,1.00
2014.12.30 15:00:59.738,1.44994,1.4501,1.00,5.32
2014.12.30 15:01:00.275,1.44994,1.45008,1.00,1.00
2014.12.30 15:01:00.945,1.44994,1.4501,1.00,3.07
2014.12.30 15:01:01.462,1.44994,1.45008,1.00,1.00
2014.12.30 15:01:01.766,1.44994,1.45005,1.00,1.00
2014.12.30 15:01:02.070,1.44989,1.44995,1.00,1.50
2014.12.30 15:01:02.272,1.44967,1.4498,1.37,1.37
2014.12.30 15:01:02.424,1.44961,1.44977,3.37,1.37
2014.12.30 15:01:02.575,1.44959,1.44975,1.50,1.50
2014.12.30 15:01:02.626,1.44959,1.44975,1.12,2.25
2014.12.30 15:01:02.828,1.44955,1.44974,3.75,3.00
2014.12.30 15:01:02.930,1.44957,1.44973,1.00,2.40
2014.12.30 15:01:03.182,1.44955,1.44973,3.37,2.40
2014.12.30 15:01:03.385,1.44957,1.44973,1.00,2.40
2014.12.30 15:01:03.487,1.44955,1.44973,3.37,2.40
2014.12.30 15:01:04.125,1.44955,1.44973,3.00,2.40
2014.12.30 15:01:04.377,1.44958,1.44973,1.00,2.40
2014.12.30 15:01:04.478,1.44958,1.44973,1.00,1.20
2014.12.30 15:01:04.831,1.4496,1.44973,1.00,1.00
2014.12.30 15:01:04.933,1.44958,1.44973,1.00,1.00
2014.12.30 15:01:05.036,1.44959,1.44973,1.50,1.00
2014.12.30 15:01:05.339,1.4498,1.44984,1.87,1.00
2014.12.30 15:01:05.390,1.44984,1.44992,1.50,1.65
2014.12.30 15:01:05.694,1.44977,1.44993,1.75,2.02
2014.12.30 15:01:05.746,1.44976,1.44989,1.95,1.00
2014.12.30 15:01:06.049,1.44964,1.44976,1.00,1.00
2014.12.30 15:01:06.100,1.44961,1.44974,1.50,1.12
2014.12.30 15:01:06.322,1.44955,1.44972,2.25,1.20
2014.12.30 15:01:06.373,1.44955,1.44972,1.50,1.57
2014.12.30 15:01:07.516,1.44955,1.44972,1.12,4.57
2014.12.30 15:01:07.819,1.4495,1.44963,1.50,1.00
2014.12.30 15:01:08.223,1.44947,1.44963,1.10,1.00
2014.12.30 15:01:08.577,1.44949,1.44963,1.00,1.00
2014.12.30 15:01:08.728,1.44949,1.44966,1.12,1.45
2014.12.30 15:01:09.031,1.4495,1.44965,1.75,1.10
2014.12.30 15:01:09.335,1.44963,1.44979,1.50,1.00
2014.12.30 15:01:10.721,1.44963,1.44978,2.62,1.37
2014.12.30 15:01:10.823,1.4496,1.44975,1.50,1.87
2014.12.30 15:01:11.026,1.44961,1.44976,1.87,1.12
2014.12.30 15:01:11.177,1.44963,1.44981,1.37,5.25
2014.12.30 15:01:12.416,1.44965,1.44981,1.50,3.00
2014.12.30 15:01:12.517,1.44966,1.4498,1.00,1.00
2014.12.30 15:01:12.618,1.44964,1.44977,1.37,1.12
2014.12.30 15:01:12.923,1.44961,1.44968,1.00,1.00
2014.12.30 15:01:12.974,1.44961,1.4497,1.00,1.00
2014.12.30 15:01:13.537,1.44957,1.4497,1.00,1.50
2014.12.30 15:01:14.067,1.44957,1.44969,1.00,1.00
2014.12.30 15:01:14.389,1.44957,1.44971,1.00,3.00
2014.12.30 15:01:14.490,1.44957,1.44969,1.00,1.00
2014.12.30 15:01:14.793,1.44957,1.44965,1.00,1.00
2014.12.30 15:01:14.844,1.44955,1.44965,1.00,1.87
2014.12.30 15:01:14.896,1.44951,1.44965,2.40,1.87
2014.12.30 15:01:14.949,1.44952,1.44965,2.62,1.00
2014.12.30 15:01:15.100,1.44954,1.44967,1.12,1.00
2014.12.30 15:01:15.802,1.44953,1.44969,1.50,1.56
2014.12.30 15:01:16.272,1.44952,1.44966,1.12,1.10
2014.12.30 15:01:16.323,1.44952,1.44966,1.12,1.57
2014.12.30 15:01:16.837,1.44952,1.44965,1.12,1.10
2014.12.30 15:01:18.014,1.44952,1.44961,1.12,1.00
2014.12.30 15:01:18.318,1.44952,1.44958,1.87,1.00
2014.12.30 15:01:18.570,1.44952,1.44958,1.12,1.00
2014.12.30 15:01:18.621,1.44952,1.44956,1.37,1.00
2014.12.30 15:01:18.774,1.44951,1.44956,1.12,1.00
2014.12.30 15:01:19.328,1.44951,1.44961,1.12,3.00
2014.12.30 15:01:19.854,1.44951,1.4496,1.12,2.25
2014.12.30 15:01:20.005,1.44951,1.44956,1.12,1.00
2014.12.30 15:01:20.107,1.4495,1.4496,1.37,1.00
2014.12.30 15:01:20.208,1.4495,1.44962,1.37,1.00
2014.12.30 15:01:20.460,1.44947,1.44962,1.37,1.12
2014.12.30 15:01:20.561,1.44946,1.44956,1.12,3.37
2014.12.30 15:01:20.663,1.44945,1.44951,1.37,1.00
2014.12.30 15:01:20.865,1.44938,1.44946,1.47,1.00
2014.12.30 15:01:20.969,1.44938,1.44942,1.00,1.00
2014.12.30 15:01:21.273,1.44936,1.44942,1.00,1.20
2014.12.30 15:01:21.425,1.44938,1.44942,1.00,1.00
2014.12.30 15:01:21.576,1.44928,1.44942,1.37,1.00
2014.12.30 15:01:22.081,1.44928,1.44942,1.87,1.50
2014.12.30 15:01:22.333,1.44927,1.44942,1.12,1.37
2014.12.30 15:01:22.434,1.44927,1.44942,1.87,1.00
2014.12.30 15:01:22.938,1.44927,1.44943,1.75,1.00
2014.12.30 15:01:23.550,1.44927,1.44944,1.12,1.75
2014.12.30 15:01:23.958,1.44926,1.44942,1.75,1.00
2014.12.30 15:01:24.411,1.44926,1.44942,2.25,1.00
2014.12.30 15:01:24.714,1.44934,1.44943,1.37,1.00
2014.12.30 15:01:24.765,1.44934,1.44947,1.37,1.00
2014.12.30 15:01:24.866,1.44936,1.44947,1.00,2.25
2014.12.30 15:01:25.097,1.44933,1.44947,2.25,2.32
2014.12.30 15:01:25.198,1.44929,1.44947,4.87,2.32
2014.12.30 15:01:25.616,1.44929,1.44942,3.37,1.00
2014.12.30 15:01:25.718,1.44926,1.44941,1.47,1.12
2014.12.30 15:01:25.920,1.44924,1.44941,1.31,1.85
2014.12.30 15:01:26.481,1.44924,1.44941,1.62,1.85
2014.12.30 15:01:26.834,1.44922,1.44938,1.87,1.87
2014.12.30 15:01:26.885,1.44922,1.44938,1.00,2.62
2014.12.30 15:01:27.389,1.44921,1.44936,1.00,1.50
2014.12.30 15:01:27.893,1.4492,1.44935,1.00,1.50
2014.12.30 15:01:28.346,1.4492,1.44935,1.87,1.00
2014.12.30 15:01:28.498,1.4492,1.44938,4.87,1.82
2014.12.30 15:01:28.599,1.4492,1.44935,5.62,1.00
2014.12.30 15:01:28.700,1.44923,1.44937,1.12,1.12
2014.12.30 15:01:28.801,1.44923,1.44934,1.12,1.50
2014.12.30 15:01:29.003,1.44918,1.4493,1.00,1.50
2014.12.30 15:01:29.564,1.44918,1.44927,1.12,1.00
2014.12.30 15:01:29.816,1.44915,1.44926,1.12,1.00
2014.12.30 15:01:29.867,1.44915,1.44923,1.00,1.00
2014.12.30 15:01:29.918,1.44912,1.44923,1.00,1.00
2014.12.30 15:01:30.221,1.4491,1.44916,1.87,1.00
2014.12.30 15:01:30.372,1.4491,1.44921,1.12,1.37
2014.12.30 15:01:30.675,1.44909,1.4492,1.37,1.75
2014.12.30 15:01:31.129,1.44909,1.44915,1.37,1.00
2014.12.30 15:01:31.230,1.44909,1.44917,1.00,1.00
2014.12.30 15:01:31.382,1.44909,1.44915,1.00,1.00
2014.12.30 15:01:31.534,1.44909,1.44917,1.00,1.00
2014.12.30 15:01:31.635,1.44909,1.44915,1.00,1.00
2014.12.30 15:01:31.787,1.44909,1.44917,1.00,1.00
2014.12.30 15:01:31.989,1.44909,1.44912,1.00,1.00
2014.12.30 15:01:32.192,1.4491,1.44915,1.00,2.62
2014.12.30 15:01:32.243,1.44908,1.44915,1.00,2.62
2014.12.30 15:01:32.345,1.44906,1.44916,1.50,1.50
2014.12.30 15:01:32.500,1.44909,1.44918,1.00,2.62
2014.12.30 15:01:32.820,1.44906,1.44918,1.37,1.87
2014.12.30 15:01:32.871,1.44906,1.44916,1.37,1.00
2014.12.30 15:01:32.972,1.44905,1.4491,1.87,1.00
2014.12.30 15:01:33.431,1.44901,1.44911,1.62,2.25
2014.12.30 15:01:33.533,1.449,1.44904,1.50,1.00
2014.12.30 15:01:33.752,1.44887,1.44897,1.37,1.00
2014.12.30 15:01:33.875,1.44887,1.44899,1.37,1.00
2014.12.30 15:01:33.989,1.4489,1.44903,1.37,2.25
2014.12.30 15:01:34.141,1.44889,1.44898,1.37,1.19
2014.12.30 15:01:34.192,1.44885,1.44898,1.50,2.06
2014.12.30 15:01:34.243,1.44885,1.44895,3.37,1.19
2014.12.30 15:01:34.547,1.44878,1.4488,1.00,1.00
2014.12.30 15:01:34.750,1.4487,1.44873,1.12,1.00
2014.12.30 15:01:34.851,1.44865,1.44867,1.27,1.00
2014.12.30 15:01:35.040,1.44865,1.44869,1.12,1.75
2014.12.30 15:01:35.091,1.44865,1.44869,1.00,1.25
2014.12.30 15:01:35.295,1.4486,1.44865,1.37,1.25
2014.12.30 15:01:35.411,1.44861,1.44864,1.50,1.00
2014.12.30 15:01:35.462,1.4486,1.44864,1.50,1.75
2014.12.30 15:01:35.564,1.44861,1.44866,1.50,1.00
2014.12.30 15:01:35.615,1.4486,1.44864,1.50,1.00
2014.12.30 15:01:35.919,1.44865,1.44875,1.37,2.25
2014.12.30 15:01:35.970,1.44864,1.44875,1.47,1.31
2014.12.30 15:01:36.071,1.44865,1.44871,1.37,1.00
2014.12.30 15:01:36.273,1.44861,1.44873,2.25,1.00
2014.12.30 15:01:36.376,1.44862,1.44872,2.40,1.00
2014.12.30 15:01:36.528,1.44865,1.44874,1.37,1.87
2014.12.30 15:01:36.679,1.44866,1.44876,1.37,1.00
2014.12.30 15:01:36.730,1.44864,1.44872,1.47,1.00
2014.12.30 15:01:36.831,1.44864,1.44876,1.47,1.37
2014.12.30 15:01:37.134,1.44865,1.44876,2.62,1.00
2014.12.30 15:01:37.185,1.44865,1.44879,3.37,1.25
2014.12.30 15:01:37.286,1.44865,1.44877,3.37,1.00
2014.12.30 15:01:37.589,1.44865,1.44875,3.37,2.25
2014.12.30 15:01:37.741,1.44866,1.4488,1.50,1.00
2014.12.30 15:01:38.044,1.44871,1.44882,1.37,2.62
2014.12.30 15:01:38.448,1.44875,1.44886,1.30,1.75
2014.12.30 15:01:38.498,1.4488,1.44887,1.12,1.75
2014.12.30 15:01:38.609,1.44876,1.44892,1.12,1.50
2014.12.30 15:01:38.710,1.44879,1.44892,1.00,1.57
2014.12.30 15:01:39.014,1.44876,1.44882,1.00,1.00
2014.12.30 15:01:39.165,1.44878,1.4489,1.00,1.00
2014.12.30 15:01:39.669,1.44878,1.44893,1.00,1.69
2014.12.30 15:01:39.931,1.4488,1.44896,1.00,2.44
2014.12.30 15:01:39.982,1.4488,1.44896,1.00,2.44
2014.12.30 15:01:40.083,1.44882,1.44895,1.00,1.00
2014.12.30 15:01:40.287,1.44882,1.44897,1.87,3.75
2014.12.30 15:01:40.338,1.4488,1.44896,3.00,1.87
2014.12.30 15:01:40.389,1.4488,1.44895,2.62,1.12
2014.12.30 15:01:40.591,1.44884,1.44895,1.00,1.10
2014.12.30 15:01:40.795,1.44885,1.44901,1.30,2.44
2014.12.30 15:01:41.250,1.44887,1.44901,1.00,1.01
2014.12.30 15:01:42.107,1.4489,1.44904,1.30,1.56
2014.12.30 15:01:42.209,1.4489,1.44905,1.12,1.00
2014.12.30 15:01:42.512,1.4489,1.44901,1.12,1.50
2014.12.30 15:01:42.814,1.44875,1.44887,1.20,1.00
2014.12.30 15:01:42.865,1.44874,1.44891,1.12,1.50
2014.12.30 15:01:43.017,1.44876,1.44891,1.12,1.10
2014.12.30 15:01:43.319,1.44876,1.44892,2.32,1.00
2014.12.30 15:01:43.420,1.44876,1.44892,2.32,1.00
2014.12.30 15:01:43.572,1.4488,1.44892,1.00,1.00
2014.12.30 15:01:43.673,1.44876,1.4489,1.57,1.00
2014.12.30 15:01:43.875,1.44875,1.4489,1.20,1.56
2014.12.30 15:01:44.380,1.44876,1.44881,1.00,1.50
2014.12.30 15:01:44.482,1.44871,1.4488,1.12,1.50
2014.12.30 15:01:44.583,1.44866,1.44875,2.32,1.00
2014.12.30 15:01:44.886,1.44865,1.44869,1.37,1.00
2014.12.30 15:01:45.390,1.44865,1.4487,1.37,1.25
2014.12.30 15:01:45.995,1.44864,1.44873,1.37,1.37
2014.12.30 15:01:46.903,1.44865,1.44874,1.37,1.44
2014.12.30 15:01:47.284,1.44867,1.44878,1.37,1.00
2014.12.30 15:01:47.385,1.44869,1.44883,1.37,2.25
2014.12.30 15:01:47.486,1.44878,1.44883,1.37,3.00
2014.12.30 15:01:47.739,1.44874,1.44876,2.25,1.00
2014.12.30 15:01:47.790,1.4487,1.44876,1.95,1.00
2014.12.30 15:01:47.841,1.44866,1.44878,1.12,1.50
2014.12.30 15:01:48.043,1.44867,1.44878,1.37,1.00
2014.12.30 15:01:48.145,1.44868,1.44885,3.19,1.50
2014.12.30 15:01:48.397,1.44872,1.44887,1.37,1.00
2014.12.30 15:01:48.700,1.4487,1.44885,2.89,1.00
2014.12.30 15:01:49.004,1.4487,1.44883,1.37,1.00
2014.12.30 15:01:49.307,1.4487,1.4488,1.37,1.00
2014.12.30 15:01:49.409,1.4487,1.44883,1.37,1.00
2014.12.30 15:01:49.661,1.4487,1.4488,1.37,1.50
2014.12.30 15:01:49.712,1.44866,1.44875,1.50,1.00
2014.12.30 15:01:49.762,1.44866,1.44875,1.50,1.69
2014.12.30 15:01:50.267,1.44865,1.44869,1.37,1.00
2014.12.30 15:01:50.621,1.4486,1.4487,1.87,2.81
2014.12.30 15:01:50.823,1.44861,1.44872,1.37,2.21
2014.12.30 15:01:52.450,1.44862,1.44872,1.37,1.46
2014.12.30 15:01:52.703,1.44864,1.44876,1.00,3.19
2014.12.30 15:01:52.754,1.44864,1.44874,1.00,1.19
2014.12.30 15:01:52.804,1.44861,1.44873,1.12,1.19
2014.12.30 15:01:53.028,1.44861,1.4487,1.37,1.56
2014.12.30 15:01:53.332,1.4486,1.44865,2.62,1.00
2014.12.30 15:01:53.433,1.4486,1.4487,2.62,1.87
2014.12.30 15:01:53.786,1.44861,1.44865,1.00,1.00
2014.12.30 15:01:54.097,1.44861,1.4487,1.37,1.69
2014.12.30 15:01:54.450,1.4486,1.44864,1.37,1.00
2014.12.30 15:01:54.955,1.4486,1.44865,1.00,1.19
2014.12.30 15:01:55.106,1.44859,1.44864,1.37,1.19
2014.12.30 15:01:55.555,1.44857,1.44865,7.87,1.25
2014.12.30 15:01:55.959,1.44857,1.44861,7.50,1.00
2014.12.30 15:01:56.111,1.44857,1.44865,7.87,1.25
2014.12.30 15:01:56.616,1.44857,1.44866,8.62,1.19
2014.12.30 15:01:57.170,1.44858,1.44865,1.37,1.25
2014.12.30 15:01:57.624,1.4486,1.44863,1.00,1.00
2014.12.30 15:01:57.725,1.4486,1.44865,1.37,1.25
2014.12.30 15:01:57.826,1.4486,1.44867,1.00,1.31
2014.12.30 15:01:57.928,1.44858,1.44867,8.25,1.31
2014.12.30 15:01:57.978,1.44858,1.44867,8.44,1.12
2014.12.30 15:01:58.079,1.44858,1.44867,1.25,1.25
2014.12.30 15:01:58.281,1.44862,1.44867,1.00,1.00
2014.12.30 15:01:58.382,1.44865,1.44871,1.00,1.00
2014.12.30 15:01:58.484,1.44862,1.44875,1.69,1.87
2014.12.30 15:01:58.635,1.4487,1.44876,1.00,1.00
2014.12.30 15:01:58.686,1.4487,1.44879,1.00,2.25
2014.12.30 15:01:58.787,1.44867,1.44884,1.76,1.00
2014.12.30 15:01:59.241,1.44872,1.44884,1.19,1.00
2014.12.30 15:01:59.544,1.44865,1.4487,3.00,1.25
2014.12.30 15:01:59.595,1.44857,1.44865,1.45,1.00
2014.12.30 15:01:59.646,1.44859,1.44865,1.00,1.00
2014.12.30 15:01:59.747,1.44861,1.44868,1.19,1.00
2014.12.30 15:01:59.848,1.44862,1.4487,1.29,1.12
2014.12.30 15:01:59.950,1.44861,1.44877,2.81,3.94
2014.12.30 15:02:00.354,1.44861,1.44876,1.64,3.00
2014.12.30 15:02:00.657,1.44871,1.44877,1.19,1.00
2014.12.30 15:02:00.708,1.44873,1.44881,1.19,1.03
2014.12.30 15:02:00.910,1.44875,1.44884,1.00,1.50
2014.12.30 15:02:01.062,1.44877,1.44884,1.00,1.00
2014.12.30 15:02:01.264,1.44874,1.4489,2.44,1.87
2014.12.30 15:02:01.365,1.44876,1.44893,1.69,5.25
2014.12.30 15:02:01.870,1.44877,1.44888,1.37,1.00
2014.12.30 15:02:02.173,1.44871,1.44885,1.00,3.56
2014.12.30 15:02:02.274,1.44868,1.44878,4.31,1.41
2014.12.30 15:02:02.375,1.44868,1.44878,2.44,1.41
2014.12.30 15:02:02.477,1.4487,1.44882,1.00,1.41
2014.12.30 15:02:02.880,1.44869,1.44879,1.56,1.41
2014.12.30 15:02:03.346,1.44872,1.44887,1.47,1.91
2014.12.30 15:02:03.397,1.44872,1.44888,2.42,1.66
2014.12.30 15:02:03.557,1.44875,1.44885,1.47,1.00
2014.12.30 15:02:03.608,1.44874,1.44885,1.50,1.00
2014.12.30 15:02:03.709,1.44872,1.44882,1.00,1.00
2014.12.30 15:02:04.062,1.44871,1.44882,3.00,1.78
2014.12.30 15:02:04.365,1.44865,1.44876,1.37,1.37
2014.12.30 15:02:04.567,1.44865,1.44879,3.19,1.12
2014.12.30 15:02:04.668,1.44867,1.44883,1.94,2.06
2014.12.30 15:02:04.769,1.44867,1.44883,1.94,3.09
2014.12.30 15:02:04.971,1.4487,1.44883,1.50,1.56
2014.12.30 15:02:05.426,1.44867,1.44882,1.00,1.97
2014.12.30 15:02:05.578,1.44866,1.4488,3.00,4.59
2014.12.30 15:02:05.881,1.44865,1.4487,1.87,1.00
2014.12.30 15:02:05.932,1.44864,1.44877,2.62,1.31
2014.12.30 15:02:05.983,1.44864,1.44877,2.62,1.31
2014.12.30 15:02:06.336,1.44864,1.44871,1.37,1.00
2014.12.30 15:02:06.438,1.44865,1.44875,1.37,3.19
2014.12.30 15:02:06.539,1.44865,1.44866,1.00,1.00
2014.12.30 15:02:07.295,1.44865,1.4487,1.37,1.50
2014.12.30 15:02:07.547,1.44864,1.44866,1.00,1.00
2014.12.30 15:02:07.649,1.44865,1.4487,1.37,2.44
2014.12.30 15:02:07.951,1.44865,1.4487,1.12,1.19
2014.12.30 15:02:08.823,1.4486,1.4487,2.06,3.19
2014.12.30 15:02:08.975,1.4486,1.44867,1.31,1.00
2014.12.30 15:02:09.277,1.4486,1.44871,1.31,2.44
2014.12.30 15:02:09.379,1.4486,1.44868,1.31,1.00
2014.12.30 15:02:09.681,1.44864,1.44871,1.37,1.69
2014.12.30 15:02:10.193,1.44864,1.4487,1.37,1.19
2014.12.30 15:02:10.698,1.44865,1.44868,1.37,1.00
2014.12.30 15:02:10.950,1.44864,1.44871,1.37,1.19
2014.12.30 15:02:11.001,1.44861,1.44875,1.50,1.64
2014.12.30 15:02:11.152,1.4486,1.44868,4.12,1.00
2014.12.30 15:02:11.455,1.44859,1.44866,1.50,1.50
2014.12.30 15:02:11.959,1.4486,1.44865,1.00,1.50
2014.12.30 15:02:12.254,1.44859,1.44866,1.50,1.50
2014.12.30 15:02:12.781,1.4486,1.44865,1.37,1.50
2014.12.30 15:02:12.882,1.4486,1.44867,1.37,1.00
2014.12.30 15:02:12.933,1.4486,1.4487,1.37,2.44
2014.12.30 15:02:13.084,1.44859,1.44866,1.37,1.50
2014.12.30 15:02:13.337,1.4486,1.44865,1.00,1.50
2014.12.30 15:02:13.488,1.44857,1.44865,7.87,1.50
2014.12.30 15:02:14.020,1.44858,1.44866,1.00,1.69
2014.12.30 15:02:14.224,1.44858,1.44866,7.87,1.19
2014.12.30 15:02:14.728,1.44857,1.44864,7.50,1.19
2014.12.30 15:02:15.434,1.44857,1.44862,2.25,1.00
2014.12.30 15:02:15.636,1.44855,1.44862,1.50,1.00
2014.12.30 15:02:15.737,1.44855,1.44862,1.00,1.56
2014.12.30 15:02:15.788,1.44846,1.4486,1.00,1.69
2014.12.30 15:02:15.839,1.44848,1.4486,1.87,3.37
2014.12.30 15:02:16.091,1.44837,1.4485,2.14,1.00
2014.12.30 15:02:16.243,1.44836,1.44849,4.69,1.50
2014.12.30 15:02:16.546,1.44833,1.44843,2.89,2.02
2014.12.30 15:02:16.748,1.44833,1.44845,2.32,2.25
2014.12.30 15:02:16.950,1.44831,1.44845,1.39,1.50
2014.12.30 15:02:17.001,1.44832,1.44838,1.00,1.50
2014.12.30 15:02:17.102,1.44827,1.44835,1.50,1.50
2014.12.30 15:02:17.153,1.44821,1.44835,1.87,1.50
2014.12.30 15:02:17.305,1.4482,1.44833,1.50,1.87
2014.12.30 15:02:17.457,1.44819,1.44831,1.18,1.00
2014.12.30 15:02:17.609,1.44819,1.44833,1.22,1.75
2014.12.30 15:02:18.116,1.44817,1.44832,1.45,2.25
2014.12.30 15:02:18.597,1.44815,1.44825,1.90,1.00
2014.12.30 15:02:18.698,1.44818,1.44825,2.25,1.00
2014.12.30 15:02:19.002,1.44818,1.44828,2.25,1.50
2014.12.30 15:02:19.608,1.44818,1.44829,1.00,1.37
2014.12.30 15:02:19.854,1.44826,1.4483,1.00,1.00
2014.12.30 15:02:19.905,1.44826,1.44838,1.00,3.37
2014.12.30 15:02:19.956,1.44827,1.44839,1.19,1.00
2014.12.30 15:02:20.025,1.44829,1.44841,1.31,1.37
2014.12.30 15:02:20.177,1.44838,1.44847,1.00,4.50
2014.12.30 15:02:20.278,1.44834,1.44844,1.25,1.00
2014.12.30 15:02:20.632,1.44831,1.44843,1.69,1.50
2014.12.30 15:02:21.036,1.44839,1.44842,1.00,1.50
2014.12.30 15:02:21.188,1.44842,1.44851,1.19,1.00
2014.12.30 15:02:21.441,1.44839,1.44851,1.31,1.50
2014.12.30 15:02:21.946,1.44836,1.4485,1.69,1.75
2014.12.30 15:02:22.148,1.44837,1.44848,1.39,1.12
2014.12.30 15:02:22.654,1.44836,1.44852,1.39,3.00
2014.12.30 15:02:23.536,1.44834,1.44849,2.51,1.12
2014.12.30 15:02:23.940,1.44834,1.44851,2.51,1.75
2014.12.30 15:02:24.344,1.44834,1.44849,1.00,1.25
2014.12.30 15:02:24.445,1.44835,1.4485,1.00,4.31
2014.12.30 15:02:24.596,1.44832,1.44849,1.00,1.31
2014.12.30 15:02:24.713,1.44834,1.44849,1.00,1.31
2014.12.30 15:02:24.819,1.44831,1.44845,1.39,1.00
2014.12.30 15:02:24.920,1.44831,1.44842,1.20,1.37
2014.12.30 15:02:25.071,1.44826,1.44838,1.20,1.12
2014.12.30 15:02:25.173,1.44823,1.44836,1.94,1.00
2014.12.30 15:02:25.475,1.44819,1.44834,2.89,1.00
2014.12.30 15:02:26.464,1.4482,1.44834,2.51,1.00
2014.12.30 15:02:27.544,1.44819,1.44833,4.39,1.00
2014.12.30 15:02:28.229,1.44819,1.44832,2.14,1.00
2014.12.30 15:02:28.280,1.44819,1.44832,2.14,1.00
2014.12.30 15:02:28.837,1.44818,1.4483,2.44,1.00
2014.12.30 15:02:28.939,1.4482,1.44832,2.51,1.00
2014.12.30 15:02:29.594,1.44818,1.44833,3.19,1.00
2014.12.30 15:02:29.645,1.44818,1.44831,3.19,1.00
2014.12.30 15:02:30.487,1.44819,1.4483,1.39,2.25
2014.12.30 15:02:30.790,1.44818,1.44823,3.00,1.00
2014.12.30 15:02:31.093,1.44818,1.44822,1.50,1.00
2014.12.30 15:02:31.465,1.44818,1.44822,1.50,1.19
2014.12.30 15:02:31.566,1.44806,1.44815,1.12,1.37
2014.12.30 15:02:31.667,1.44803,1.44814,2.25,1.00
2014.12.30 15:02:31.768,1.44799,1.44816,4.31,1.12
2014.12.30 15:02:31.819,1.448,1.4481,1.19,1.00
2014.12.30 15:02:31.921,1.44799,1.4481,3.37,1.00
2014.12.30 15:02:32.022,1.44799,1.44814,3.37,1.00
2014.12.30 15:02:32.073,1.44799,1.44812,2.25,1.00
2014.12.30 15:02:32.333,1.44796,1.44812,1.69,1.00
2014.12.30 15:02:32.484,1.44798,1.44814,1.00,1.12
2014.12.30 15:02:32.739,1.44797,1.4481,1.00,1.00
2014.12.30 15:02:33.055,1.44801,1.44811,1.00,1.12
2014.12.30 15:02:33.156,1.44798,1.4481,1.25,1.00
2014.12.30 15:02:33.257,1.44802,1.44811,1.00,1.12
2014.12.30 15:02:33.358,1.44798,1.44811,1.25,1.12
2014.12.30 15:02:33.409,1.44798,1.44811,1.19,1.12
2014.12.30 15:02:33.510,1.44795,1.44808,4.69,1.00
2014.12.30 15:02:33.611,1.44795,1.44808,4.69,1.00
2014.12.30 15:02:33.813,1.44796,1.4481,2.44,1.00
2014.12.30 15:02:33.864,1.44796,1.44808,1.69,1.50
2014.12.30 15:02:33.965,1.44791,1.44804,1.39,1.50
2014.12.30 15:02:34.016,1.4479,1.44804,2.44,1.00
2014.12.30 15:02:34.167,1.44788,1.44801,2.59,1.87
2014.12.30 15:02:34.218,1.44788,1.448,2.59,1.12
2014.12.30 15:02:34.420,1.44787,1.44795,1.00,1.87
2014.12.30 15:02:34.825,1.44787,1.44799,1.00,1.12
2014.12.30 15:02:34.926,1.44787,1.44801,1.69,3.00
2014.12.30 15:02:35.027,1.44786,1.44801,1.00,3.37
2014.12.30 15:02:35.229,1.44784,1.44798,1.00,1.50
2014.12.30 15:02:35.384,1.44782,1.44798,1.12,1.50
2014.12.30 15:02:35.485,1.44785,1.44798,1.00,1.50
2014.12.30 15:02:35.806,1.44791,1.44805,1.00,1.37
2014.12.30 15:02:36.370,1.4479,1.44804,1.00,1.00
2014.12.30 15:02:36.673,1.44799,1.44807,1.00,1.00
2014.12.30 15:02:36.775,1.44794,1.44806,3.75,1.50
2014.12.30 15:02:36.876,1.44797,1.44808,1.00,1.00
2014.12.30 15:02:37.381,1.44796,1.44812,1.50,1.57
2014.12.30 15:02:37.432,1.44795,1.44812,3.00,1.20
2014.12.30 15:02:37.886,1.44796,1.44813,2.25,1.37
2014.12.30 15:02:38.307,1.44802,1.44813,1.00,1.12
2014.12.30 15:02:38.610,1.44804,1.44813,1.00,1.37
2014.12.30 15:02:39.013,1.44801,1.44813,1.00,1.37
2014.12.30 15:02:39.215,1.44799,1.44813,1.12,1.37
2014.12.30 15:02:39.738,1.44797,1.44813,2.06,1.12
2014.12.30 15:02:39.842,1.44804,1.44813,1.00,1.12
2014.12.30 15:02:40.297,1.44809,1.44817,1.00,2.02
2014.12.30 15:02:40.348,1.44809,1.44817,1.00,1.20
2014.12.30 15:02:40.449,1.44806,1.44817,1.19,1.00
2014.12.30 15:02:40.500,1.44806,1.44822,3.19,1.37
2014.12.30 15:02:40.752,1.44809,1.44823,1.00,1.87
2014.12.30 15:02:41.057,1.44813,1.44821,1.00,1.12
2014.12.30 15:02:41.108,1.44813,1.44826,1.00,1.00
2014.12.30 15:02:41.494,1.44816,1.44828,1.00,1.22
2014.12.30 15:02:42.005,1.44817,1.4483,1.00,1.22
2014.12.30 15:02:42.258,1.44815,1.44831,1.65,2.47
2014.12.30 15:02:42.409,1.44817,1.44831,1.00,2.10
2014.12.30 15:02:42.968,1.44816,1.44832,1.00,1.22
2014.12.30 15:02:43.271,1.44818,1.4483,1.00,1.22
2014.12.30 15:02:43.775,1.44819,1.4483,1.00,1.22
2014.12.30 15:02:43.826,1.44815,1.4483,2.59,1.22
2014.12.30 15:02:44.497,1.44816,1.4483,1.56,1.00
2014.12.30 15:02:44.864,1.44816,1.44833,1.37,4.31
2014.12.30 15:02:44.915,1.4482,1.44833,1.00,4.31
2014.12.30 15:02:45.015,1.44815,1.44833,2.02,2.06
2014.12.30 15:02:45.529,1.44815,1.44833,2.02,2.06
2014.12.30 15:02:45.932,1.44816,1.44833,1.75,1.54
2014.12.30 15:02:46.258,1.44823,1.44837,1.56,1.37
2014.12.30 15:02:46.309,1.44824,1.44842,1.19,5.70
2014.12.30 15:02:46.813,1.44825,1.44842,2.44,2.06
2014.12.30 15:02:46.914,1.44825,1.4484,2.25,1.00
2014.12.30 15:02:47.217,1.44817,1.44833,1.75,1.50
2014.12.30 15:02:47.268,1.44816,1.44833,3.45,1.50
2014.12.30 15:02:47.369,1.44816,1.4483,3.45,1.00
2014.12.30 15:02:47.520,1.44814,1.4483,1.50,1.00
2014.12.30 15:02:48.025,1.44814,1.4483,1.00,1.00
2014.12.30 15:02:48.540,1.44814,1.44829,1.00,1.31
2014.12.30 15:02:48.894,1.44814,1.44824,1.00,1.00
2014.12.30 15:02:49.197,1.44811,1.44824,1.00,1.00
2014.12.30 15:02:49.248,1.44809,1.44824,1.57,1.31
2014.12.30 15:02:49.400,1.44807,1.44816,1.12,1.50
2014.12.30 15:02:49.451,1.44805,1.44816,1.00,1.00
2014.12.30 15:02:49.553,1.44802,1.44817,2.25,1.00
2014.12.30 15:02:49.824,1.448,1.44817,1.10,1.00
2014.12.30 15:02:49.975,1.44802,1.44818,1.00,1.00
2014.12.30 15:02:50.380,1.44804,1.4482,1.00,1.50
2014.12.30 15:02:50.733,1.44806,1.4482,1.00,1.00
2014.12.30 15:02:51.636,1.44805,1.44821,3.75,1.00
2014.12.30 15:02:52.140,1.44806,1.44822,1.50,1.00
2014.12.30 15:02:52.443,1.44809,1.44825,3.00,1.50
2014.12.30 15:02:52.494,1.44809,1.44825,2.62,1.50
2014.12.30 15:02:53.459,1.44809,1.44826,2.62,3.75
2014.12.30 15:02:54.397,1.44809,1.44826,3.00,2.96
2014.12.30 15:02:54.598,1.4481,1.44826,1.87,1.20
2014.12.30 15:02:55.312,1.4481,1.44827,1.87,1.50
2014.12.30 15:02:55.817,1.44811,1.44827,1.00,1.00
2014.12.30 15:02:56.918,1.4481,1.44827,2.06,1.25
2014.12.30 15:02:57.019,1.4481,1.44827,1.31,1.25
2014.12.30 15:02:57.321,1.44813,1.4483,1.75,2.06
2014.12.30 15:02:57.422,1.44817,1.44831,1.50,1.87
2014.12.30 15:02:57.473,1.4482,1.44834,1.00,2.25
2014.12.30 15:02:57.624,1.4482,1.44834,2.25,1.00
2014.12.30 15:02:57.675,1.44822,1.44837,1.69,1.00
2014.12.30 15:02:58.180,1.44827,1.44837,1.12,1.12
2014.12.30 15:02:58.230,1.44827,1.44842,1.87,2.25
2014.12.30 15:02:58.735,1.44827,1.4484,1.31,1.50
2014.12.30 15:02:59.274,1.44825,1.4484,1.12,1.50
2014.12.30 15:02:59.823,1.44825,1.4484,1.50,1.37
2014.12.30 15:02:59.874,1.44825,1.44834,1.50,1.00
2014.12.30 15:03:00.133,1.44825,1.44839,1.00,1.00
2014.12.30 15:03:00.234,1.44824,1.4484,1.20,1.00
2014.12.30 15:03:00.336,1.44825,1.4484,1.25,1.00
2014.12.30 15:03:00.589,1.44825,1.4484,2.14,1.00
2014.12.30 15:03:00.899,1.44825,1.4484,1.69,1.19
2014.12.30 15:03:01.302,1.44828,1.4484,1.00,1.50
2014.12.30 15:03:01.353,1.4483,1.4484,1.00,1.50
2014.12.30 15:03:01.404,1.4483,1.44845,1.75,1.20
2014.12.30 15:03:01.505,1.4483,1.44846,2.62,1.20
2014.12.30 15:03:01.656,1.44832,1.44847,1.37,1.31
2014.12.30 15:03:01.959,1.4484,1.44854,1.56,1.12
2014.12.30 15:03:02.010,1.44841,1.44855,1.31,1.00
2014.12.30 15:03:02.061,1.44843,1.44858,1.31,1.95
2014.12.30 15:03:02.566,1.44844,1.44858,1.62,1.87
2014.12.30 15:03:02.970,1.44846,1.44858,1.37,1.12
2014.12.30 15:03:03.174,1.44846,1.4486,1.25,1.12
2014.12.30 15:03:03.276,1.44848,1.44862,1.00,1.50
2014.12.30 15:03:03.580,1.4485,1.44862,1.12,1.50
2014.12.30 15:03:03.885,1.44847,1.44862,1.12,1.50
2014.12.30 15:03:04.188,1.44849,1.44862,1.00,2.25
2014.12.30 15:03:04.451,1.44846,1.44862,1.69,2.25
2014.12.30 15:03:04.705,1.44849,1.44863,1.00,2.89
2014.12.30 15:03:05.009,1.4485,1.44863,1.37,1.47
2014.12.30 15:03:05.110,1.44853,1.44866,1.69,1.12
2014.12.30 15:03:05.212,1.44858,1.4487,1.00,1.65
2014.12.30 15:03:05.313,1.44858,1.4487,1.37,1.50
2014.12.30 15:03:05.415,1.44856,1.4487,1.56,1.50
2014.12.30 15:03:05.517,1.44856,1.4487,2.06,1.50
2014.12.30 15:03:05.871,1.44856,1.44872,2.06,1.87
2014.12.30 15:03:06.628,1.44855,1.44867,1.10,1.25
2014.12.30 15:03:06.729,1.44854,1.44866,1.00,1.50
2014.12.30 15:03:06.831,1.4485,1.44865,2.81,1.65
2014.12.30 15:03:07.336,1.44849,1.44865,1.69,1.65
2014.12.30 15:03:07.437,1.4485,1.44865,1.62,1.00
2014.12.30 15:03:07.488,1.4485,1.44861,1.62,1.00
2014.12.30 15:03:07.589,1.4485,1.44867,1.46,2.06
2014.12.30 15:03:07.740,1.44851,1.44868,2.00,3.94
2014.12.30 15:03:08.043,1.4486,1.44873,1.56,1.57
2014.12.30 15:03:08.144,1.4486,1.44873,2.06,1.37
2014.12.30 15:03:08.498,1.4486,1.44868,1.00,1.00
2014.12.30 15:03:08.599,1.44857,1.44868,2.25,1.12
2014.12.30 15:03:09.110,1.44853,1.44868,1.37,1.87
2014.12.30 15:03:09.161,1.44853,1.44868,1.87,1.12
2014.12.30 15:03:09.212,1.44853,1.44868,1.87,1.15
2014.12.30 15:03:09.364,1.44851,1.44864,1.12,1.00
2014.12.30 15:03:09.868,1.44851,1.44863,1.12,1.00
2014.12.30 15:03:10.406,1.44851,1.44864,1.12,1.57
2014.12.30 15:03:11.201,1.44851,1.44861,1.12,1.00
2014.12.30 15:03:11.504,1.44851,1.44859,1.12,1.50
2014.12.30 15:03:11.907,1.44851,1.44859,1.31,1.50
2014.12.30 15:03:12.456,1.44855,1.44864,1.12,2.81
2014.12.30 15:03:12.557,1.4485,1.44864,3.00,2.89
2014.12.30 15:03:13.061,1.4485,1.44857,2.62,1.00
2014.12.30 15:03:13.767,1.44849,1.44857,1.00,1.87
2014.12.30 15:03:13.868,1.44849,1.44853,1.00,1.00
2014.12.30 15:03:14.171,1.4484,1.44849,1.50,1.00
2014.12.30 15:03:14.222,1.4484,1.44849,1.50,2.00
2014.12.30 15:03:14.374,1.44833,1.44844,1.37,1.00
2014.12.30 15:03:14.475,1.44833,1.44845,1.25,1.10
2014.12.30 15:03:14.526,1.44835,1.44845,1.00,1.00
2014.12.30 15:03:14.728,1.44832,1.44845,1.66,1.00
2014.12.30 15:03:15.081,1.4483,1.44842,1.20,1.00
2014.12.30 15:03:15.485,1.44828,1.44842,2.62,1.00
2014.12.30 15:03:17.272,1.44829,1.44842,1.00,1.50
2014.12.30 15:03:17.785,1.44828,1.44842,3.00,1.00
2014.12.30 15:03:17.836,1.4483,1.44842,1.00,1.00
2014.12.30 15:03:18.345,1.44828,1.44842,3.00,1.00
2014.12.30 15:03:18.849,1.44828,1.44842,3.00,1.00
2014.12.30 15:03:19.354,1.44828,1.44842,3.75,1.00
2014.12.30 15:03:20.239,1.44828,1.44844,3.37,1.39
2014.12.30 15:03:20.340,1.44828,1.44841,3.00,1.00
2014.12.30 15:03:21.564,1.44828,1.44842,1.00,1.50
2014.12.30 15:03:22.534,1.44829,1.44842,1.00,2.06
2014.12.30 15:03:22.840,1.44826,1.4484,2.44,1.00
2014.12.30 15:03:22.891,1.44826,1.44842,2.44,1.69
2014.12.30 15:03:23.094,1.44826,1.44841,2.06,1.87
2014.12.30 15:03:23.296,1.4482,1.44835,1.12,1.25
2014.12.30 15:03:23.397,1.44819,1.44835,1.37,1.25
2014.12.30 15:03:23.549,1.44819,1.44833,1.12,1.00
2014.12.30 15:03:24.424,1.44818,1.44833,1.00,1.00
2014.12.30 15:03:24.727,1.44818,1.44828,1.00,1.00
2014.12.30 15:03:24.879,1.44818,1.44832,1.00,1.00
2014.12.30 15:03:25.030,1.44817,1.44831,1.50,1.19
2014.12.30 15:03:25.182,1.44813,1.44828,2.62,2.06
2014.12.30 15:03:25.283,1.44812,1.44824,1.87,1.00
2014.12.30 15:03:25.587,1.44803,1.44806,1.00,1.00
2014.12.30 15:03:25.739,1.44795,1.44807,1.00,1.75
2014.12.30 15:03:26.395,1.44795,1.44806,1.12,1.20
2014.12.30 15:03:26.899,1.44796,1.44808,1.12,2.62
2014.12.30 15:03:26.950,1.44796,1.44808,1.31,2.32
2014.12.30 15:03:27.001,1.44796,1.44808,1.56,1.95
2014.12.30 15:03:27.153,1.44795,1.44807,1.31,1.12
2014.12.30 15:03:27.354,1.4479,1.44807,5.44,1.62
2014.12.30 15:03:27.405,1.4479,1.44807,3.19,2.00
2014.12.30 15:03:27.860,1.4479,1.44807,2.06,2.32
2014.12.30 15:03:27.961,1.44793,1.44807,1.56,1.10
2014.12.30 15:03:28.163,1.44793,1.44808,2.06,1.87
2014.12.30 15:03:28.416,1.44796,1.44809,1.00,1.00
2014.12.30 15:03:28.920,1.44793,1.44808,1.87,1.00
2014.12.30 15:03:29.072,1.44794,1.44809,1.12,1.27
2014.12.30 15:03:29.375,1.44801,1.44812,1.00,1.50
2014.12.30 15:03:29.476,1.44801,1.44816,1.00,1.00
2014.12.30 15:03:29.981,1.44802,1.44818,1.50,2.21
2014.12.30 15:03:30.183,1.44802,1.44818,1.00,2.59
2014.12.30 15:03:30.496,1.448,1.44811,1.50,1.00
2014.12.30 15:03:31.042,1.448,1.44813,1.50,1.20
2014.12.30 15:03:31.546,1.448,1.44813,2.25,1.20
2014.12.30 15:03:31.909,1.44808,1.44819,1.37,1.84
2014.12.30 15:03:32.061,1.44809,1.44823,1.00,1.39
2014.12.30 15:03:32.111,1.44809,1.44819,1.00,1.00
2014.12.30 15:03:32.414,1.44809,1.44821,1.00,1.50
2014.12.30 15:03:32.515,1.44808,1.44821,1.75,1.00
2014.12.30 15:03:33.020,1.44811,1.4482,1.00,1.50
2014.12.30 15:03:33.423,1.44808,1.44815,1.37,3.00
2014.12.30 15:03:33.474,1.44805,1.44815,1.00,3.56
2014.12.30 15:03:33.525,1.44802,1.44807,1.87,1.00
2014.12.30 15:03:33.727,1.44797,1.44805,1.37,1.00
2014.12.30 15:03:33.778,1.44796,1.44804,1.50,1.00
2014.12.30 15:03:33.879,1.44796,1.44802,1.50,1.00
2014.12.30 15:03:33.980,1.44796,1.44806,1.50,1.00
2014.12.30 15:03:34.081,1.44794,1.44806,2.25,1.00
2014.12.30 15:03:34.183,1.44792,1.44805,1.75,1.19
2014.12.30 15:03:34.284,1.44789,1.448,2.25,1.00
2014.12.30 15:03:34.435,1.44787,1.44802,1.00,4.12
2014.12.30 15:03:34.839,1.44786,1.448,1.50,1.45
2014.12.30 15:03:34.990,1.44781,1.44791,1.00,1.87
2014.12.30 15:03:35.344,1.44773,1.44788,1.50,1.57
2014.12.30 15:03:35.759,1.44771,1.44788,1.75,2.70
2014.12.30 15:03:35.809,1.44771,1.44785,1.75,1.00
2014.12.30 15:03:36.113,1.44767,1.44772,1.50,1.00
2014.12.30 15:03:36.163,1.44767,1.44781,1.50,1.20
2014.12.30 15:03:36.419,1.44765,1.44778,1.75,1.00
2014.12.30 15:03:36.520,1.44765,1.44781,2.25,1.09
2014.12.30 15:03:36.975,1.4477,1.44782,1.00,1.45
2014.12.30 15:03:37.076,1.44768,1.44783,1.69,2.62
2014.12.30 15:03:37.227,1.44769,1.44785,2.62,1.25
2014.12.30 15:03:37.732,1.44772,1.44785,1.00,1.00
2014.12.30 15:03:38.135,1.44772,1.44789,1.12,2.06
2014.12.30 15:03:38.287,1.44775,1.4479,2.25,3.26
2014.12.30 15:03:38.493,1.44776,1.44791,3.37,1.00
2014.12.30 15:03:38.645,1.44776,1.44791,2.25,1.00
2014.12.30 15:03:38.796,1.44776,1.44793,4.50,1.09
2014.12.30 15:03:39.301,1.44778,1.44792,1.00,1.25
2014.12.30 15:03:40.464,1.44778,1.44791,1.00,1.00
2014.12.30 15:03:40.968,1.44778,1.4479,1.00,2.25
2014.12.30 15:03:41.725,1.44778,1.44791,1.00,3.75
2014.12.30 15:03:42.045,1.44787,1.448,1.75,1.00
2014.12.30 15:03:42.096,1.44789,1.44803,1.50,1.50
2014.12.30 15:03:42.197,1.4479,1.44804,1.00,1.20
2014.12.30 15:03:42.399,1.4479,1.44806,1.00,1.65
2014.12.30 15:03:43.662,1.4479,1.44805,1.00,2.25
2014.12.30 15:03:44.015,1.4479,1.44802,1.00,1.00
2014.12.30 15:03:44.476,1.4479,1.44805,3.37,3.56
2014.12.30 15:03:44.678,1.44795,1.44808,1.00,1.07
2014.12.30 15:03:44.880,1.44797,1.44809,1.00,1.12
2014.12.30 15:03:45.183,1.44799,1.44812,1.37,1.37
2014.12.30 15:03:45.587,1.44797,1.44812,1.37,1.37
2014.12.30 15:03:46.141,1.44797,1.44812,1.62,1.37
2014.12.30 15:03:46.243,1.44796,1.44812,1.76,1.87
2014.12.30 15:03:46.293,1.448,1.44812,1.00,1.87
2014.12.30 15:03:46.600,1.448,1.44812,1.37,1.87
2014.12.30 15:03:47.104,1.44796,1.44812,1.76,1.87
2014.12.30 15:03:47.205,1.44797,1.44812,1.62,2.62
2014.12.30 15:03:47.537,1.448,1.44811,1.37,1.37
2014.12.30 15:03:47.638,1.44802,1.44815,1.37,1.76
2014.12.30 15:03:48.143,1.44802,1.44817,2.44,1.95
2014.12.30 15:03:48.195,1.44804,1.44817,1.75,1.57
2014.12.30 15:03:48.296,1.44807,1.44819,1.00,1.37
2014.12.30 15:03:48.448,1.44807,1.44821,1.00,1.50
2014.12.30 15:03:48.499,1.44807,1.44821,1.37,1.12
2014.12.30 15:03:48.801,1.4481,1.44825,1.75,2.01
2014.12.30 15:03:48.852,1.44809,1.44825,1.75,1.64
2014.12.30 15:03:50.147,1.44808,1.44825,2.62,1.31
2014.12.30 15:03:50.503,1.44808,1.44822,2.25,1.50
2014.12.30 15:03:50.655,1.44808,1.44822,1.00,3.37
2014.12.30 15:03:51.159,1.44807,1.44821,1.00,1.45
2014.12.30 15:03:51.625,1.44804,1.4482,1.20,1.01
2014.12.30 15:03:51.928,1.44799,1.44808,1.00,1.00
2014.12.30 15:03:52.230,1.44797,1.44812,2.62,2.19
2014.12.30 15:03:52.281,1.44798,1.44813,1.00,1.29
2014.12.30 15:03:52.785,1.44797,1.44811,1.00,1.00
2014.12.30 15:03:52.886,1.44797,1.44809,1.00,1.56
2014.12.30 15:03:52.988,1.44793,1.44807,1.47,1.00
2014.12.30 15:03:53.190,1.44792,1.44807,3.64,2.06
2014.12.30 15:03:53.493,1.44792,1.44805,1.01,1.31
2014.12.30 15:03:53.796,1.44789,1.44797,1.12,1.87
2014.12.30 15:03:53.847,1.44785,1.44796,1.37,1.00
2014.12.30 15:03:53.898,1.44783,1.44796,1.32,1.37
2014.12.30 15:03:53.948,1.44784,1.44795,1.56,1.56
2014.12.30 15:03:54.049,1.44788,1.448,1.00,1.65
2014.12.30 15:03:54.100,1.44788,1.44801,2.62,1.87
2014.12.30 15:03:54.151,1.44788,1.44805,3.19,1.95
2014.12.30 15:03:54.201,1.44793,1.44805,1.12,1.07
2014.12.30 15:03:54.403,1.44796,1.4481,1.12,1.00
2014.12.30 15:03:54.705,1.44796,1.4481,1.37,1.00
2014.12.30 15:03:55.009,1.44796,1.44811,1.12,2.62
2014.12.30 15:03:55.160,1.44798,1.44811,1.00,1.00
2014.12.30 15:03:55.475,1.44796,1.4481,1.12,1.00
2014.12.30 15:03:56.668,1.448,1.4481,1.00,1.00
2014.12.30 15:03:56.770,1.44796,1.4481,1.25,1.00
2014.12.30 15:03:57.810,1.44794,1.4481,2.06,1.50
2014.12.30 15:03:57.861,1.44794,1.44809,1.69,1.00
2014.12.30 15:03:57.912,1.44794,1.4481,1.25,2.25
2014.12.30 15:03:58.368,1.44794,1.44807,1.69,1.00
2014.12.30 15:03:58.470,1.44793,1.44809,2.14,1.00
2014.12.30 15:03:58.996,1.44795,1.44809,3.37,1.00
2014.12.30 15:03:59.198,1.44795,1.44809,3.52,1.00
2014.12.30 15:03:59.551,1.44795,1.44807,1.09,1.37
2014.12.30 15:03:59.854,1.44795,1.44808,1.37,1.50
2014.12.30 15:04:00.006,1.44795,1.44809,1.47,1.00
2014.12.30 15:04:00.630,1.44795,1.44809,1.95,1.00
2014.12.30 15:04:01.175,1.44795,1.44809,2.81,1.00
2014.12.30 15:04:01.277,1.44796,1.44812,1.12,1.69
2014.12.30 15:04:02.654,1.44796,1.4481,1.31,1.00
2014.12.30 15:04:02.755,1.44797,1.4481,1.25,2.25
2014.12.30 15:04:03.209,1.44797,1.44808,1.00,2.25
2014.12.30 15:04:03.513,1.4479,1.44802,1.62,1.00
2014.12.30 15:04:04.018,1.4479,1.44801,1.62,1.00
2014.12.30 15:04:04.531,1.44792,1.44802,1.12,1.00
2014.12.30 15:04:05.289,1.44792,1.44804,1.12,1.00
2014.12.30 15:04:05.340,1.44795,1.44804,2.25,1.00
2014.12.30 15:04:05.643,1.44789,1.44791,2.40,1.00
2014.12.30 15:04:05.745,1.44785,1.44789,1.00,1.19
2014.12.30 15:04:05.796,1.44778,1.44782,1.50,1.00
2014.12.30 15:04:05.847,1.44773,1.44776,1.80,1.37
2014.12.30 15:04:05.898,1.44769,1.44773,1.75,2.25
2014.12.30 15:04:05.999,1.44763,1.44769,1.56,1.00
2014.12.30 15:04:06.049,1.4477,1.44777,1.00,1.12
2014.12.30 15:04:06.100,1.44773,1.44778,1.25,1.75
2014.12.30 15:04:06.151,1.44774,1.4478,1.37,1.87
2014.12.30 15:04:06.252,1.44774,1.44789,1.75,1.37
2014.12.30 15:04:06.303,1.44776,1.4479,1.00,1.57
2014.12.30 15:04:06.354,1.44778,1.4479,1.00,1.20
2014.12.30 15:04:06.505,1.44778,1.44792,1.12,1.50
2014.12.30 15:04:06.707,1.44778,1.44793,1.87,1.20
2014.12.30 15:04:07.010,1.44777,1.44785,1.50,1.00
2014.12.30 15:04:07.213,1.44774,1.44786,1.00,1.00
2014.12.30 15:04:07.314,1.44774,1.44781,1.00,1.00
2014.12.30 15:04:07.415,1.44776,1.44787,1.00,1.20
2014.12.30 15:04:07.466,1.44776,1.4479,1.12,2.70
2014.12.30 15:04:07.718,1.44779,1.44792,1.37,1.19
2014.12.30 15:04:08.183,1.44779,1.44788,1.37,1.00
2014.12.30 15:04:08.737,1.4478,1.44792,1.50,1.37
2014.12.30 15:04:09.242,1.4478,1.4479,1.00,1.00
2014.12.30 15:04:09.654,1.4478,1.44791,2.06,1.00
2014.12.30 15:04:09.705,1.44782,1.44794,1.37,2.25
2014.12.30 15:04:09.806,1.44782,1.44795,1.00,3.34
2014.12.30 15:04:09.857,1.44781,1.44793,1.37,1.00
2014.12.30 15:04:10.159,1.44779,1.44791,1.37,3.75
2014.12.30 15:04:10.311,1.44779,1.44793,1.87,1.00
2014.12.30 15:04:10.462,1.44783,1.44794,1.37,1.00
2014.12.30 15:04:10.769,1.44789,1.44804,2.44,2.25
2014.12.30 15:04:10.870,1.44792,1.44804,1.00,1.00
2014.12.30 15:04:10.921,1.44792,1.44804,1.00,1.66
2014.12.30 15:04:11.325,1.44788,1.44802,1.56,2.16
2014.12.30 15:04:11.627,1.44789,1.448,1.31,1.00
2014.12.30 15:04:12.175,1.44789,1.44802,1.31,1.66
2014.12.30 15:04:12.690,1.44788,1.44801,1.56,1.66
2014.12.30 15:04:13.066,1.44785,1.44798,2.52,1.41
2014.12.30 15:04:13.267,1.44785,1.44797,2.90,1.66
2014.12.30 15:04:15.395,1.44784,1.44796,1.77,2.62
2014.12.30 15:04:15.749,1.44784,1.44798,1.40,1.53
2014.12.30 15:04:16.103,1.44791,1.44798,1.00,1.53
2014.12.30 15:04:16.306,1.44793,1.44804,1.12,1.12
2014.12.30 15:04:16.408,1.44794,1.44807,1.37,1.57
2014.12.30 15:04:16.912,1.44795,1.44806,1.00,1.00
2014.12.30 15:04:17.114,1.44795,1.44809,1.00,1.12
2014.12.30 15:04:17.166,1.44794,1.44809,2.81,1.00
2014.12.30 15:04:17.671,1.44796,1.44809,2.06,1.00
2014.12.30 15:04:17.974,1.44796,1.44809,2.21,1.00
2014.12.30 15:04:18.328,1.44798,1.44812,1.12,1.69
2014.12.30 15:04:18.845,1.44798,1.44812,1.12,1.50
2014.12.30 15:04:19.913,1.44798,1.4481,1.87,1.00
2014.12.30 15:04:20.115,1.44798,1.44812,2.06,1.00
2014.12.30 15:04:20.537,1.44798,1.4481,2.06,1.00
2014.12.30 15:04:21.142,1.44799,1.44812,1.37,2.62
2014.12.30 15:04:21.445,1.44798,1.4481,1.56,1.28
2014.12.30 15:04:21.546,1.448,1.44812,1.12,1.25
2014.12.30 15:04:21.860,1.448,1.4481,1.12,1.00
2014.12.30 15:04:22.508,1.448,1.44811,1.12,2.25
2014.12.30 15:04:23.012,1.448,1.4481,1.12,1.00
2014.12.30 15:04:23.546,1.448,1.44809,1.12,1.00
2014.12.30 15:04:23.697,1.448,1.44814,1.12,2.25
2014.12.30 15:04:23.748,1.448,1.44814,1.37,2.25
2014.12.30 15:04:24.253,1.448,1.44814,1.37,2.25
2014.12.30 15:04:26.465,1.448,1.44814,1.37,2.25
2014.12.30 15:04:26.981,1.44802,1.44815,1.00,1.00
2014.12.30 15:04:27.979,1.44802,1.44816,1.00,3.56
2014.12.30 15:04:28.612,1.44802,1.44816,1.50,1.50
2014.12.30 15:04:28.915,1.4481,1.44822,1.37,2.25
2014.12.30 15:04:28.966,1.44807,1.4482,1.82,1.37
2014.12.30 15:04:29.067,1.44806,1.44817,1.12,1.12
2014.12.30 15:04:29.168,1.44807,1.44815,1.00,1.00
2014.12.30 15:04:29.269,1.44807,1.44817,1.00,2.25
2014.12.30 15:04:29.320,1.44805,1.44814,1.00,1.00
2014.12.30 15:04:29.673,1.44806,1.44817,2.25,1.00
2014.12.30 15:04:29.875,1.44808,1.44817,1.00,1.00
2014.12.30 15:04:29.976,1.44808,1.44821,1.00,1.69
2014.12.30 15:04:30.027,1.4481,1.44821,1.87,1.31
2014.12.30 15:04:30.229,1.4481,1.44824,1.87,1.10
2014.12.30 15:04:30.790,1.4481,1.44824,1.12,1.95
2014.12.30 15:04:31.094,1.44821,1.44827,1.00,1.87
2014.12.30 15:04:31.246,1.44821,1.44833,1.69,1.00
2014.12.30 15:04:31.398,1.4482,1.4483,2.25,1.00
2014.12.30 15:04:31.449,1.44816,1.4483,1.85,1.00
2014.12.30 15:04:31.601,1.44816,1.44828,1.94,1.00
2014.12.30 15:04:31.703,1.44816,1.44832,2.44,1.95
2014.12.30 15:04:31.804,1.44816,1.44829,2.44,1.00
2014.12.30 15:04:32.016,1.4482,1.44834,1.12,1.45
2014.12.30 15:04:32.118,1.44822,1.44835,1.87,3.82
2014.12.30 15:04:32.271,1.44825,1.44838,1.50,1.00
2014.12.30 15:04:32.423,1.44823,1.44837,1.69,1.12
2014.12.30 15:04:33.079,1.44823,1.44837,1.87,1.69
2014.12.30 15:04:33.585,1.44823,1.4483,1.12,1.00
2014.12.30 15:04:33.887,1.44823,1.44836,1.12,1.00
2014.12.30 15:04:34.240,1.4482,1.44835,2.00,3.00
2014.12.30 15:04:34.653,1.44821,1.4483,1.87,1.00
2014.12.30 15:04:34.955,1.44821,1.44831,1.12,1.00
2014.12.30 15:04:35.056,1.44821,1.44835,2.62,1.00
2014.12.30 15:04:35.668,1.44823,1.4483,1.00,1.00
2014.12.30 15:04:35.870,1.44823,1.44835,1.00,2.44
2014.12.30 15:04:36.273,1.4482,1.44836,2.25,2.14
2014.12.30 15:04:36.626,1.4482,1.44835,3.00,2.06
2014.12.30 15:04:36.928,1.44821,1.44831,1.75,1.00
2014.12.30 15:04:37.433,1.44822,1.4483,1.50,1.00
2014.12.30 15:04:37.785,1.44825,1.44836,1.00,3.64
2014.12.30 15:04:38.206,1.44826,1.44837,1.69,1.20
2014.12.30 15:04:38.509,1.44838,1.44846,1.00,1.20
2014.12.30 15:04:38.711,1.44841,1.44851,1.00,1.95
2014.12.30 15:04:39.216,1.44842,1.44851,1.00,1.00
2014.12.30 15:04:39.719,1.44842,1.44854,1.00,3.19
2014.12.30 15:04:40.173,1.44843,1.44854,1.75,2.44
2014.12.30 15:04:40.678,1.44843,1.44854,1.75,1.39
2014.12.30 15:04:41.291,1.44843,1.44852,1.75,1.00
2014.12.30 15:04:41.639,1.44843,1.4485,1.75,1.00
2014.12.30 15:04:41.992,1.44843,1.44854,1.75,1.09
2014.12.30 15:04:42.500,1.44843,1.44854,1.75,1.39
2014.12.30 15:04:43.879,1.44843,1.4485,1.75,1.00
2014.12.30 15:04:44.489,1.44843,1.44851,1.75,1.00
2014.12.30 15:04:45.051,1.44843,1.4485,1.75,1.00
2014.12.30 15:04:45.601,1.44843,1.44851,1.75,1.00
2014.12.30 15:04:46.121,1.44843,1.4485,1.75,2.25
2014.12.30 15:04:46.738,1.44843,1.44854,1.75,1.69
2014.12.30 15:04:46.939,1.44843,1.44852,1.75,1.00
2014.12.30 15:04:47.142,1.44845,1.44854,1.12,1.50
2014.12.30 15:04:47.193,1.44845,1.44854,1.75,1.00
2014.12.30 15:04:47.496,1.44845,1.4485,1.75,1.00
2014.12.30 15:04:47.547,1.44845,1.44856,1.75,2.81
2014.12.30 15:04:48.071,1.44847,1.44859,3.00,2.32
2014.12.30 15:04:48.173,1.44851,1.44861,1.37,1.87
2014.12.30 15:04:48.274,1.44854,1.44863,1.00,1.00
2014.12.30 15:04:48.779,1.44854,1.4486,1.00,1.00
2014.12.30 15:04:49.284,1.44854,1.44864,1.00,1.00
2014.12.30 15:04:49.385,1.44854,1.44861,1.00,1.00
2014.12.30 15:04:49.655,1.44854,1.44865,1.00,1.31
2014.12.30 15:04:49.806,1.44854,1.44863,1.00,1.00
2014.12.30 15:04:50.117,1.44854,1.4486,1.00,1.50
2014.12.30 15:04:50.622,1.4485,1.44861,2.25,1.00
2014.12.30 15:04:50.723,1.4485,1.44864,2.25,1.00
2014.12.30 15:04:51.026,1.4485,1.44861,1.50,1.00
2014.12.30 15:04:51.329,1.44849,1.44864,1.87,1.69
2014.12.30 15:04:51.733,1.4485,1.44865,1.87,2.62
2014.12.30 15:04:51.986,1.44857,1.44865,1.75,2.25
2014.12.30 15:04:52.170,1.44858,1.44871,1.37,1.00
2014.12.30 15:04:52.680,1.44858,1.44871,1.12,2.25
2014.12.30 15:04:53.184,1.44858,1.44872,1.12,1.00
2014.12.30 15:04:53.235,1.4486,1.44873,1.00,1.00
2014.12.30 15:04:53.538,1.44857,1.44871,1.87,1.00
2014.12.30 15:04:53.851,1.44856,1.44867,1.00,1.25
2014.12.30 15:04:54.154,1.44855,1.44868,1.87,1.00
2014.12.30 15:04:54.305,1.44858,1.4487,1.12,2.25
2014.12.30 15:04:54.507,1.44857,1.44868,1.37,1.00
2014.12.30 15:04:54.609,1.44855,1.44868,1.12,2.00
2014.12.30 15:04:54.659,1.44855,1.44868,1.37,2.00
2014.12.30 15:04:54.811,1.44855,1.44869,1.37,1.45
2014.12.30 15:04:55.065,1.44855,1.4487,2.25,2.06
2014.12.30 15:04:55.216,1.44855,1.44871,1.50,1.09
2014.12.30 15:04:55.318,1.44855,1.4487,1.00,2.00
2014.12.30 15:04:55.822,1.44854,1.4487,1.25,3.19
2014.12.30 15:04:56.125,1.44855,1.44861,1.37,1.00
2014.12.30 15:04:56.429,1.44855,1.4486,1.00,2.25
2014.12.30 15:04:56.832,1.44849,1.44861,1.00,3.94
2014.12.30 15:04:56.934,1.44846,1.4486,1.00,1.69
2014.12.30 15:04:57.037,1.44843,1.44858,2.25,1.50
2014.12.30 15:04:57.189,1.44843,1.4486,1.50,4.46
2014.12.30 15:04:58.014,1.44843,1.44855,1.12,1.00
2014.12.30 15:04:58.317,1.44845,1.44855,1.37,1.94
2014.12.30 15:04:58.620,1.44845,1.44856,1.37,2.44
2014.12.30 15:04:59.150,1.44845,1.44856,1.37,2.25
2014.12.30 15:04:59.655,1.44844,1.44856,1.37,1.00
2014.12.30 15:05:00.273,1.4485,1.44856,1.37,1.00
2014.12.30 15:05:00.474,1.44849,1.44856,1.12,1.00
2014.12.30 15:05:00.576,1.44844,1.44857,1.37,1.25
2014.12.30 15:05:01.664,1.4485,1.44857,1.37,1.25
2014.12.30 15:05:02.716,1.44849,1.44857,1.37,1.19
2014.12.30 15:05:03.813,1.44849,1.4486,1.37,2.06
2014.12.30 15:05:04.721,1.44849,1.44856,1.37,1.19
2014.12.30 15:05:04.772,1.44849,1.44856,1.00,1.19
2014.12.30 15:05:04.824,1.44845,1.44854,1.12,1.19
2014.12.30 15:05:04.976,1.44843,1.44852,1.00,1.19
2014.12.30 15:05:05.348,1.44839,1.44852,1.12,1.69
2014.12.30 15:05:05.755,1.4484,1.44852,1.37,1.19
2014.12.30 15:05:06.263,1.4484,1.4485,1.87,1.00
2014.12.30 15:05:06.775,1.44839,1.44852,1.37,1.69
2014.12.30 15:05:07.422,1.44839,1.44852,1.37,1.69
2014.12.30 15:05:07.724,1.4484,1.4485,1.37,1.00
2014.12.30 15:05:09.531,1.44845,1.44851,1.00,2.25
2014.12.30 15:05:09.834,1.4485,1.44858,1.37,2.25
2014.12.30 15:05:09.885,1.4485,1.44865,1.12,2.96
2014.12.30 15:05:10.403,1.4485,1.44864,1.12,1.25
2014.12.30 15:05:10.858,1.44855,1.44864,1.00,1.00
2014.12.30 15:05:11.162,1.44868,1.44874,1.76,1.27
2014.12.30 15:05:11.213,1.44868,1.44878,1.76,1.50
2014.12.30 15:05:11.264,1.44874,1.44878,1.00,1.50
2014.12.30 15:05:11.315,1.44874,1.44881,1.00,1.00
2014.12.30 15:05:11.416,1.44871,1.4488,1.12,1.00
2014.12.30 15:05:11.467,1.44867,1.44879,1.75,1.00
2014.12.30 15:05:11.568,1.44871,1.44881,1.37,1.00
2014.12.30 15:05:11.619,1.44871,1.44883,1.37,1.00
2014.12.30 15:05:11.770,1.44872,1.44888,1.50,2.62
2014.12.30 15:05:11.821,1.44872,1.44888,1.50,2.62
2014.12.30 15:05:11.922,1.44872,1.44888,1.50,1.00
2014.12.30 15:05:12.225,1.44873,1.44889,1.62,1.12
2014.12.30 15:05:12.376,1.44875,1.44892,1.37,3.82
2014.12.30 15:05:12.578,1.44875,1.44892,2.62,2.70
2014.12.30 15:05:12.780,1.44875,1.44892,3.37,2.70
2014.12.30 15:05:12.882,1.44877,1.44894,1.12,1.46
2014.12.30 15:05:13.386,1.44877,1.44893,1.87,1.00
2014.12.30 15:05:13.436,1.44878,1.44891,1.00,1.25
2014.12.30 15:05:13.689,1.44869,1.44885,1.00,1.87
2014.12.30 15:05:13.790,1.44867,1.44883,1.87,1.00
2014.12.30 15:05:14.093,1.44867,1.44883,1.37,1.19
2014.12.30 15:05:14.756,1.44865,1.44882,1.50,4.46
2014.12.30 15:05:15.058,1.44865,1.4488,1.50,1.19
2014.12.30 15:05:15.260,1.44865,1.4488,1.50,1.00
2014.12.30 15:05:15.513,1.4487,1.44882,1.00,2.51
2014.12.30 15:05:15.614,1.44869,1.44885,1.50,3.34
2014.12.30 15:05:15.665,1.44869,1.44885,1.87,2.21
2014.12.30 15:05:15.968,1.44877,1.44892,1.12,1.29
2014.12.30 15:05:16.018,1.44879,1.44894,1.00,4.69
2014.12.30 15:05:16.522,1.44879,1.44894,1.00,2.44
2014.12.30 15:05:17.481,1.44879,1.44894,1.50,2.44
2014.12.30 15:05:18.137,1.44879,1.44894,1.00,1.19
2014.12.30 15:05:18.878,1.44876,1.44885,1.50,1.00
2014.12.30 15:05:18.979,1.4487,1.44885,1.12,3.34
2014.12.30 15:05:19.080,1.44867,1.44884,1.12,1.09
2014.12.30 15:05:19.282,1.44867,1.44883,1.00,1.52
2014.12.30 15:05:19.434,1.44867,1.44883,1.00,1.71
2014.12.30 15:05:19.938,1.44864,1.4488,1.12,1.69
2014.12.30 15:05:20.644,1.44864,1.44879,1.12,1.19
2014.12.30 15:05:21.148,1.4486,1.44876,4.02,1.00
2014.12.30 15:05:21.652,1.44861,1.44875,1.37,1.25
2014.12.30 15:05:22.287,1.44861,1.44876,1.37,1.69
2014.12.30 15:05:22.973,1.44861,1.44875,1.37,1.25
2014.12.30 15:05:23.477,1.44861,1.44874,1.87,1.00
2014.12.30 15:05:24.740,1.4486,1.44874,1.77,1.00
2014.12.30 15:05:24.842,1.4486,1.44874,1.40,1.00
2014.12.30 15:05:25.050,1.44858,1.44874,2.33,1.19
2014.12.30 15:05:25.354,1.44851,1.44866,1.37,1.94
2014.12.30 15:05:25.455,1.44847,1.44861,2.44,1.00
2014.12.30 15:05:25.556,1.44851,1.44865,1.00,3.19
2014.12.30 15:05:25.759,1.44846,1.44864,1.01,2.25
2014.12.30 15:05:26.264,1.44847,1.44862,1.25,1.00
2014.12.30 15:05:26.365,1.44844,1.4486,4.39,1.00
2014.12.30 15:05:26.466,1.44844,1.44862,4.39,1.50
2014.12.30 15:05:26.567,1.44844,1.4486,4.39,1.00
2014.12.30 15:05:27.072,1.44844,1.44861,4.39,2.25
2014.12.30 15:05:27.577,1.44844,1.44861,4.39,2.25
2014.12.30 15:05:27.880,1.44844,1.44859,2.25,1.00
2014.12.30 15:05:27.981,1.44841,1.44857,1.65,1.00
2014.12.30 15:05:28.175,1.44841,1.44856,1.50,2.44
2014.12.30 15:05:28.276,1.44839,1.44852,1.00,1.00
2014.12.30 15:05:28.377,1.44837,1.44851,1.00,1.00
2014.12.30 15:05:28.529,1.44837,1.44851,1.00,1.50
2014.12.30 15:05:29.033,1.44836,1.44849,1.00,1.00
2014.12.30 15:05:29.541,1.44834,1.44849,1.00,1.00
2014.12.30 15:05:29.844,1.44838,1.44849,1.00,1.00
2014.12.30 15:05:29.996,1.44835,1.44849,2.25,1.19
2014.12.30 15:05:30.046,1.44835,1.44847,1.12,1.87
2014.12.30 15:05:30.349,1.44836,1.44845,1.00,2.25
2014.12.30 15:05:30.400,1.44831,1.44845,2.44,3.00
2014.12.30 15:05:31.742,1.4483,1.44841,1.69,1.00
2014.12.30 15:05:32.276,1.4483,1.44844,1.69,1.75
2014.12.30 15:05:32.879,1.4483,1.44844,1.69,2.00
2014.12.30 15:05:33.182,1.4483,1.4484,1.00,1.00
2014.12.30 15:05:33.585,1.44828,1.4484,1.25,1.00
2014.12.30 15:05:34.295,1.4483,1.4484,1.00,1.00
2014.12.30 15:05:34.396,1.4483,1.44845,1.00,3.00
2014.12.30 15:05:34.598,1.44829,1.44844,2.06,1.12
2014.12.30 15:05:34.699,1.44829,1.4484,1.69,1.00
2014.12.30 15:05:34.851,1.44829,1.44843,1.69,1.00
2014.12.30 15:05:34.952,1.44829,1.44841,1.69,1.00
2014.12.30 15:05:35.155,1.44829,1.44843,1.69,1.00
2014.12.30 15:05:35.559,1.44829,1.44841,2.44,2.62
2014.12.30 15:05:36.063,1.4483,1.4484,1.00,1.00
2014.12.30 15:05:36.770,1.44829,1.44844,1.50,2.00
2014.12.30 15:05:36.871,1.44831,1.44844,1.00,2.00
2014.12.30 15:05:37.073,1.44829,1.44845,1.00,5.81
2014.12.30 15:05:37.275,1.44829,1.4484,1.37,2.25
2014.12.30 15:05:37.377,1.44831,1.44844,1.00,1.00
2014.12.30 15:05:38.414,1.44832,1.44844,1.00,1.00
2014.12.30 15:05:38.617,1.44834,1.44844,1.00,1.00
2014.12.30 15:05:38.970,1.44831,1.44847,1.00,3.94
2014.12.30 15:05:39.490,1.44831,1.44847,1.50,3.19
2014.12.30 15:05:39.995,1.44831,1.44847,1.50,3.56
2014.12.30 15:05:40.499,1.44831,1.44847,1.50,3.19
2014.12.30 15:05:41.427,1.44831,1.44847,1.50,3.19
2014.12.30 15:05:41.629,1.44832,1.44845,1.00,1.00
2014.12.30 15:05:41.932,1.44834,1.44847,1.00,3.19
2014.12.30 15:05:42.033,1.44832,1.44847,1.00,3.19
2014.12.30 15:05:45.041,1.44832,1.44848,1.25,1.31
2014.12.30 15:05:46.539,1.44832,1.44848,1.69,1.19
2014.12.30 15:05:47.070,1.44834,1.44848,1.00,1.19
2014.12.30 15:05:47.803,1.44834,1.44848,1.00,1.19
2014.12.30 15:05:48.206,1.44836,1.44848,1.00,1.31
2014.12.30 15:05:48.610,1.44832,1.44848,2.06,1.31
2014.12.30 15:05:48.862,1.44834,1.44848,1.00,1.31
2014.12.30 15:05:49.165,1.44832,1.44848,1.31,1.31
2014.12.30 15:05:50.933,1.44832,1.44848,1.31,1.31
2014.12.30 15:05:51.034,1.44835,1.44848,1.00,1.31
2014.12.30 15:05:51.589,1.44833,1.44848,1.00,1.31
2014.12.30 15:05:51.690,1.44835,1.44848,1.00,1.31
2014.12.30 15:05:52.158,1.44832,1.44848,1.31,1.31
2014.12.30 15:05:52.561,1.44832,1.44848,1.69,1.12
2014.12.30 15:05:52.612,1.44834,1.4485,2.25,4.31
2014.12.30 15:05:52.713,1.44834,1.4485,2.25,3.56
2014.12.30 15:05:52.916,1.44836,1.44852,1.31,1.72
2014.12.30 15:05:52.967,1.44836,1.44852,1.87,1.84
2014.12.30 15:05:53.623,1.44836,1.44851,1.87,1.00
2014.12.30 15:05:53.725,1.44839,1.44853,1.12,1.00
2014.12.30 15:05:53.826,1.44843,1.44855,1.00,1.00
2014.12.30 15:05:54.130,1.44835,1.44849,1.50,1.19
2014.12.30 15:05:54.585,1.4483,1.44846,1.12,1.87
2014.12.30 15:05:54.636,1.4483,1.44845,1.12,1.19
2014.12.30 15:05:54.909,1.44824,1.4484,1.19,1.31
2014.12.30 15:05:55.731,1.44823,1.4484,1.87,1.69
2014.12.30 15:05:56.034,1.44823,1.44837,1.37,1.62
2014.12.30 15:05:56.549,1.44823,1.44837,1.12,1.69
2014.12.30 15:05:57.056,1.44821,1.44835,1.50,2.25
2014.12.30 15:05:57.561,1.44825,1.44837,1.00,2.81
2014.12.30 15:05:57.863,1.44822,1.44837,1.37,1.69
2014.12.30 15:05:58.670,1.44823,1.44838,1.50,1.12
2014.12.30 15:05:58.873,1.44825,1.44838,1.37,1.12
2014.12.30 15:05:59.076,1.44823,1.44838,1.37,1.12
2014.12.30 15:05:59.380,1.44824,1.44838,1.37,1.37
2014.12.30 15:05:59.737,1.44823,1.44838,1.12,1.37
2014.12.30 15:06:00.455,1.44822,1.44838,4.69,1.37
2014.12.30 15:06:00.968,1.44824,1.44838,1.62,1.37
2014.12.30 15:06:01.070,1.44827,1.44838,1.00,1.37
2014.12.30 15:06:01.121,1.44827,1.44841,2.25,1.25
2014.12.30 15:06:01.223,1.44829,1.4484,1.12,1.00
2014.12.30 15:06:01.627,1.44832,1.4484,1.00,1.00
2014.12.30 15:06:01.880,1.44836,1.44847,1.50,1.50
2014.12.30 15:06:02.386,1.44836,1.44847,1.50,1.00
2014.12.30 15:06:02.436,1.4484,1.44847,1.00,1.00
2014.12.30 15:06:02.739,1.44844,1.44851,2.81,1.00
2014.12.30 15:06:03.094,1.44844,1.44855,5.06,1.00
2014.12.30 15:06:03.195,1.44844,1.44862,5.06,1.69
2014.12.30 15:06:03.296,1.44847,1.44863,1.00,1.94
2014.12.30 15:06:03.800,1.44847,1.44863,1.12,2.44
2014.12.30 15:06:04.326,1.44845,1.44861,2.62,1.12
2014.12.30 15:06:05.285,1.44847,1.44862,1.50,1.00
2014.12.30 15:06:05.629,1.44849,1.44864,3.94,1.00
2014.12.30 15:06:05.680,1.4485,1.44866,2.06,1.00
2014.12.30 15:06:05.731,1.44849,1.44864,1.69,1.00
2014.12.30 15:06:06.340,1.44848,1.44863,3.56,1.00
2014.12.30 15:06:06.592,1.44849,1.44864,1.69,1.00
2014.12.30 15:06:06.895,1.44854,1.44865,1.00,1.12
2014.12.30 15:06:07.249,1.44854,1.44867,1.00,1.50
2014.12.30 15:06:07.904,1.44855,1.44867,1.00,1.50
2014.12.30 15:06:08.207,1.44851,1.44864,3.75,1.00
2014.12.30 15:06:08.308,1.44849,1.44863,1.00,1.25
2014.12.30 15:06:08.359,1.44848,1.44861,1.00,1.00
2014.12.30 15:06:08.460,1.44847,1.44863,2.25,1.50
2014.12.30 15:06:08.611,1.44853,1.44863,1.00,1.00
2014.12.30 15:06:08.662,1.44853,1.44868,1.00,2.81
2014.12.30 15:06:08.713,1.44854,1.44868,1.00,1.12
2014.12.30 15:06:08.814,1.44854,1.44871,1.00,2.44
2014.12.30 15:06:09.341,1.44856,1.44871,1.00,1.69
2014.12.30 15:06:09.756,1.44858,1.44871,1.00,1.69
2014.12.30 15:06:10.209,1.44854,1.44871,1.00,1.69
2014.12.30 15:06:11.751,1.44856,1.44871,1.00,1.50
2014.12.30 15:06:12.262,1.44859,1.44871,1.00,1.25
2014.12.30 15:06:13.434,1.44859,1.44872,1.00,1.00
2014.12.30 15:06:15.229,1.44857,1.44872,1.00,1.00
2014.12.30 15:06:16.126,1.44856,1.44872,1.00,1.69
2014.12.30 15:06:16.430,1.44853,1.44867,1.00,1.00
2014.12.30 15:06:16.935,1.44852,1.44867,2.25,1.00
2014.12.30 15:06:17.087,1.44852,1.4487,3.75,1.69
2014.12.30 15:06:18.851,1.44853,1.4487,1.69,1.69
2014.12.30 15:06:20.338,1.44856,1.44871,1.00,2.00
2014.12.30 15:06:20.389,1.44856,1.44871,1.00,1.69
2014.12.30 15:06:20.792,1.44858,1.44871,1.00,1.25
2014.12.30 15:06:20.893,1.4486,1.44874,1.00,1.00
2014.12.30 15:06:20.995,1.44863,1.44874,1.00,1.00
2014.12.30 15:06:21.096,1.44865,1.44879,1.00,1.00
2014.12.30 15:06:21.499,1.44867,1.44881,1.37,1.19
2014.12.30 15:06:21.752,1.44876,1.4489,1.00,1.00
2014.12.30 15:06:21.903,1.44879,1.44893,1.00,2.25
2014.12.30 15:06:22.407,1.44879,1.44895,1.00,2.25
2014.12.30 15:06:22.715,1.44872,1.44886,1.00,1.00
2014.12.30 15:06:22.766,1.44871,1.44885,1.25,1.37
2014.12.30 15:06:22.817,1.44869,1.44885,1.50,1.94
2014.12.30 15:06:24.505,1.44868,1.44884,1.00,2.44
2014.12.30 15:06:25.009,1.44868,1.44882,1.00,1.00
2014.12.30 15:06:25.514,1.44865,1.44882,2.21,1.50
2014.12.30 15:06:26.127,1.44865,1.44882,2.21,1.50
2014.12.30 15:06:28.159,1.44865,1.44882,2.21,1.69
2014.12.30 15:06:29.240,1.44865,1.44883,2.21,1.94
2014.12.30 15:06:30.509,1.44865,1.44878,2.06,1.00
2014.12.30 15:06:30.610,1.44865,1.44882,2.06,1.69
2014.12.30 15:06:30.711,1.44865,1.4488,1.69,1.37
2014.12.30 15:06:31.014,1.44862,1.44865,1.00,2.25
2014.12.30 15:06:31.116,1.44862,1.44868,1.00,1.00
2014.12.30 15:06:31.318,1.4486,1.44873,1.00,1.00
2014.12.30 15:06:31.470,1.44861,1.44876,1.00,1.50
2014.12.30 15:06:31.975,1.44861,1.44875,1.37,1.12
2014.12.30 15:06:32.278,1.44861,1.44873,1.00,1.00
2014.12.30 15:06:32.480,1.44851,1.44866,1.12,1.56
2014.12.30 15:06:32.531,1.4485,1.44861,1.12,1.00
2014.12.30 15:06:32.582,1.44848,1.44861,3.00,1.00
2014.12.30 15:06:32.884,1.44846,1.44861,1.00,1.00
2014.12.30 15:06:33.338,1.44853,1.44863,1.00,1.00
2014.12.30 15:06:33.440,1.44853,1.44866,1.69,1.12
2014.12.30 15:06:33.490,1.44855,1.44866,1.00,1.00
2014.12.30 15:06:33.591,1.44855,1.4487,1.56,1.37
2014.12.30 15:06:33.642,1.44855,1.44873,4.69,2.40
2014.12.30 15:06:34.099,1.44859,1.44873,1.00,1.75
2014.12.30 15:06:35.220,1.44859,1.44875,1.12,2.44
2014.12.30 15:06:35.522,1.44861,1.44875,1.00,1.94
2014.12.30 15:06:36.027,1.4486,1.44873,1.00,1.50
2014.12.30 15:06:36.582,1.4486,1.44875,1.37,2.44
2014.12.30 15:06:36.885,1.44864,1.44879,1.56,3.75
2014.12.30 15:06:36.936,1.44864,1.4488,2.06,1.50
2014.12.30 15:06:37.138,1.44867,1.4488,1.37,1.00
2014.12.30 15:06:37.340,1.44867,1.4488,1.00,1.50
2014.12.30 15:06:37.391,1.44864,1.4488,1.87,1.69
2014.12.30 15:06:37.442,1.44863,1.44879,1.12,1.94
2014.12.30 15:06:37.493,1.44863,1.44878,1.00,1.69
2014.12.30 15:06:46.978,1.44863,1.44878,1.00,1.50
2014.12.30 15:06:48.330,1.44863,1.44878,1.37,1.00
2014.12.30 15:06:48.633,1.4487,1.44881,1.00,2.40
2014.12.30 15:06:48.835,1.44875,1.44891,1.69,2.25
2014.12.30 15:06:49.340,1.44877,1.44891,1.37,1.00
2014.12.30 15:06:50.157,1.44879,1.44893,1.00,1.65
2014.12.30 15:06:50.259,1.44879,1.44894,1.00,1.00
2014.12.30 15:06:52.979,1.44879,1.44894,1.62,1.25
2014.12.30 15:06:55.977,1.44879,1.44894,1.62,1.69
2014.12.30 15:06:56.518,1.44878,1.44894,2.06,2.44
2014.12.30 15:06:58.149,1.44879,1.44893,2.06,1.00
2014.12.30 15:06:58.665,1.44879,1.44893,1.56,1.00
2014.12.30 15:06:59.170,1.44879,1.44893,1.56,1.00
2014.12.30 15:07:01.127,1.4488,1.44896,1.69,2.44
2014.12.30 15:07:01.430,1.4488,1.44894,2.06,1.00
2014.12.30 15:07:05.287,1.4488,1.44894,2.06,1.00
2014.12.30 15:07:06.624,1.4488,1.44894,2.06,1.00
2014.12.30 15:07:11.563,1.44882,1.44897,1.25,2.44
2014.12.30 15:07:12.073,1.44881,1.44897,1.31,2.44
2014.12.30 15:07:12.276,1.44888,1.44897,1.00,1.50
2014.12.30 15:07:12.478,1.4489,1.44904,1.87,1.62
2014.12.30 15:07:12.731,1.44892,1.44904,1.87,1.25
2014.12.30 15:07:12.983,1.44894,1.44908,1.00,1.09
2014.12.30 15:07:13.336,1.44894,1.44905,1.00,1.00
2014.12.30 15:07:14.150,1.44893,1.44905,3.56,1.00
2014.12.30 15:07:14.201,1.44896,1.44909,1.00,1.39
2014.12.30 15:07:16.512,1.44896,1.4491,1.00,4.69
2014.12.30 15:07:17.465,1.44896,1.44908,1.00,1.19
2014.12.30 15:07:18.609,1.44896,1.4491,1.00,3.56
2014.12.30 15:07:19.605,1.44896,1.4491,1.00,3.19
2014.12.30 15:07:20.773,1.44896,1.4491,1.00,1.69
2014.12.30 15:07:21.290,1.44896,1.44912,1.87,2.51
2014.12.30 15:07:21.593,1.44899,1.44912,1.37,1.25
2014.12.30 15:07:21.997,1.44896,1.44912,1.37,3.19
2014.12.30 15:07:22.048,1.44895,1.4491,1.00,2.06
2014.12.30 15:07:22.351,1.44892,1.44908,1.00,4.69
2014.12.30 15:07:22.653,1.44892,1.44905,1.00,1.00
2014.12.30 15:07:23.258,1.44892,1.44906,1.00,1.50
2014.12.30 15:07:23.836,1.44891,1.44906,1.00,3.19
2014.12.30 15:07:24.441,1.44891,1.44906,1.50,2.44
2014.12.30 15:07:25.078,1.44891,1.44906,1.00,2.44
2014.12.30 15:07:25.180,1.44897,1.44906,1.37,2.44
2014.12.30 15:07:25.331,1.44894,1.44904,1.37,1.00
2014.12.30 15:07:25.432,1.44893,1.44905,1.25,3.37
2014.12.30 15:07:25.483,1.44892,1.44905,1.31,1.00
2014.12.30 15:07:25.686,1.44889,1.44905,2.06,4.65
2014.12.30 15:07:25.737,1.44889,1.44903,1.12,1.71
2014.12.30 15:07:25.788,1.44889,1.449,1.00,1.37
2014.12.30 15:07:25.838,1.44887,1.449,2.81,1.37
2014.12.30 15:07:26.040,1.44885,1.449,1.00,1.31
2014.12.30 15:07:26.550,1.44884,1.44899,2.06,1.69
2014.12.30 15:07:27.168,1.44883,1.44895,1.12,2.44
2014.12.30 15:07:27.424,1.44885,1.449,1.87,2.44
2014.12.30 15:07:27.677,1.44885,1.44901,1.12,2.81
2014.12.30 15:07:27.728,1.44885,1.44899,1.00,1.37
2014.12.30 15:07:28.255,1.44885,1.44899,1.00,1.37
2014.12.30 15:07:29.589,1.44887,1.44901,1.00,1.69
2014.12.30 15:07:29.640,1.44887,1.44901,1.31,1.00
2014.12.30 15:07:30.157,1.44888,1.44901,1.50,1.00
2014.12.30 15:07:30.611,1.44895,1.44904,1.50,1.37
2014.12.30 15:07:30.662,1.44895,1.44905,1.50,2.25
2014.12.30 15:07:30.763,1.44895,1.44909,3.19,2.51
2014.12.30 15:07:30.813,1.44899,1.44909,1.00,2.14
2014.12.30 15:07:31.015,1.44894,1.4491,3.19,1.19
2014.12.30 15:07:31.066,1.44894,1.44909,1.94,1.62
2014.12.30 15:07:31.167,1.44895,1.44908,1.69,1.12
2014.12.30 15:07:31.319,1.44891,1.44908,2.44,3.56
2014.12.30 15:07:31.649,1.44891,1.44908,3.19,3.19
2014.12.30 15:07:31.952,1.44896,1.4491,1.00,1.00
2014.12.30 15:07:32.053,1.44897,1.44911,2.06,1.50
2014.12.30 15:07:32.558,1.44898,1.44912,1.19,1.00
2014.12.30 15:07:32.860,1.44898,1.4491,1.19,1.00
2014.12.30 15:07:32.911,1.44898,1.44912,1.19,1.00
2014.12.30 15:07:33.456,1.44899,1.44913,1.19,1.19
2014.12.30 15:07:34.168,1.44899,1.44913,2.06,1.00
2014.12.30 15:07:34.624,1.44899,1.44913,1.50,1.19
2014.12.30 15:07:34.776,1.44896,1.44909,3.56,1.00
2014.12.30 15:07:34.827,1.44896,1.44908,1.50,2.44
2014.12.30 15:07:34.928,1.44891,1.44905,3.19,1.00
2014.12.30 15:07:35.432,1.44891,1.44904,1.19,1.00
2014.12.30 15:07:35.735,1.44891,1.44905,1.00,1.19
2014.12.30 15:07:36.289,1.44888,1.44905,3.94,2.44
2014.12.30 15:07:36.830,1.44889,1.44903,1.25,1.00
2014.12.30 15:07:40.555,1.44889,1.44903,2.06,1.25
2014.12.30 15:07:41.686,1.4489,1.44906,1.19,3.19
2014.12.30 15:07:42.790,1.4489,1.44906,1.00,1.69
2014.12.30 15:07:43.294,1.4489,1.44905,1.87,1.00
2014.12.30 15:07:43.747,1.4489,1.44905,2.06,1.00
2014.12.30 15:07:44.278,1.44896,1.44907,1.00,1.00
2014.12.30 15:07:44.481,1.44899,1.44912,1.37,1.00
2014.12.30 15:07:44.833,1.44901,1.44915,1.25,2.44
2014.12.30 15:07:45.338,1.44901,1.44915,1.19,1.50
2014.12.30 15:07:45.771,1.44901,1.44914,1.00,1.19
2014.12.30 15:07:46.125,1.44902,1.44914,1.37,1.12
2014.12.30 15:07:46.377,1.44905,1.44917,1.87,3.00
2014.12.30 15:07:49.791,1.44907,1.44917,1.00,2.25
2014.12.30 15:07:50.096,1.44913,1.44917,1.56,1.50
2014.12.30 15:07:50.399,1.44916,1.44926,1.62,3.75
2014.12.30 15:07:50.706,1.4492,1.44925,1.37,2.25
2014.12.30 15:07:51.472,1.4492,1.44925,1.00,3.19
2014.12.30 15:07:51.623,1.44915,1.44918,1.01,1.20
2014.12.30 15:07:52.128,1.44915,1.44917,1.37,1.50
2014.12.30 15:07:52.381,1.44911,1.44918,1.50,1.50
2014.12.30 15:07:56.319,1.44911,1.44918,1.32,1.87
2014.12.30 15:07:56.823,1.44911,1.44918,1.01,1.87
2014.12.30 15:07:59.522,1.4491,1.44918,1.84,1.87
2014.12.30 15:07:59.624,1.4491,1.44918,1.57,1.50
2014.12.30 15:07:59.877,1.4491,1.44922,1.87,3.22
2014.12.30 15:08:00.181,1.44912,1.44922,1.37,1.75
2014.12.30 15:08:00.434,1.44912,1.44926,3.37,1.00
2014.12.30 15:08:00.939,1.44915,1.44931,1.37,6.19
2014.12.30 15:08:01.342,1.44915,1.44931,2.21,4.31
2014.12.30 15:08:01.999,1.44916,1.44931,2.44,2.06
2014.12.30 15:08:03.579,1.44917,1.4493,1.12,1.20
2014.12.30 15:08:03.881,1.44921,1.44934,2.25,2.06
2014.12.30 15:08:03.932,1.44921,1.44934,2.62,2.06
2014.12.30 15:08:04.437,1.44923,1.44935,1.00,3.19
2014.12.30 15:08:04.840,1.44923,1.44936,1.00,1.69
2014.12.30 15:08:05.042,1.44926,1.44937,1.37,3.00
2014.12.30 15:08:05.194,1.44934,1.44942,1.00,2.44
2014.12.30 15:08:05.245,1.44936,1.44942,1.50,2.44
2014.12.30 15:08:05.295,1.44936,1.44945,1.50,1.12
2014.12.30 15:08:05.346,1.4494,1.44945,1.00,1.12
2014.12.30 15:08:05.397,1.4494,1.44951,1.87,1.20
2014.12.30 15:08:05.499,1.4494,1.44955,4.57,3.60
2014.12.30 15:08:06.003,1.4494,1.44955,5.40,3.52
2014.12.30 15:08:06.155,1.44944,1.44955,1.00,1.27
2014.12.30 15:08:06.514,1.44945,1.44957,1.37,1.76
2014.12.30 15:08:06.768,1.44931,1.44938,1.50,1.00
2014.12.30 15:08:06.819,1.44928,1.44938,1.12,1.20
2014.12.30 15:08:06.920,1.44924,1.44938,1.87,1.95
2014.12.30 15:08:06.971,1.44924,1.44937,1.00,1.12
2014.12.30 15:08:07.021,1.44923,1.44937,1.12,1.12
2014.12.30 15:08:08.098,1.44922,1.44935,1.87,1.10
2014.12.30 15:08:08.199,1.44922,1.44935,1.00,1.10
2014.12.30 15:08:08.350,1.44921,1.44935,1.12,1.50
2014.12.30 15:08:08.862,1.44919,1.44932,1.84,1.00
2014.12.30 15:08:09.215,1.44931,1.44935,1.00,1.75
2014.12.30 15:08:09.316,1.44925,1.44935,2.62,1.75
2014.12.30 15:08:09.367,1.44925,1.44938,1.57,1.50
2014.12.30 15:08:09.417,1.44937,1.4494,1.37,1.57
2014.12.30 15:08:09.569,1.44937,1.44943,1.00,1.00
2014.12.30 15:08:09.670,1.44934,1.44947,1.87,1.10
2014.12.30 15:08:09.721,1.44934,1.44947,1.87,1.87
2014.12.30 15:08:10.075,1.44935,1.44945,1.62,1.00
2014.12.30 15:08:11.227,1.44937,1.44945,1.00,1.00
2014.12.30 15:08:11.932,1.44935,1.44945,2.06,1.00
2014.12.30 15:08:12.386,1.44936,1.4495,1.20,3.34
2014.12.30 15:08:12.739,1.44935,1.44946,1.00,2.25
2014.12.30 15:08:13.257,1.44935,1.44945,1.00,2.25
2014.12.30 15:08:13.771,1.44936,1.44945,1.00,2.25
2014.12.30 15:08:14.414,1.44936,1.44946,1.00,2.81
2014.12.30 15:08:14.925,1.44936,1.44945,1.00,2.25
2014.12.30 15:08:15.431,1.44936,1.44948,1.00,1.94
2014.12.30 15:08:16.252,1.44935,1.44948,1.00,2.00
2014.12.30 15:08:16.997,1.44935,1.44948,2.44,1.75
2014.12.30 15:08:17.304,1.44945,1.44956,1.50,1.75
2014.12.30 15:08:17.607,1.44948,1.44957,1.00,2.62
2014.12.30 15:08:18.112,1.44949,1.44957,1.00,2.62
2014.12.30 15:08:18.263,1.44946,1.44957,1.25,1.87
2014.12.30 15:08:18.516,1.44942,1.44955,2.96,1.50
2014.12.30 15:08:18.819,1.4494,1.44955,1.69,3.75
2014.12.30 15:08:19.676,1.4494,1.44953,1.31,1.00
2014.12.30 15:08:20.417,1.4494,1.44953,1.56,1.00
2014.12.30 15:08:20.468,1.44945,1.44956,1.56,1.00
2014.12.30 15:08:20.569,1.44949,1.44958,1.50,1.00
2014.12.30 15:08:20.620,1.44949,1.4496,2.06,1.07
2014.12.30 15:08:20.721,1.44955,1.44964,1.19,1.50
2014.12.30 15:08:20.974,1.44958,1.44964,1.00,1.00
2014.12.30 15:08:21.025,1.44958,1.44968,1.00,1.00
2014.12.30 15:08:21.076,1.44959,1.4497,1.00,2.56
2014.12.30 15:08:21.127,1.44959,1.44974,1.00,4.50
2014.12.30 15:08:21.870,1.4496,1.44975,1.00,3.00
2014.12.30 15:08:22.072,1.44959,1.44975,1.19,1.50
2014.12.30 15:08:22.425,1.44962,1.44976,1.00,2.00
2014.12.30 15:08:22.678,1.44962,1.44977,1.31,1.57
2014.12.30 15:08:22.729,1.44968,1.44977,1.19,1.10
2014.12.30 15:08:22.880,1.44976,1.44989,1.00,1.50
2014.12.30 15:08:23.032,1.44977,1.4499,1.00,1.00
2014.12.30 15:08:23.284,1.44977,1.44993,1.25,1.00
2014.12.30 15:08:23.941,1.44975,1.44992,2.06,1.00
2014.12.30 15:08:24.474,1.44976,1.44993,1.19,1.00
2014.12.30 15:08:24.525,1.44976,1.4499,1.19,1.00
2014.12.30 15:08:24.612,1.44976,1.44993,1.19,1.00
2014.12.30 15:08:25.123,1.44976,1.44993,1.25,1.19
2014.12.30 15:08:25.380,1.44976,1.4499,1.25,1.00
2014.12.30 15:08:25.684,1.44978,1.44993,1.87,1.94
2014.12.30 15:08:25.735,1.44978,1.44992,1.87,1.25
2014.12.30 15:08:25.988,1.44977,1.44991,1.00,1.37
2014.12.30 15:08:26.293,1.44961,1.44977,2.25,1.50
2014.12.30 15:08:26.344,1.44961,1.44977,1.12,2.81
2014.12.30 15:08:27.101,1.44961,1.44975,1.12,1.12
2014.12.30 15:08:27.605,1.44962,1.44976,1.00,1.19
2014.12.30 15:08:28.060,1.44957,1.44975,2.81,1.31
2014.12.30 15:08:28.566,1.44958,1.44976,1.31,1.94
2014.12.30 15:08:29.633,1.44957,1.44975,2.06,3.94
2014.12.30 15:08:29.684,1.44957,1.44971,2.06,1.00
2014.12.30 15:08:29.785,1.44958,1.44975,1.00,1.69
2014.12.30 15:08:30.142,1.44961,1.44975,1.00,2.44
2014.12.30 15:08:30.669,1.44961,1.44974,1.00,1.19
2014.12.30 15:08:31.007,1.44958,1.44974,1.87,1.19
2014.12.30 15:08:31.511,1.44958,1.44974,2.06,1.25
2014.12.30 15:08:32.280,1.44958,1.44974,1.87,1.25
2014.12.30 15:08:32.837,1.44958,1.44974,1.37,1.25
2014.12.30 15:08:32.938,1.44959,1.44974,1.12,1.25
2014.12.30 15:08:33.240,1.44957,1.44974,3.19,1.75
2014.12.30 15:08:33.543,1.44971,1.44985,1.25,1.07
2014.12.30 15:08:33.645,1.44973,1.44987,1.00,1.56
2014.12.30 15:08:33.847,1.44973,1.44988,1.50,1.25
2014.12.30 15:08:34.887,1.44973,1.44989,1.69,1.00
2014.12.30 15:08:35.859,1.44973,1.44989,1.69,1.00
2014.12.30 15:08:36.162,1.44975,1.44991,1.00,1.25
2014.12.30 15:08:37.084,1.44975,1.44991,1.19,1.00
2014.12.30 15:08:38.042,1.44975,1.44991,2.44,1.00
2014.12.30 15:08:38.244,1.44976,1.44994,1.25,1.19
2014.12.30 15:08:38.674,1.44976,1.44994,1.62,1.19
2014.12.30 15:08:40.469,1.44976,1.4499,2.81,1.00
2014.12.30 15:08:40.570,1.44979,1.44995,1.37,1.69
2014.12.30 15:08:43.283,1.44979,1.44995,1.37,2.25
2014.12.30 15:08:43.385,1.44981,1.44997,1.31,4.87
2014.12.30 15:08:43.688,1.44988,1.44998,1.12,1.00
2014.12.30 15:08:44.091,1.44988,1.45004,1.12,1.19
2014.12.30 15:08:44.898,1.44988,1.45004,1.12,1.25
2014.12.30 15:08:46.176,1.44988,1.45004,1.37,1.25
2014.12.30 15:08:49.112,1.44988,1.45004,1.37,1.19
2014.12.30 15:08:52.630,1.44988,1.45004,1.62,1.25
2014.12.30 15:08:53.330,1.44987,1.45005,1.94,2.44
2014.12.30 15:08:54.086,1.44986,1.44995,1.62,1.00
2014.12.30 15:08:54.635,1.44989,1.44996,1.37,1.00
2014.12.30 15:08:55.082,1.44989,1.45001,1.37,1.00
2014.12.30 15:08:55.183,1.44989,1.44999,1.37,1.00
2014.12.30 15:08:55.486,1.44989,1.44995,1.37,1.00
2014.12.30 15:08:55.688,1.44989,1.45003,1.37,1.19
2014.12.30 15:08:56.141,1.44989,1.45,1.37,1.00
2014.12.30 15:08:56.541,1.44989,1.45005,1.87,3.19
2014.12.30 15:08:56.642,1.4499,1.45,1.37,1.00
2014.12.30 15:08:56.743,1.4499,1.45005,1.37,1.69
2014.12.30 15:08:57.549,1.44989,1.45005,2.81,1.19
2014.12.30 15:08:59.087,1.44991,1.45005,1.12,1.69
2014.12.30 15:08:59.138,1.44994,1.45005,1.37,1.50
2014.12.30 15:08:59.189,1.44994,1.45005,2.25,1.50
2014.12.30 15:08:59.290,1.45,1.45013,1.37,2.77
2014.12.30 15:08:59.442,1.45003,1.4502,2.06,1.00
2014.12.30 15:08:59.946,1.45005,1.45021,1.00,1.25
2014.12.30 15:09:00.652,1.45005,1.45022,1.00,1.50
2014.12.30 15:09:00.703,1.45009,1.45022,1.00,1.50
2014.12.30 15:09:00.804,1.45007,1.4502,1.00,1.25
2014.12.30 15:09:01.726,1.45007,1.4502,1.00,1.19
2014.12.30 15:09:02.028,1.45002,1.45018,1.56,1.00
2014.12.30 15:09:02.132,1.45002,1.45015,1.56,1.00
2014.12.30 15:09:02.486,1.45003,1.45019,1.62,1.62
2014.12.30 15:09:03.286,1.45003,1.45016,1.62,1.00
2014.12.30 15:09:03.873,1.45003,1.45015,1.62,1.00
2014.12.30 15:09:04.428,1.45003,1.45016,1.37,1.00
2014.12.30 15:09:04.717,1.45003,1.45015,1.37,2.62
2014.12.30 15:09:04.869,1.44995,1.45006,3.37,1.00
2014.12.30 15:09:04.920,1.44995,1.45006,1.00,1.50
2014.12.30 15:09:05.273,1.44995,1.45009,1.50,2.25
2014.12.30 15:09:05.806,1.44995,1.45013,1.87,1.69
2014.12.30 15:09:06.361,1.44995,1.45013,1.37,1.69
2014.12.30 15:09:07.231,1.44995,1.4501,1.37,1.00
2014.12.30 15:09:07.553,1.44988,1.45004,1.56,2.40
2014.12.30 15:09:07.604,1.44989,1.45004,2.06,1.50
2014.12.30 15:09:07.655,1.44994,1.45004,1.00,1.12
2014.12.30 15:09:07.757,1.44995,1.45009,1.00,1.37
2014.12.30 15:09:07.858,1.44995,1.4501,1.12,1.00
2014.12.30 15:09:08.378,1.44995,1.45011,1.87,1.00
2014.12.30 15:09:08.888,1.44995,1.45011,1.25,1.00
2014.12.30 15:09:09.854,1.44995,1.45011,1.19,1.25
2014.12.30 15:09:10.295,1.44995,1.45011,1.19,1.62
2014.12.30 15:09:10.598,1.44992,1.44997,1.00,1.56
2014.12.30 15:09:10.649,1.44989,1.44997,1.00,1.56
2014.12.30 15:09:10.751,1.44989,1.44996,1.00,1.12
2014.12.30 15:09:10.902,1.44989,1.44999,1.00,1.10
2014.12.30 15:09:10.953,1.44989,1.44998,1.00,1.19
2014.12.30 15:09:11.256,1.44989,1.44995,1.00,1.00
2014.12.30 15:09:11.307,1.44989,1.44997,1.00,1.25
2014.12.30 15:09:11.509,1.44981,1.44995,1.87,1.00
2014.12.30 15:09:11.610,1.44981,1.44997,1.87,1.25
2014.12.30 15:09:11.964,1.44982,1.44995,1.37,1.00
2014.12.30 15:09:12.267,1.4498,1.44995,2.25,4.69
2014.12.30 15:09:12.570,1.44979,1.44991,2.81,1.50
2014.12.30 15:09:12.988,1.44981,1.4499,1.87,1.50
2014.12.30 15:09:13.240,1.44981,1.44994,1.12,1.19
2014.12.30 15:09:13.875,1.44981,1.44991,1.12,2.25
2014.12.30 15:09:14.480,1.44981,1.4499,1.87,1.00
2014.12.30 15:09:14.984,1.44979,1.44983,1.00,1.00
2014.12.30 15:09:15.035,1.44976,1.44982,1.57,1.00
2014.12.30 15:09:15.086,1.44976,1.44991,1.10,1.69
2014.12.30 15:09:15.137,1.44978,1.44991,1.00,1.19
2014.12.30 15:09:15.238,1.44975,1.44991,2.25,1.69
2014.12.30 15:09:15.339,1.44975,1.44987,1.50,1.00
2014.12.30 15:09:15.541,1.44976,1.4499,1.00,1.69
2014.12.30 15:09:15.794,1.44976,1.44985,1.00,1.00
2014.12.30 15:09:15.896,1.44974,1.44985,1.00,1.25
2014.12.30 15:09:16.576,1.44974,1.44977,1.00,1.19
2014.12.30 15:09:16.679,1.44965,1.44977,1.00,1.19
2014.12.30 15:09:16.780,1.44963,1.44974,1.00,1.00
2014.12.30 15:09:17.297,1.44962,1.44974,1.00,1.00
2014.12.30 15:09:17.751,1.44965,1.44975,1.00,1.50
2014.12.30 15:09:17.903,1.44967,1.44979,1.00,2.25
2014.12.30 15:09:18.004,1.44967,1.44983,1.00,2.62
2014.12.30 15:09:18.055,1.44967,1.44983,1.00,1.50
2014.12.30 15:09:18.207,1.44971,1.44983,1.00,1.00
2014.12.30 15:09:18.308,1.44972,1.44988,1.87,2.44
2014.12.30 15:09:18.359,1.44972,1.44988,1.87,1.31
2014.12.30 15:09:18.410,1.44975,1.44988,1.00,1.31
2014.12.30 15:09:19.804,1.44975,1.44991,1.50,1.69
2014.12.30 15:09:20.318,1.44976,1.44991,1.00,1.25
2014.12.30 15:09:20.773,1.44976,1.44991,1.00,2.59
2014.12.30 15:09:21.077,1.44962,1.44964,1.00,1.00
2014.12.30 15:09:21.127,1.44958,1.44964,1.00,1.00
2014.12.30 15:09:21.229,1.44953,1.44964,1.87,1.00
2014.12.30 15:09:21.280,1.44953,1.44968,1.87,1.00
2014.12.30 15:09:21.785,1.44953,1.44967,1.50,1.00
2014.12.30 15:09:22.923,1.44953,1.44966,1.50,1.00
2014.12.30 15:09:23.936,1.44953,1.44966,1.87,1.00
2014.12.30 15:09:24.138,1.44953,1.44964,1.00,1.00
2014.12.30 15:09:24.239,1.44949,1.44962,1.00,2.21
2014.12.30 15:09:24.290,1.44949,1.44962,1.00,2.21
2014.12.30 15:09:24.643,1.44949,1.44955,1.00,1.00
2014.12.30 15:09:25.148,1.44949,1.44951,1.00,1.00
2014.12.30 15:09:25.249,1.44943,1.44956,1.00,2.62
2014.12.30 15:09:25.300,1.44943,1.44956,1.00,2.81
2014.12.30 15:09:25.804,1.44942,1.44953,1.00,1.00
2014.12.30 15:09:26.536,1.44942,1.44955,1.00,3.19
2014.12.30 15:09:26.587,1.4494,1.44956,1.00,4.69
2014.12.30 15:09:26.807,1.44938,1.44954,1.00,1.50
2014.12.30 15:09:26.858,1.4494,1.44954,1.00,1.00
2014.12.30 15:09:27.161,1.44938,1.44952,1.00,1.69
2014.12.30 15:09:27.465,1.44941,1.44952,1.00,1.00
2014.12.30 15:09:27.617,1.44941,1.44955,1.50,1.12
2014.12.30 15:09:28.129,1.44942,1.44955,1.00,1.12
2014.12.30 15:09:28.634,1.44941,1.44956,1.00,1.69
2014.12.30 15:09:28.736,1.44941,1.44955,1.00,1.75
2014.12.30 15:09:29.441,1.44942,1.44956,1.00,1.00
2014.12.30 15:09:30.601,1.44946,1.44956,1.75,1.00
2014.12.30 15:09:30.703,1.4495,1.44961,1.87,1.75
2014.12.30 15:09:30.753,1.44953,1.44965,1.37,1.37
2014.12.30 15:09:30.804,1.44953,1.44965,1.50,1.00
2014.12.30 15:09:31.007,1.44953,1.44971,1.50,1.65
2014.12.30 15:09:31.714,1.44954,1.44973,1.31,2.04
2014.12.30 15:09:32.118,1.44954,1.4497,1.94,1.75
2014.12.30 15:09:32.219,1.44952,1.44968,4.20,1.75
2014.12.30 15:09:32.270,1.44952,1.44967,4.20,1.50
2014.12.30 15:09:32.523,1.44951,1.44964,1.00,1.00
2014.12.30 15:09:32.573,1.44951,1.44965,1.00,3.19
2014.12.30 15:09:32.624,1.44949,1.44961,1.20,1.25
2014.12.30 15:09:32.927,1.44949,1.44961,1.00,1.09
2014.12.30 15:09:33.129,1.44949,1.44961,1.00,1.84
2014.12.30 15:09:33.444,1.44952,1.44961,1.00,1.84
2014.12.30 15:09:33.545,1.44944,1.44961,1.31,1.84
2014.12.30 15:09:34.502,1.44945,1.44961,1.00,1.84
2014.12.30 15:09:34.704,1.44946,1.44961,1.37,1.84
2014.12.30 15:09:34.957,1.44951,1.44968,2.06,2.11
2014.12.30 15:09:35.058,1.44955,1.44971,1.00,3.00
2014.12.30 15:09:35.108,1.44955,1.44971,1.00,2.25
2014.12.30 15:09:35.159,1.44955,1.44968,1.00,1.62
2014.12.30 15:09:35.382,1.44951,1.44965,1.50,1.19
2014.12.30 15:09:35.484,1.44951,1.44964,1.00,1.62
2014.12.30 15:09:35.686,1.44949,1.44964,1.00,2.00
2014.12.30 15:09:36.192,1.44947,1.44963,3.94,1.95
2014.12.30 15:09:37.934,1.44947,1.44961,2.06,1.12
2014.12.30 15:09:38.500,1.44947,1.4496,1.00,1.00
2014.12.30 15:09:38.853,1.44947,1.4496,1.00,1.37
2014.12.30 15:09:40.134,1.44947,1.4496,1.00,1.56
2014.12.30 15:09:41.977,1.44945,1.4496,1.50,2.06
2014.12.30 15:09:44.265,1.44945,1.4496,1.00,1.25
2014.12.30 15:09:46.509,1.44946,1.4496,1.19,1.00
2014.12.30 15:09:47.363,1.44945,1.4496,2.81,1.25
2014.12.30 15:09:47.870,1.44945,1.4496,1.31,1.62
2014.12.30 15:09:48.894,1.44945,1.4496,1.12,1.56
2014.12.30 15:09:49.651,1.44945,1.4496,1.12,1.19
2014.12.30 15:09:50.055,1.44948,1.44961,1.87,1.56
2014.12.30 15:09:50.106,1.4495,1.44963,1.37,1.82
2014.12.30 15:09:50.157,1.44956,1.44963,1.37,1.45
2014.12.30 15:09:50.258,1.44957,1.44971,1.37,3.94
2014.12.30 15:09:50.309,1.44957,1.44971,1.37,3.94
2014.12.30 15:09:50.511,1.44957,1.4497,1.00,1.19
2014.12.30 15:09:50.662,1.44954,1.44967,1.00,1.00
2014.12.30 15:09:50.814,1.44954,1.44967,1.00,1.19
2014.12.30 15:09:50.865,1.44952,1.44964,1.00,1.25
2014.12.30 15:09:50.966,1.4495,1.44962,1.12,1.00
2014.12.30 15:09:51.269,1.44947,1.4496,1.12,1.69
2014.12.30 15:09:52.075,1.44947,1.44961,1.12,1.00
2014.12.30 15:09:52.277,1.44947,1.44959,1.12,1.00
2014.12.30 15:09:52.378,1.44947,1.44961,1.12,1.50
2014.12.30 15:09:52.733,1.44947,1.44961,2.25,1.50
2014.12.30 15:09:52.987,1.44948,1.44961,1.50,1.50
2014.12.30 15:09:53.189,1.4495,1.44961,1.00,1.00
2014.12.30 15:09:53.715,1.44947,1.44961,3.19,1.00
2014.12.30 15:09:54.945,1.44949,1.44961,1.50,1.00
2014.12.30 15:09:55.046,1.44955,1.44965,1.12,2.25
2014.12.30 15:09:55.197,1.44956,1.44965,1.00,1.00
2014.12.30 15:09:55.299,1.44956,1.4497,1.00,1.00
2014.12.30 15:09:55.708,1.44958,1.4497,1.00,1.00
2014.12.30 15:09:56.212,1.44957,1.4497,1.27,1.50
2014.12.30 15:09:56.515,1.44955,1.44967,1.75,2.62
2014.12.30 15:09:56.616,1.44954,1.44967,1.69,1.50
2014.12.30 15:09:56.830,1.44954,1.4497,5.44,2.06
2014.12.30 15:09:57.133,1.44954,1.44965,1.50,1.62
2014.12.30 15:09:57.285,1.44952,1.44963,1.00,1.00
2014.12.30 15:09:57.537,1.44949,1.44964,2.06,1.87
2014.12.30 15:09:58.049,1.4495,1.44964,1.09,1.50
2014.12.30 15:09:59.310,1.4495,1.44966,1.84,2.75
2014.12.30 15:10:00.208,1.4495,1.44964,1.84,1.00
2014.12.30 15:10:00.309,1.4495,1.44965,1.84,1.28
2014.12.30 15:10:00.612,1.44964,1.44979,3.00,2.25
2014.12.30 15:10:00.663,1.44966,1.44979,1.00,1.87
2014.12.30 15:10:00.714,1.44966,1.44981,1.00,1.50
2014.12.30 15:10:00.865,1.44968,1.44981,1.00,1.00
2014.12.30 15:10:01.386,1.44968,1.44982,1.87,1.00
2014.12.30 15:10:01.892,1.44968,1.44982,1.12,1.25
2014.12.30 15:10:04.691,1.44968,1.44982,1.50,1.00
2014.12.30 15:10:04.994,1.44975,1.44989,1.87,1.19
2014.12.30 15:10:05.499,1.44975,1.44989,1.95,1.25
2014.12.30 15:10:06.003,1.44975,1.44989,1.00,1.25
2014.12.30 15:10:06.306,1.44972,1.44985,1.20,1.00
2014.12.30 15:10:07.361,1.44971,1.44985,1.69,3.00
2014.12.30 15:10:07.757,1.44971,1.44985,3.19,1.00
2014.12.30 15:10:07.959,1.44977,1.44991,1.12,4.50
2014.12.30 15:10:08.110,1.44976,1.44985,1.37,1.00
2014.12.30 15:10:08.413,1.44974,1.44988,3.00,1.62
2014.12.30 15:10:08.615,1.44974,1.44985,1.00,1.00
2014.12.30 15:10:09.321,1.44974,1.44986,1.00,2.25
2014.12.30 15:10:09.887,1.44974,1.44985,1.00,1.00
2014.12.30 15:10:10.441,1.44974,1.44988,1.12,1.19
2014.12.30 15:10:10.945,1.44974,1.44985,1.12,1.00
2014.12.30 15:10:12.008,1.44972,1.44986,2.44,1.00
2014.12.30 15:10:12.530,1.44972,1.44985,2.06,2.25
2014.12.30 15:10:13.033,1.44972,1.44985,1.50,2.25
2014.12.30 15:10:13.185,1.44975,1.44986,1.56,2.62
2014.12.30 15:10:13.337,1.44978,1.4499,1.12,1.07
2014.12.30 15:10:13.640,1.44976,1.44991,1.00,1.69
2014.12.30 15:10:15.722,1.44975,1.4499,1.50,2.51
2014.12.30 15:10:15.823,1.44975,1.44988,1.00,1.87
2014.12.30 15:10:15.873,1.44971,1.44983,1.20,1.00
2014.12.30 15:10:15.924,1.4497,1.44983,4.12,1.87
2014.12.30 15:10:16.099,1.44966,1.4498,2.25,1.19
2014.12.30 15:10:16.200,1.44967,1.4498,1.62,1.37
2014.12.30 15:10:16.250,1.4497,1.44981,2.25,1.00
2014.12.30 15:10:16.301,1.4497,1.44984,3.00,2.32
2014.12.30 15:10:16.352,1.4497,1.44984,2.62,1.57
2014.12.30 15:10:16.453,1.44972,1.44986,2.81,1.00
2014.12.30 15:10:16.504,1.44974,1.44987,1.37,1.37
2014.12.30 15:10:16.554,1.44975,1.44989,1.50,1.50
2014.12.30 15:10:16.706,1.44974,1.44987,1.37,1.00
2014.12.30 15:10:16.959,1.44972,1.44985,1.57,1.12
2014.12.30 15:10:17.060,1.44972,1.44985,2.32,1.37
2014.12.30 15:10:17.515,1.44967,1.44982,1.69,2.25
2014.12.30 15:10:17.566,1.44967,1.4498,1.12,1.62
2014.12.30 15:10:17.616,1.44966,1.4498,1.20,1.69
2014.12.30 15:10:17.920,1.44969,1.4498,1.00,1.09
2014.12.30 15:10:18.021,1.44966,1.4498,1.00,1.09
2014.12.30 15:10:23.097,1.44964,1.44979,1.57,1.31
2014.12.30 15:10:23.199,1.44963,1.44979,4.95,2.44
2014.12.30 15:10:23.451,1.44961,1.44977,1.31,2.06
2014.12.30 15:10:30.115,1.44961,1.44976,1.12,2.06
2014.12.30 15:10:30.519,1.44961,1.44978,1.12,2.51
2014.12.30 15:10:30.721,1.44961,1.44976,1.00,2.00
2014.12.30 15:10:31.418,1.44961,1.44976,1.37,2.06
2014.12.30 15:10:31.670,1.44967,1.44979,2.81,1.07
2014.12.30 15:10:31.721,1.44967,1.44981,2.81,1.50
2014.12.30 15:10:31.772,1.44972,1.44981,1.00,1.50
2014.12.30 15:10:31.823,1.44972,1.44982,1.00,2.32
2014.12.30 15:10:32.328,1.44972,1.44982,1.19,1.50
2014.12.30 15:10:32.479,1.44972,1.44984,1.31,1.00
2014.12.30 15:10:33.437,1.44971,1.44984,2.44,1.00
2014.12.30 15:10:34.643,1.44971,1.44984,2.44,1.00
2014.12.30 15:10:36.928,1.44971,1.44984,2.44,1.00
2014.12.30 15:10:37.332,1.4497,1.44984,2.25,1.00
2014.12.30 15:10:37.751,1.44974,1.44984,1.00,1.65
2014.12.30 15:10:38.003,1.44976,1.4499,1.00,1.87
2014.12.30 15:10:38.054,1.44978,1.4499,1.00,1.12
2014.12.30 15:10:38.104,1.44978,1.44991,1.00,1.31
2014.12.30 15:10:39.594,1.44978,1.4499,1.00,1.00
2014.12.30 15:10:40.103,1.44979,1.44991,1.00,1.12
2014.12.30 15:10:40.951,1.44979,1.4499,1.00,1.00
2014.12.30 15:10:41.791,1.44981,1.44991,1.00,1.12
2014.12.30 15:10:42.295,1.44977,1.44991,1.69,1.00
2014.12.30 15:10:42.799,1.44977,1.44991,2.25,2.81
2014.12.30 15:10:43.405,1.44977,1.44991,1.50,3.19
2014.12.30 15:10:43.507,1.44976,1.4499,2.25,1.31
2014.12.30 15:10:44.112,1.44973,1.44986,4.09,1.00
2014.12.30 15:10:44.825,1.44973,1.44985,2.59,1.00
2014.12.30 15:10:45.130,1.44968,1.44983,1.00,2.06
2014.12.30 15:10:46.020,1.44968,1.44981,1.00,1.87
2014.12.30 15:10:46.222,1.44961,1.44974,1.07,1.87
2014.12.30 15:10:46.273,1.44961,1.44974,1.07,3.19
2014.12.30 15:10:46.324,1.44958,1.44973,1.95,1.69
2014.12.30 15:10:47.290,1.44956,1.44971,1.69,1.62
2014.12.30 15:10:47.391,1.44956,1.4497,1.12,1.12
2014.12.30 15:10:48.399,1.44956,1.4497,1.00,1.69
2014.12.30 15:10:48.500,1.44954,1.44968,3.37,1.00
2014.12.30 15:10:48.551,1.44954,1.44966,3.37,1.00
2014.12.30 15:10:49.055,1.44954,1.44965,1.12,1.00
2014.12.30 15:10:49.267,1.44954,1.44968,1.12,1.00
2014.12.30 15:10:49.771,1.44954,1.44968,1.00,1.19
2014.12.30 15:10:50.589,1.44954,1.44968,1.25,1.25
2014.12.30 15:10:51.044,1.44954,1.4497,1.69,1.69
2014.12.30 15:10:51.658,1.44956,1.4497,1.00,1.19
2014.12.30 15:10:54.816,1.44956,1.44968,1.00,1.00
2014.12.30 15:10:54.917,1.44953,1.44966,1.69,1.00
2014.12.30 15:10:55.427,1.44953,1.44967,1.69,1.00
2014.12.30 15:10:55.949,1.44954,1.44968,1.00,1.25
2014.12.30 15:10:58.183,1.44954,1.44968,1.00,1.19
2014.12.30 15:10:59.308,1.44954,1.44966,1.00,1.00
2014.12.30 15:10:59.871,1.44954,1.44968,1.00,1.19
2014.12.30 15:11:00.384,1.44954,1.44968,1.00,1.25
2014.12.30 15:11:00.694,1.44958,1.44968,1.19,1.00
2014.12.30 15:11:00.744,1.44962,1.44971,1.00,1.00
2014.12.30 15:11:00.947,1.44963,1.44973,1.00,1.50
2014.12.30 15:11:00.998,1.4496,1.44973,2.70,2.25
2014.12.30 15:11:01.099,1.44958,1.44972,2.62,1.39
2014.12.30 15:11:01.351,1.44956,1.4497,1.00,1.00
2014.12.30 15:11:01.886,1.44955,1.4497,1.10,1.50
2014.12.30 15:11:02.037,1.44954,1.44968,3.94,1.00
2014.12.30 15:11:03.456,1.44955,1.44968,1.00,1.25
2014.12.30 15:11:03.761,1.44964,1.44975,1.00,1.00
2014.12.30 15:11:03.963,1.44964,1.44978,1.00,1.19
2014.12.30 15:11:04.014,1.44964,1.4497,1.00,1.00
2014.12.30 15:11:04.166,1.44961,1.44971,1.10,1.00
2014.12.30 15:11:04.217,1.44961,1.44973,1.10,1.00
2014.12.30 15:11:04.419,1.44958,1.4497,3.00,1.00
2014.12.30 15:11:04.469,1.44957,1.4497,1.50,1.00
2014.12.30 15:11:04.873,1.44957,1.44972,1.00,1.00
2014.12.30 15:11:04.924,1.44957,1.44972,1.00,1.19
2014.12.30 15:11:06.033,1.44957,1.44971,1.00,1.19
2014.12.30 15:11:06.813,1.44954,1.44969,2.62,2.81
2014.12.30 15:11:07.065,1.44947,1.4496,1.00,1.19
2014.12.30 15:11:07.469,1.44942,1.44958,2.25,1.00
2014.12.30 15:11:07.974,1.44943,1.44959,1.75,2.81
2014.12.30 15:11:08.226,1.44943,1.44959,1.75,2.81
2014.12.30 15:11:08.529,1.44942,1.44955,2.25,1.00
2014.12.30 15:11:08.882,1.44943,1.44955,1.00,1.50
2014.12.30 15:11:09.386,1.44943,1.44954,1.00,1.25
2014.12.30 15:11:09.860,1.44939,1.44954,1.00,1.25
2014.12.30 15:11:10.219,1.44939,1.44953,1.12,1.56
2014.12.30 15:11:10.724,1.44938,1.4495,1.00,2.25
2014.12.30 15:11:11.034,1.44931,1.44939,3.00,2.06
2014.12.30 15:11:11.085,1.44924,1.44937,1.00,1.69
2014.12.30 15:11:11.286,1.44922,1.44936,1.00,1.56
2014.12.30 15:11:11.791,1.44921,1.44939,2.44,2.14
2014.12.30 15:11:11.942,1.44923,1.44939,2.25,2.59
2014.12.30 15:11:12.547,1.44925,1.44939,1.00,2.44
2014.12.30 15:11:12.598,1.44927,1.44939,1.00,1.69
2014.12.30 15:11:12.901,1.44935,1.44949,1.00,2.81
2014.12.30 15:11:13.002,1.44937,1.4495,1.00,1.00
2014.12.30 15:11:13.506,1.44938,1.44954,1.50,1.57
2014.12.30 15:11:13.961,1.44937,1.44951,1.87,1.31
2014.12.30 15:11:15.155,1.4494,1.44952,1.00,1.19
2014.12.30 15:11:15.210,1.4494,1.44953,1.00,1.09
2014.12.30 15:11:15.541,1.4494,1.44951,1.00,2.25
2014.12.30 15:11:16.060,1.4494,1.4495,1.00,1.00
2014.12.30 15:11:16.463,1.4494,1.44953,1.00,1.20
2014.12.30 15:11:17.387,1.4494,1.44951,1.00,2.25
2014.12.30 15:11:17.690,1.44935,1.44948,1.82,1.56
2014.12.30 15:11:17.791,1.44932,1.44947,2.25,1.31
2014.12.30 15:11:17.842,1.44932,1.44947,1.50,1.76
2014.12.30 15:11:17.892,1.44931,1.44945,2.00,1.00
2014.12.30 15:11:18.699,1.44932,1.44944,1.37,1.12
2014.12.30 15:11:19.053,1.4493,1.44942,2.25,1.00
2014.12.30 15:11:19.255,1.44931,1.44944,1.12,1.12
2014.12.30 15:11:20.012,1.44931,1.44944,1.00,1.12
2014.12.30 15:11:20.517,1.44929,1.44944,2.00,1.87
2014.12.30 15:11:22.554,1.4493,1.44943,1.69,1.00
2014.12.30 15:11:22.605,1.44934,1.44943,1.00,1.00
2014.12.30 15:11:22.757,1.4494,1.44953,1.00,3.37
2014.12.30 15:11:22.808,1.4494,1.44953,1.75,2.25
2014.12.30 15:11:22.858,1.4494,1.44956,1.75,2.81
