2014.04.03 20:00:00.454,1.42504,1.42507,1.13,1.00
2014.04.03 20:00:00.777,1.42505,1.42508,1.00,1.25
2014.04.03 20:00:01.080,1.42507,1.42509,1.00,1.00
2014.04.03 20:00:01.182,1.42508,1.4251,1.00,1.00
2014.04.03 20:00:01.700,1.42508,1.42512,1.00,3.57
2014.04.03 20:00:01.801,1.42504,1.42512,2.25,3.57
2014.04.03 20:00:02.318,1.42504,1.42512,3.38,3.00
2014.04.03 20:00:11.508,1.42504,1.42512,2.25,3.19
2014.04.03 20:00:11.761,1.4251,1.42515,1.50,1.38
2014.04.03 20:00:14.100,1.4251,1.42515,1.50,1.13
2014.04.03 20:00:14.203,1.4251,1.42515,1.50,1.69
2014.04.03 20:00:14.455,1.42508,1.42514,1.50,1.19
2014.04.03 20:00:19.872,1.42508,1.42514,1.50,1.25
2014.04.03 20:00:20.337,1.42508,1.42514,2.63,1.25
2014.04.03 20:00:20.539,1.42513,1.4252,1.88,2.07
2014.04.03 20:00:21.056,1.42512,1.42518,1.13,1.32
2014.04.03 20:00:21.212,1.42512,1.42518,1.13,1.63
2014.04.03 20:00:22.467,1.42511,1.42518,1.50,1.63
2014.04.03 20:00:22.997,1.42511,1.42518,1.50,1.32
2014.04.03 20:00:23.518,1.42511,1.42519,1.50,3.57
2014.04.03 20:00:24.295,1.42512,1.42519,1.00,3.57
2014.04.03 20:00:24.799,1.42512,1.42519,1.38,2.82
2014.04.03 20:00:25.203,1.42513,1.4252,1.88,1.50
2014.04.03 20:00:25.708,1.42513,1.42519,2.63,1.00
2014.04.03 20:00:29.170,1.42513,1.42517,1.88,1.00
2014.04.03 20:00:29.437,1.42511,1.42517,3.57,1.00
2014.04.03 20:00:31.084,1.42511,1.42519,3.57,2.25
2014.04.03 20:00:32.305,1.42511,1.42516,2.44,1.00
2014.04.03 20:00:32.457,1.42509,1.42516,3.19,1.13
2014.04.03 20:00:32.962,1.42509,1.42513,1.69,1.00
2014.04.03 20:00:35.036,1.42507,1.42513,2.07,1.00
2014.04.03 20:00:36.364,1.42507,1.42513,1.69,1.00
2014.04.03 20:00:36.885,1.42507,1.42514,2.07,1.00
2014.04.03 20:00:37.654,1.42506,1.42513,2.07,2.25
2014.04.03 20:00:40.524,1.42509,1.42513,1.38,1.50
2014.04.03 20:00:40.776,1.4251,1.42515,1.38,3.00
2014.04.03 20:00:46.275,1.42513,1.42515,1.88,1.00
2014.04.03 20:00:46.337,1.42513,1.42518,1.88,1.00
2014.04.03 20:00:46.903,1.42513,1.42519,3.57,2.25
2014.04.03 20:00:47.409,1.42515,1.42519,1.50,1.50
2014.04.03 20:00:47.990,1.42515,1.42521,1.50,1.13
2014.04.03 20:00:56.737,1.42515,1.4252,1.50,1.00
2014.04.03 20:00:56.787,1.42515,1.4252,1.00,1.38
2014.04.03 20:00:56.838,1.42513,1.42519,3.57,1.38
2014.04.03 20:00:56.889,1.42513,1.42519,2.82,1.13
2014.04.03 20:00:57.224,1.42511,1.42518,1.00,1.50
2014.04.03 20:00:59.296,1.42512,1.42518,1.00,1.50
2014.04.03 20:00:59.816,1.4251,1.42518,2.82,2.25
2014.04.03 20:01:00.355,1.42511,1.42518,1.63,2.25
2014.04.03 20:01:00.894,1.42513,1.42518,1.88,1.00
2014.04.03 20:01:05.844,1.42513,1.42519,1.88,1.00
2014.04.03 20:01:26.197,1.42513,1.42519,1.88,1.38
2014.04.03 20:01:29.193,1.42513,1.42519,1.88,1.13
2014.04.03 20:01:29.733,1.42513,1.42519,1.88,1.38
2014.04.03 20:01:40.413,1.42513,1.42519,1.88,1.13
2014.04.03 20:01:40.921,1.42514,1.42519,1.50,1.38
2014.04.03 20:01:44.204,1.42516,1.42519,1.13,1.38
2014.04.03 20:01:44.712,1.42516,1.42519,1.50,1.00
2014.04.03 20:01:46.106,1.42514,1.42519,2.25,1.00
2014.04.03 20:01:49.782,1.42514,1.42521,2.25,1.00
2014.04.03 20:01:50.136,1.42516,1.42521,2.63,1.00
2014.04.03 20:01:50.287,1.42518,1.42523,1.50,1.00
2014.04.03 20:01:54.495,1.4252,1.42525,1.50,1.00
2014.04.03 20:02:00.772,1.4252,1.42525,1.88,1.00
2014.04.03 20:02:00.925,1.42523,1.42528,1.88,1.00
2014.04.03 20:02:01.077,1.42525,1.4253,1.50,1.00
2014.04.03 20:02:01.178,1.42525,1.42532,1.50,1.13
2014.04.03 20:02:02.265,1.42528,1.42532,1.50,1.00
2014.04.03 20:02:02.798,1.42528,1.42534,1.50,1.38
2014.04.03 20:02:09.105,1.42528,1.42532,1.50,1.00
2014.04.03 20:02:13.187,1.4253,1.42535,1.50,1.38
2014.04.03 20:02:13.881,1.4253,1.42535,1.50,1.38
2014.04.03 20:02:15.399,1.4253,1.42535,1.50,1.13
2014.04.03 20:02:15.702,1.42533,1.42539,1.50,1.63
2014.04.03 20:02:16.242,1.42533,1.42539,1.50,2.07
2014.04.03 20:02:26.376,1.42533,1.42539,1.50,1.63
2014.04.03 20:02:27.518,1.42533,1.42539,1.50,1.69
2014.04.03 20:02:27.620,1.42535,1.42541,1.00,3.19
2014.04.03 20:02:27.671,1.42535,1.42542,1.50,2.25
2014.04.03 20:02:27.721,1.42537,1.42542,1.00,1.50
2014.04.03 20:02:28.077,1.42541,1.42545,1.00,1.88
2014.04.03 20:02:28.745,1.42543,1.42548,1.00,2.07
2014.04.03 20:02:32.476,1.42543,1.42549,1.50,1.57
2014.04.03 20:02:33.172,1.42541,1.42549,2.25,2.63
2014.04.03 20:02:33.289,1.42543,1.42549,1.50,1.38
2014.04.03 20:02:36.175,1.42553,1.42555,1.50,1.00
2014.04.03 20:02:37.173,1.42554,1.42559,1.50,2.82
2014.04.03 20:02:37.887,1.42554,1.42559,1.50,2.07
2014.04.03 20:02:38.003,1.42554,1.42558,1.50,1.00
2014.04.03 20:02:41.021,1.42552,1.42559,1.50,1.38
2014.04.03 20:02:41.578,1.42552,1.42559,1.50,1.88
2014.04.03 20:02:42.079,1.42552,1.42558,1.50,1.38
2014.04.03 20:02:43.933,1.42552,1.42558,1.50,1.38
2014.04.03 20:02:44.085,1.42549,1.42555,2.89,1.00
2014.04.03 20:02:44.238,1.42548,1.4255,1.00,1.38
2014.04.03 20:02:44.390,1.42546,1.4255,1.13,1.38
2014.04.03 20:02:44.911,1.42545,1.42551,1.50,1.38
2014.04.03 20:02:46.347,1.42545,1.42551,1.50,1.00
2014.04.03 20:02:47.444,1.42545,1.42553,1.50,3.75
2014.04.03 20:02:49.438,1.42548,1.42553,1.50,1.00
2014.04.03 20:02:49.655,1.4255,1.42556,1.50,1.50
2014.04.03 20:02:49.706,1.4255,1.42554,1.50,1.00
2014.04.03 20:02:50.918,1.4255,1.42557,1.50,1.25
2014.04.03 20:02:54.896,1.4255,1.42558,1.50,3.38
2014.04.03 20:02:55.199,1.4255,1.42553,1.50,1.00
2014.04.03 20:02:56.254,1.42548,1.42553,2.25,1.13
2014.04.03 20:03:02.349,1.42548,1.42553,2.44,1.13
2014.04.03 20:03:24.490,1.42551,1.42553,1.00,1.50
2014.04.03 20:03:24.692,1.42552,1.4256,2.44,1.88
2014.04.03 20:03:30.445,1.42553,1.4256,1.19,1.88
2014.04.03 20:03:34.339,1.42552,1.4256,2.44,1.88
2014.04.03 20:03:40.526,1.42553,1.4256,1.19,1.88
2014.04.03 20:03:57.880,1.42553,1.4256,1.00,2.63
2014.04.03 20:04:00.865,1.42553,1.4256,1.00,2.63
2014.04.03 20:04:28.997,1.42554,1.42559,1.19,1.88
2014.04.03 20:04:34.950,1.42554,1.42559,1.19,1.88
2014.04.03 20:04:35.051,1.42552,1.42559,1.00,2.25
2014.04.03 20:04:39.869,1.42552,1.42559,1.19,1.50
2014.04.03 20:04:44.149,1.42551,1.42559,2.44,1.50
2014.04.03 20:04:49.182,1.42553,1.42559,1.19,1.50
2014.04.03 20:05:05.508,1.42551,1.42559,1.69,1.50
2014.04.03 20:05:11.719,1.42551,1.42559,2.44,1.50
2014.04.03 20:05:14.140,1.42551,1.42559,2.44,1.88
2014.04.03 20:05:14.242,1.4255,1.42557,1.88,3.00
2014.04.03 20:05:14.909,1.42549,1.42557,1.88,3.57
2014.04.03 20:05:18.616,1.42549,1.42557,1.88,3.94
2014.04.03 20:05:19.078,1.4255,1.42557,1.13,2.82
2014.04.03 20:05:22.071,1.42549,1.42557,1.88,2.25
2014.04.03 20:05:24.163,1.42549,1.42557,2.82,2.25
2014.04.03 20:05:34.655,1.4255,1.42556,1.00,1.00
2014.04.03 20:05:40.879,1.4255,1.42556,1.32,1.50
2014.04.03 20:05:43.963,1.42549,1.42556,1.32,1.50
2014.04.03 20:05:47.694,1.42548,1.42556,3.75,1.50
2014.04.03 20:05:48.323,1.42551,1.42556,1.00,1.50
2014.04.03 20:05:50.165,1.4255,1.42556,1.00,1.50
2014.04.03 20:05:53.419,1.42551,1.42556,1.00,1.50
2014.04.03 20:05:54.175,1.4255,1.42556,1.88,1.50
2014.04.03 20:05:54.878,1.4255,1.42557,1.88,1.50
2014.04.03 20:05:58.308,1.42547,1.42555,2.82,2.25
2014.04.03 20:05:58.385,1.42547,1.42555,2.82,2.25
2014.04.03 20:06:07.741,1.42547,1.42553,1.50,1.50
2014.04.03 20:06:16.972,1.42548,1.42553,1.69,1.50
2014.04.03 20:06:18.994,1.42548,1.42553,3.94,1.50
2014.04.03 20:06:21.844,1.4255,1.42553,1.32,1.50
2014.04.03 20:06:27.415,1.4255,1.42556,1.32,2.25
2014.04.03 20:06:31.765,1.42551,1.42556,1.19,2.25
2014.04.03 20:06:33.037,1.42551,1.42556,1.19,2.63
2014.04.03 20:06:33.694,1.42551,1.42556,1.19,2.25
2014.04.03 20:06:34.079,1.42549,1.42552,1.69,1.00
2014.04.03 20:06:34.332,1.42547,1.42554,3.38,2.25
2014.04.03 20:06:36.078,1.42547,1.42554,2.63,1.50
2014.04.03 20:06:38.515,1.42549,1.42556,1.32,1.50
2014.04.03 20:06:39.060,1.4255,1.42556,1.50,1.50
2014.04.03 20:06:39.750,1.4255,1.42556,1.50,1.50
2014.04.03 20:06:41.130,1.42551,1.42558,1.19,1.50
2014.04.03 20:06:43.011,1.42551,1.42558,1.00,1.50
2014.04.03 20:06:43.639,1.42551,1.42558,1.38,1.50
2014.04.03 20:06:44.317,1.42551,1.42558,1.57,1.50
2014.04.03 20:06:44.838,1.42553,1.42561,1.88,1.50
2014.04.03 20:06:48.990,1.42553,1.42561,3.57,1.50
2014.04.03 20:06:51.687,1.42553,1.42561,3.57,1.50
2014.04.03 20:06:51.738,1.42555,1.42563,1.88,2.25
2014.04.03 20:06:52.278,1.42557,1.42563,1.32,1.50
2014.04.03 20:06:56.903,1.42557,1.42563,1.19,2.63
2014.04.03 20:06:56.954,1.42555,1.42563,2.44,2.63
2014.04.03 20:06:57.530,1.42555,1.42563,2.44,2.25
2014.04.03 20:06:58.222,1.42555,1.42563,1.50,2.63
2014.04.03 20:06:58.749,1.42555,1.42563,1.50,1.95
2014.04.03 20:06:59.262,1.42554,1.42561,1.50,1.88
2014.04.03 20:07:15.130,1.42554,1.42561,1.00,1.88
2014.04.03 20:07:39.883,1.42554,1.42561,1.19,1.88
2014.04.03 20:07:43.420,1.42554,1.42561,1.19,1.88
2014.04.03 20:07:43.722,1.42553,1.42561,2.44,1.88
2014.04.03 20:07:52.649,1.42553,1.42561,3.00,2.25
2014.04.03 20:07:53.156,1.42553,1.42561,3.00,2.63
2014.04.03 20:07:53.815,1.42553,1.42561,3.00,2.25
2014.04.03 20:07:59.397,1.42553,1.42561,1.69,1.88
2014.04.03 20:07:59.599,1.42553,1.42561,1.69,1.88
2014.04.03 20:07:59.700,1.42553,1.42561,1.69,1.88
2014.04.03 20:08:03.248,1.42553,1.42562,1.69,1.13
2014.04.03 20:08:05.507,1.42553,1.42561,1.69,1.13
2014.04.03 20:08:08.327,1.42555,1.42561,1.19,1.00
2014.04.03 20:08:08.885,1.42555,1.42562,1.19,1.00
2014.04.03 20:08:11.736,1.42557,1.42562,1.19,1.00
2014.04.03 20:08:12.259,1.42557,1.42563,1.19,1.50
2014.04.03 20:08:15.528,1.42556,1.42563,1.69,1.50
2014.04.03 20:08:17.439,1.42556,1.42563,1.00,1.50
2014.04.03 20:08:20.838,1.42556,1.42563,1.69,2.25
2014.04.03 20:08:26.520,1.42556,1.42563,1.69,3.38
2014.04.03 20:08:29.940,1.42556,1.42563,1.69,3.00
2014.04.03 20:08:32.886,1.42556,1.42562,1.19,1.00
2014.04.03 20:08:33.497,1.42556,1.42562,1.19,1.38
2014.04.03 20:08:34.106,1.42556,1.42563,1.19,1.88
2014.04.03 20:08:34.666,1.42555,1.42563,3.57,1.88
2014.04.03 20:08:39.097,1.42556,1.42563,1.19,1.88
2014.04.03 20:08:39.650,1.42556,1.42563,1.19,1.50
2014.04.03 20:08:40.391,1.42557,1.42563,1.19,1.50
2014.04.03 20:08:41.317,1.42557,1.42561,1.19,1.50
2014.04.03 20:08:41.368,1.42555,1.42561,2.07,1.50
2014.04.03 20:08:41.520,1.42555,1.42563,3.57,2.25
2014.04.03 20:08:44.166,1.42555,1.42563,2.63,1.88
2014.04.03 20:08:46.606,1.42555,1.42563,3.00,1.50
2014.04.03 20:08:50.179,1.42557,1.42565,1.50,1.50
2014.04.03 20:08:52.544,1.42559,1.42567,1.50,3.75
2014.04.03 20:09:03.741,1.42559,1.42567,1.69,2.25
2014.04.03 20:09:11.521,1.42559,1.42564,1.25,1.00
2014.04.03 20:09:12.026,1.42558,1.42564,2.25,1.00
2014.04.03 20:09:12.735,1.42558,1.42566,2.25,3.38
2014.04.03 20:09:15.637,1.42558,1.42566,2.25,3.75
2014.04.03 20:09:16.152,1.42558,1.42566,1.50,3.00
2014.04.03 20:09:16.813,1.42558,1.42566,2.44,3.00
2014.04.03 20:09:29.130,1.42558,1.42566,2.25,2.63
2014.04.03 20:09:43.885,1.42558,1.42566,1.50,3.38
2014.04.03 20:09:44.630,1.42558,1.42566,2.25,3.75
2014.04.03 20:09:46.349,1.42558,1.42566,2.44,3.38
2014.04.03 20:09:46.890,1.42558,1.42566,3.19,2.25
2014.04.03 20:09:52.160,1.42558,1.42562,2.44,1.00
2014.04.03 20:09:52.776,1.42557,1.42562,1.19,1.50
2014.04.03 20:09:54.399,1.42555,1.42562,2.07,1.50
2014.04.03 20:09:55.931,1.42555,1.42562,3.00,1.50
2014.04.03 20:09:56.082,1.42558,1.42564,1.32,1.50
2014.04.03 20:10:00.193,1.42557,1.42564,1.25,1.88
2014.04.03 20:10:03.492,1.42556,1.42564,2.44,1.88
2014.04.03 20:10:06.376,1.42556,1.42564,2.63,1.88
2014.04.03 20:10:11.474,1.42556,1.42564,2.63,2.63
2014.04.03 20:10:12.003,1.42556,1.42564,1.88,1.88
2014.04.03 20:10:13.217,1.42556,1.42564,1.88,1.88
2014.04.03 20:10:14.074,1.42556,1.42564,1.88,1.88
2014.04.03 20:10:17.501,1.42555,1.42563,2.44,1.88
2014.04.03 20:10:18.313,1.42555,1.42563,2.44,1.88
2014.04.03 20:10:25.821,1.42556,1.42563,1.32,1.88
2014.04.03 20:10:31.303,1.42555,1.42563,2.82,1.50
2014.04.03 20:10:31.973,1.42555,1.42563,2.44,1.88
2014.04.03 20:10:34.427,1.42555,1.42563,3.19,1.50
2014.04.03 20:10:46.253,1.42557,1.42563,1.32,1.50
2014.04.03 20:10:46.456,1.42559,1.42567,1.50,3.75
2014.04.03 20:10:50.231,1.42559,1.42567,1.50,1.88
2014.04.03 20:10:50.959,1.42559,1.42567,1.50,1.88
2014.04.03 20:10:55.173,1.42559,1.42567,1.69,1.88
2014.04.03 20:10:55.852,1.42559,1.42567,1.69,1.88
2014.04.03 20:11:01.081,1.42559,1.42567,2.07,1.50
2014.04.03 20:11:01.283,1.42562,1.42567,1.00,1.00
2014.04.03 20:11:01.435,1.4256,1.42568,2.44,1.88
2014.04.03 20:11:02.113,1.4256,1.42568,1.50,2.25
2014.04.03 20:11:02.924,1.4256,1.42568,1.50,1.88
2014.04.03 20:11:07.587,1.4256,1.42568,1.50,2.44
2014.04.03 20:11:15.214,1.4256,1.42566,1.50,1.00
2014.04.03 20:11:15.265,1.4256,1.42566,1.50,1.38
2014.04.03 20:11:15.416,1.42557,1.42565,1.50,1.50
2014.04.03 20:11:15.958,1.42557,1.42565,1.50,2.25
2014.04.03 20:11:16.832,1.42555,1.42563,2.44,1.50
2014.04.03 20:11:20.703,1.42555,1.42563,3.19,1.50
2014.04.03 20:11:25.834,1.42557,1.42563,1.19,1.88
2014.04.03 20:11:36.906,1.42557,1.42564,1.19,1.88
2014.04.03 20:11:39.841,1.42558,1.42566,1.50,2.25
2014.04.03 20:11:40.459,1.42558,1.42566,1.50,1.88
2014.04.03 20:11:53.978,1.42559,1.42566,1.00,1.88
2014.04.03 20:11:54.542,1.4256,1.42568,1.50,3.00
2014.04.03 20:11:56.700,1.4256,1.42568,1.50,3.00
2014.04.03 20:12:00.712,1.4256,1.42568,1.50,1.88
2014.04.03 20:12:01.869,1.4256,1.42567,1.69,1.13
2014.04.03 20:12:04.690,1.4256,1.42568,1.69,1.88
2014.04.03 20:12:06.866,1.42562,1.42568,1.00,2.63
2014.04.03 20:12:09.225,1.4256,1.42568,1.50,3.57
2014.04.03 20:12:27.190,1.4256,1.42567,1.50,1.00
2014.04.03 20:12:28.982,1.42562,1.42569,1.50,1.13
2014.04.03 20:12:46.340,1.42564,1.4257,1.50,1.38
2014.04.03 20:12:46.643,1.42568,1.42573,1.00,1.13
2014.04.03 20:12:47.350,1.42566,1.42574,2.25,2.85
2014.04.03 20:12:48.615,1.42566,1.42574,2.25,4.73
2014.04.03 20:12:54.312,1.42566,1.42574,2.25,4.54
2014.04.03 20:13:02.660,1.42566,1.42572,1.00,1.50
2014.04.03 20:13:06.564,1.42566,1.42572,1.00,1.88
2014.04.03 20:13:06.615,1.42564,1.42572,1.69,1.88
2014.04.03 20:13:07.152,1.42564,1.42571,1.50,1.38
2014.04.03 20:13:10.531,1.42566,1.42572,1.00,2.25
2014.04.03 20:13:19.640,1.42566,1.42572,1.00,2.25
2014.04.03 20:13:35.670,1.42566,1.42572,1.00,2.25
2014.04.03 20:13:37.958,1.42567,1.42575,2.44,4.13
2014.04.03 20:13:38.402,1.4257,1.42575,1.00,3.38
2014.04.03 20:13:40.004,1.4257,1.42575,1.00,1.88
2014.04.03 20:13:40.207,1.42571,1.42578,1.88,1.88
2014.04.03 20:13:40.542,1.42573,1.42581,2.07,2.63
2014.04.03 20:13:41.051,1.42573,1.42581,2.07,1.88
2014.04.03 20:13:42.059,1.42573,1.42581,2.82,1.88
2014.04.03 20:13:46.489,1.42573,1.42581,2.82,2.25
2014.04.03 20:13:47.995,1.42574,1.42581,1.19,2.25
2014.04.03 20:13:54.082,1.42574,1.42581,1.19,2.25
2014.04.03 20:13:59.016,1.42575,1.42581,1.19,1.50
2014.04.03 20:14:00.796,1.42575,1.42582,1.19,1.88
2014.04.03 20:14:01.455,1.42575,1.42582,1.00,1.88
2014.04.03 20:14:05.072,1.42575,1.42582,1.00,1.88
2014.04.03 20:14:05.430,1.42572,1.4258,3.57,2.63
2014.04.03 20:14:05.935,1.42572,1.42577,2.25,1.38
2014.04.03 20:14:07.763,1.42572,1.4258,1.50,2.63
2014.04.03 20:14:07.814,1.42572,1.4258,2.25,2.25
2014.04.03 20:14:07.916,1.42574,1.42581,1.50,1.00
2014.04.03 20:14:08.421,1.42575,1.42581,1.00,1.00
2014.04.03 20:14:13.515,1.42577,1.42584,1.00,4.13
2014.04.03 20:14:16.494,1.42577,1.42581,1.00,1.00
2014.04.03 20:14:19.488,1.42577,1.42581,1.00,1.38
2014.04.03 20:14:19.589,1.42575,1.42579,1.00,1.13
2014.04.03 20:14:19.690,1.42573,1.42579,1.00,1.13
2014.04.03 20:14:19.892,1.42573,1.42579,1.00,1.88
2014.04.03 20:14:20.796,1.42572,1.42579,2.25,1.38
2014.04.03 20:14:26.977,1.42572,1.42577,1.50,1.38
2014.04.03 20:14:29.661,1.42569,1.42577,2.25,3.38
2014.04.03 20:14:30.283,1.42569,1.42577,2.25,3.38
2014.04.03 20:14:33.243,1.42569,1.42577,2.25,3.38
2014.04.03 20:14:34.207,1.42569,1.42577,2.25,3.38
2014.04.03 20:14:35.391,1.42569,1.42577,2.25,3.38
2014.04.03 20:14:36.645,1.4257,1.42577,1.38,2.63
2014.04.03 20:14:43.229,1.42569,1.42576,2.63,1.38
2014.04.03 20:14:43.735,1.42569,1.42577,2.82,2.63
2014.04.03 20:14:43.938,1.42569,1.42577,2.82,1.50
2014.04.03 20:14:44.469,1.42575,1.42581,1.00,1.88
2014.04.03 20:14:45.121,1.42576,1.42581,1.00,1.88
2014.04.03 20:14:45.730,1.42576,1.42581,1.00,1.88
2014.04.03 20:14:46.576,1.42578,1.42581,1.00,1.50
2014.04.03 20:14:47.147,1.42578,1.42583,1.00,2.63
2014.04.03 20:14:48.562,1.42571,1.42577,1.13,1.00
2014.04.03 20:14:48.894,1.4257,1.42577,1.88,1.38
2014.04.03 20:14:49.411,1.4257,1.42577,2.63,1.38
2014.04.03 20:14:49.513,1.42573,1.42578,1.00,1.88
2014.04.03 20:14:49.715,1.42573,1.4258,1.00,1.50
2014.04.03 20:14:49.766,1.42576,1.42581,1.00,1.13
2014.04.03 20:14:50.125,1.42578,1.42582,1.00,1.88
2014.04.03 20:14:56.423,1.42578,1.42582,1.00,1.88
2014.04.03 20:14:57.155,1.42578,1.42582,1.00,1.88
2014.04.03 20:15:02.183,1.42578,1.42582,1.00,1.88
2014.04.03 20:15:07.093,1.42578,1.42582,1.00,1.88
2014.04.03 20:15:11.158,1.42578,1.42582,1.00,1.88
2014.04.03 20:15:12.377,1.42575,1.42582,1.00,1.88
2014.04.03 20:15:12.428,1.42575,1.42581,1.00,1.38
2014.04.03 20:15:13.118,1.42572,1.4258,2.25,3.38
2014.04.03 20:15:32.976,1.42572,1.4258,2.25,3.38
2014.04.03 20:15:33.206,1.42572,1.4258,2.25,3.38
2014.04.03 20:15:40.037,1.42573,1.42575,1.00,1.00
2014.04.03 20:15:42.324,1.42573,1.42575,1.00,1.13
2014.04.03 20:15:52.904,1.42573,1.42577,1.00,1.38
2014.04.03 20:15:53.750,1.42573,1.42577,1.00,1.38
2014.04.03 20:15:57.791,1.42573,1.42577,1.00,1.38
2014.04.03 20:16:14.195,1.42573,1.42577,1.00,1.38
2014.04.03 20:16:14.704,1.42573,1.42577,1.00,1.38
2014.04.03 20:16:32.505,1.42578,1.42583,1.00,1.88
2014.04.03 20:16:36.651,1.42578,1.42583,1.00,1.88
2014.04.03 20:16:37.269,1.42578,1.42583,1.00,1.88
2014.04.03 20:16:43.149,1.42578,1.42583,1.00,1.50
2014.04.03 20:16:43.200,1.42578,1.42585,1.00,3.75
2014.04.03 20:16:43.746,1.42579,1.42587,1.69,2.63
2014.04.03 20:16:47.492,1.42579,1.42587,1.69,2.63
2014.04.03 20:16:48.786,1.4258,1.42587,1.00,2.63
2014.04.03 20:17:10.343,1.4258,1.42588,2.44,2.63
2014.04.03 20:17:11.559,1.4258,1.42588,2.44,2.63
2014.04.03 20:17:12.098,1.4258,1.42588,2.44,2.63
2014.04.03 20:17:12.629,1.4258,1.42588,2.44,2.63
2014.04.03 20:17:15.451,1.4258,1.42587,2.44,1.38
2014.04.03 20:17:16.213,1.4258,1.42587,2.44,1.38
2014.04.03 20:17:16.759,1.4258,1.42587,1.69,3.38
2014.04.03 20:17:22.459,1.42578,1.42586,2.25,2.85
2014.04.03 20:17:22.765,1.42576,1.42584,3.00,3.60
2014.04.03 20:17:23.070,1.42573,1.4258,1.69,1.38
2014.04.03 20:17:23.221,1.42575,1.4258,1.00,1.38
2014.04.03 20:17:23.777,1.42575,1.4258,1.50,1.38
2014.04.03 20:17:25.663,1.42576,1.42579,1.00,1.38
2014.04.03 20:17:25.966,1.42573,1.42579,1.50,1.38
2014.04.03 20:17:29.046,1.42574,1.4258,1.00,1.38
2014.04.03 20:17:29.565,1.42573,1.4258,1.50,1.38
2014.04.03 20:17:36.589,1.42573,1.4258,1.50,1.38
2014.04.03 20:17:36.690,1.42573,1.4258,1.50,1.38
2014.04.03 20:17:46.810,1.42574,1.42581,1.50,1.38
2014.04.03 20:17:48.845,1.42574,1.42581,2.25,1.88
2014.04.03 20:17:52.458,1.42574,1.4258,1.00,1.50
2014.04.03 20:17:52.967,1.42572,1.42578,3.19,1.38
2014.04.03 20:17:54.895,1.42574,1.42578,1.00,1.38
2014.04.03 20:17:56.166,1.42572,1.42578,2.44,1.38
2014.04.03 20:17:56.827,1.42572,1.42578,1.50,1.38
2014.04.03 20:18:04.429,1.42572,1.42578,1.50,1.00
2014.04.03 20:18:05.900,1.42572,1.42578,1.50,1.38
2014.04.03 20:18:10.427,1.42572,1.42578,1.50,1.13
2014.04.03 20:18:12.826,1.42571,1.42578,1.69,1.13
2014.04.03 20:18:16.847,1.42571,1.42578,2.44,1.13
2014.04.03 20:18:17.455,1.42571,1.42578,2.44,1.38
2014.04.03 20:18:18.820,1.42571,1.42578,1.50,1.38
2014.04.03 20:18:20.860,1.42571,1.42577,1.50,1.38
2014.04.03 20:18:20.961,1.42568,1.42576,3.00,1.88
2014.04.03 20:18:21.113,1.42566,1.42574,3.75,2.63
2014.04.03 20:18:21.265,1.42566,1.42569,1.00,1.00
2014.04.03 20:18:21.316,1.42564,1.42569,1.88,1.00
2014.04.03 20:18:22.037,1.42564,1.42569,2.25,1.00
2014.04.03 20:18:22.239,1.42564,1.42571,3.57,1.00
2014.04.03 20:18:24.332,1.42564,1.42571,1.69,1.00
2014.04.03 20:18:25.624,1.42564,1.42571,2.44,1.38
2014.04.03 20:18:25.727,1.42564,1.4257,1.25,2.25
2014.04.03 20:18:25.830,1.42562,1.4257,1.50,2.25
2014.04.03 20:18:25.881,1.42562,1.4257,1.50,2.25
2014.04.03 20:18:26.387,1.4256,1.42567,3.19,1.00
2014.04.03 20:18:27.969,1.42562,1.42568,1.25,1.50
2014.04.03 20:18:32.528,1.42562,1.4257,1.69,1.50
2014.04.03 20:18:38.788,1.42562,1.4257,2.44,1.50
2014.04.03 20:18:48.753,1.42563,1.4257,1.69,1.88
2014.04.03 20:18:57.348,1.42563,1.4257,1.69,1.88
2014.04.03 20:18:57.399,1.42562,1.4257,1.50,1.88
2014.04.03 20:18:58.047,1.42562,1.4257,1.50,1.88
2014.04.03 20:18:58.597,1.42562,1.4257,1.50,1.88
2014.04.03 20:19:02.002,1.42562,1.4257,1.50,2.25
2014.04.03 20:19:02.562,1.4256,1.42568,2.44,2.63
2014.04.03 20:19:04.117,1.4256,1.42568,1.69,2.63
2014.04.03 20:19:04.656,1.4256,1.42568,1.69,2.63
2014.04.03 20:19:09.561,1.4256,1.42568,1.69,2.63
2014.04.03 20:19:10.834,1.42558,1.42566,2.44,1.88
2014.04.03 20:19:11.376,1.42558,1.42566,2.44,1.88
2014.04.03 20:19:13.494,1.42558,1.42566,2.44,1.88
2014.04.03 20:19:14.867,1.42558,1.42565,2.44,1.00
2014.04.03 20:19:15.220,1.4256,1.42567,1.50,1.00
2014.04.03 20:19:15.632,1.42559,1.42565,1.25,1.50
2014.04.03 20:19:15.935,1.42557,1.42565,2.25,2.63
2014.04.03 20:19:20.653,1.42557,1.42564,1.00,1.50
2014.04.03 20:19:21.746,1.42557,1.42564,2.63,1.50
2014.04.03 20:19:21.899,1.42559,1.42566,1.50,1.00
2014.04.03 20:19:22.586,1.42559,1.42567,1.69,1.50
2014.04.03 20:19:22.788,1.42561,1.42569,1.50,3.38
2014.04.03 20:19:23.325,1.42561,1.42569,1.50,1.88
2014.04.03 20:19:25.770,1.42561,1.42569,1.69,1.50
2014.04.03 20:19:27.539,1.42563,1.42569,1.00,1.50
2014.04.03 20:19:28.300,1.4256,1.42565,1.00,1.50
2014.04.03 20:19:28.851,1.42558,1.42565,1.19,1.88
2014.04.03 20:19:29.360,1.42557,1.42565,3.19,1.88
2014.04.03 20:19:30.528,1.42557,1.42565,3.19,1.88
2014.04.03 20:19:31.414,1.42559,1.42565,1.00,1.88
2014.04.03 20:19:31.931,1.42557,1.42565,2.44,1.88
2014.04.03 20:19:36.338,1.42557,1.42565,3.19,1.88
2014.04.03 20:19:38.859,1.42557,1.42565,2.44,1.88
2014.04.03 20:19:42.300,1.42559,1.42564,1.00,1.00
2014.04.03 20:19:42.802,1.42559,1.42567,1.69,2.63
2014.04.03 20:19:44.068,1.42559,1.42567,1.69,2.63
2014.04.03 20:19:44.925,1.42559,1.42567,1.69,2.63
2014.04.03 20:19:45.228,1.42557,1.42565,3.19,1.88
2014.04.03 20:19:46.429,1.42557,1.42565,3.19,1.88
2014.04.03 20:19:48.138,1.42557,1.42564,3.19,1.13
2014.04.03 20:19:52.574,1.42557,1.42564,2.25,1.38
2014.04.03 20:19:53.420,1.42559,1.42564,1.00,1.38
2014.04.03 20:19:54.106,1.42559,1.42565,1.00,1.88
2014.04.03 20:19:54.699,1.42559,1.42565,1.00,1.88
2014.04.03 20:19:55.272,1.42559,1.42565,1.00,1.88
2014.04.03 20:19:57.712,1.42559,1.42565,1.00,1.88
2014.04.03 20:19:58.447,1.42559,1.42565,1.00,1.88
2014.04.03 20:20:19.202,1.42559,1.42564,1.69,1.50
2014.04.03 20:20:21.667,1.42559,1.42564,1.69,1.88
2014.04.03 20:20:25.398,1.42559,1.42564,1.00,1.88
2014.04.03 20:20:31.626,1.42559,1.42564,1.00,2.63
2014.04.03 20:20:33.677,1.42559,1.42564,1.00,2.63
2014.04.03 20:20:33.779,1.42557,1.42564,1.25,3.38
2014.04.03 20:20:34.220,1.42554,1.42561,1.50,1.13
2014.04.03 20:20:36.846,1.42556,1.42561,1.00,1.13
2014.04.03 20:20:40.259,1.42556,1.42562,2.44,1.00
2014.04.03 20:20:41.205,1.42556,1.42563,2.44,1.00
2014.04.03 20:20:44.586,1.42557,1.42563,1.00,1.00
2014.04.03 20:20:49.757,1.42558,1.42563,1.00,1.00
2014.04.03 20:20:50.010,1.42559,1.42565,1.00,1.13
2014.04.03 20:20:50.700,1.42559,1.42565,1.00,1.38
2014.04.03 20:20:51.409,1.42559,1.42565,1.00,1.13
2014.04.03 20:21:00.218,1.42559,1.42565,1.00,1.38
2014.04.03 20:21:21.217,1.42559,1.42565,1.00,3.00
2014.04.03 20:21:21.957,1.42559,1.42565,1.00,3.00
2014.04.03 20:21:22.008,1.42557,1.42565,3.00,3.00
2014.04.03 20:21:31.258,1.42557,1.42564,1.25,1.88
2014.04.03 20:21:31.877,1.42557,1.42564,1.25,1.88
2014.04.03 20:21:41.653,1.42557,1.42564,1.25,1.50
2014.04.03 20:21:41.754,1.42559,1.42564,1.19,1.50
2014.04.03 20:21:41.956,1.4256,1.42566,1.25,1.50
2014.04.03 20:21:44.599,1.42562,1.42566,1.00,1.50
2014.04.03 20:21:44.650,1.42562,1.42568,1.00,2.25
2014.04.03 20:21:48.536,1.42562,1.42566,1.00,1.50
2014.04.03 20:21:49.535,1.4256,1.42566,1.00,2.63
2014.04.03 20:21:49.888,1.42557,1.42564,1.88,1.88
2014.04.03 20:21:58.085,1.42557,1.42564,1.69,1.88
2014.04.03 20:22:04.580,1.42557,1.4256,1.69,1.00
2014.04.03 20:22:04.631,1.42554,1.4256,1.25,1.50
2014.04.03 20:22:04.783,1.42553,1.42558,1.13,1.38
2014.04.03 20:22:04.884,1.42552,1.42556,1.69,1.00
2014.04.03 20:22:05.187,1.42552,1.42558,1.50,3.00
2014.04.03 20:22:05.288,1.42556,1.42558,1.00,1.00
2014.04.03 20:22:05.389,1.42556,1.42561,1.00,2.25
2014.04.03 20:22:12.141,1.42556,1.42561,1.19,1.50
2014.04.03 20:22:27.018,1.42553,1.42561,3.94,1.50
2014.04.03 20:22:30.931,1.42554,1.42561,1.69,1.50
2014.04.03 20:22:35.481,1.4255,1.42554,1.75,1.88
2014.04.03 20:22:35.535,1.42549,1.42554,1.00,1.88
2014.04.03 20:22:35.838,1.42546,1.42554,1.69,1.88
2014.04.03 20:22:37.367,1.42546,1.42554,1.69,2.63
2014.04.03 20:22:37.938,1.42548,1.42554,1.00,1.50
2014.04.03 20:22:41.478,1.42548,1.42554,1.19,1.50
2014.04.03 20:22:41.630,1.42548,1.42556,2.44,3.38
2014.04.03 20:22:43.335,1.4255,1.42556,1.00,1.88
2014.04.03 20:22:43.896,1.4255,1.42556,1.00,1.88
2014.04.03 20:22:44.199,1.42548,1.42553,1.00,1.88
2014.04.03 20:22:49.285,1.42548,1.42555,1.25,1.88
2014.04.03 20:22:51.778,1.42548,1.42555,1.25,1.88
2014.04.03 20:22:52.307,1.42548,1.42555,1.19,1.50
2014.04.03 20:22:54.424,1.42549,1.42555,1.19,1.50
2014.04.03 20:23:00.915,1.42549,1.42557,2.44,1.88
2014.04.03 20:23:01.629,1.4255,1.42557,1.19,1.88
2014.04.03 20:23:03.593,1.4255,1.42557,1.19,1.88
2014.04.03 20:23:07.345,1.4255,1.42557,1.19,1.88
2014.04.03 20:23:07.447,1.42548,1.42554,1.25,1.88
2014.04.03 20:23:10.470,1.42548,1.42554,1.00,1.50
2014.04.03 20:23:10.723,1.4255,1.42556,1.00,1.88
2014.04.03 20:23:10.976,1.42554,1.4256,1.00,1.88
2014.04.03 20:23:11.860,1.42554,1.42561,1.50,2.07
2014.04.03 20:23:15.228,1.42554,1.42561,1.50,1.38
2014.04.03 20:23:20.055,1.42554,1.42561,1.50,1.38
2014.04.03 20:23:20.495,1.42554,1.42561,1.50,1.38
2014.04.03 20:23:21.920,1.42554,1.42561,1.69,1.38
2014.04.03 20:23:22.390,1.42554,1.42562,1.50,1.88
2014.04.03 20:23:23.939,1.42554,1.4256,1.00,1.00
2014.04.03 20:23:24.040,1.42552,1.4256,1.69,3.38
2014.04.03 20:23:24.193,1.42551,1.42558,1.00,2.63
2014.04.03 20:23:24.773,1.4255,1.42557,1.69,1.38
2014.04.03 20:23:26.183,1.4255,1.42557,1.69,1.38
2014.04.03 20:23:28.290,1.4255,1.42557,2.44,1.88
2014.04.03 20:23:28.391,1.42552,1.42557,1.50,1.00
2014.04.03 20:23:28.949,1.42552,1.42558,1.50,1.13
2014.04.03 20:23:37.438,1.42552,1.4256,1.69,2.63
2014.04.03 20:23:39.815,1.42552,1.4256,1.69,2.63
2014.04.03 20:23:41.874,1.42552,1.4256,1.69,2.63
2014.04.03 20:23:42.777,1.42552,1.4256,1.69,1.88
2014.04.03 20:23:48.753,1.42553,1.4256,1.00,1.13
2014.04.03 20:23:52.822,1.42553,1.42561,1.50,2.63
2014.04.03 20:23:54.174,1.42553,1.42561,1.50,3.38
2014.04.03 20:24:02.242,1.42553,1.42561,2.44,2.63
2014.04.03 20:24:02.504,1.42553,1.42559,1.19,2.63
2014.04.03 20:24:02.657,1.42551,1.42557,3.19,1.38
2014.04.03 20:24:04.441,1.42551,1.42557,2.44,1.38
2014.04.03 20:24:07.266,1.42551,1.42557,2.25,1.38
2014.04.03 20:24:09.303,1.42551,1.42558,2.44,1.38
2014.04.03 20:24:09.901,1.42551,1.42558,2.44,1.38
2014.04.03 20:24:13.999,1.42551,1.42558,2.44,1.00
2014.04.03 20:24:14.501,1.42551,1.42559,3.19,1.88
2014.04.03 20:24:15.067,1.42553,1.42561,2.25,3.38
2014.04.03 20:24:22.786,1.42553,1.42561,2.25,3.38
2014.04.03 20:24:23.956,1.42553,1.42561,2.25,3.38
2014.04.03 20:24:24.489,1.42553,1.42561,2.44,2.63
2014.04.03 20:24:27.483,1.42554,1.42561,1.19,2.63
2014.04.03 20:24:28.158,1.42554,1.42561,1.19,1.88
2014.04.03 20:24:29.300,1.42553,1.4256,2.44,1.88
2014.04.03 20:24:29.807,1.42553,1.4256,2.44,1.38
2014.04.03 20:24:36.577,1.42553,1.42561,2.25,1.88
2014.04.03 20:24:36.628,1.42555,1.42563,1.50,2.63
2014.04.03 20:24:37.221,1.42556,1.42563,1.00,1.88
2014.04.03 20:24:37.779,1.42556,1.42563,1.00,1.88
2014.04.03 20:24:41.183,1.42551,1.42558,2.85,1.38
2014.04.03 20:24:41.693,1.42553,1.42559,1.00,1.88
2014.04.03 20:24:42.507,1.42552,1.42557,1.30,1.38
2014.04.03 20:24:43.798,1.42553,1.42557,1.00,1.38
2014.04.03 20:24:44.050,1.42553,1.42561,1.50,2.82
2014.04.03 20:24:44.102,1.42555,1.42561,1.00,2.82
2014.04.03 20:24:46.408,1.42555,1.42561,1.00,2.63
2014.04.03 20:24:47.229,1.42555,1.42557,1.00,1.00
2014.04.03 20:24:47.432,1.42552,1.42556,1.30,1.00
2014.04.03 20:24:53.768,1.42552,1.42558,1.30,1.38
2014.04.03 20:24:57.844,1.42552,1.42555,1.30,1.38
2014.04.03 20:25:12.130,1.42551,1.42556,1.50,1.38
2014.04.03 20:25:14.002,1.4255,1.42555,1.23,1.50
2014.04.03 20:25:14.104,1.42551,1.42559,2.85,1.88
2014.04.03 20:25:14.308,1.42553,1.42559,1.00,1.50
2014.04.03 20:25:14.561,1.42555,1.42561,1.50,1.19
2014.04.03 20:25:14.763,1.42555,1.42562,2.82,1.13
2014.04.03 20:25:15.742,1.42555,1.42562,2.82,1.38
2014.04.03 20:25:17.452,1.42557,1.42563,1.19,1.50
2014.04.03 20:25:27.572,1.42558,1.42565,1.00,2.25
2014.04.03 20:25:27.623,1.42559,1.42565,1.19,2.25
2014.04.03 20:25:29.516,1.42561,1.42565,1.50,1.00
2014.04.03 20:25:29.618,1.42561,1.42568,1.50,1.38
2014.04.03 20:25:30.132,1.4256,1.42566,1.00,1.13
2014.04.03 20:25:31.945,1.42557,1.42565,5.82,1.50
2014.04.03 20:25:33.149,1.42559,1.42565,1.00,1.50
2014.04.03 20:25:34.315,1.42559,1.42565,1.19,1.50
2014.04.03 20:25:34.863,1.42559,1.42567,5.07,1.50
2014.04.03 20:25:34.915,1.42563,1.42567,1.00,1.00
2014.04.03 20:25:34.966,1.42565,1.42571,1.13,3.00
2014.04.03 20:25:35.069,1.42566,1.42573,1.88,1.13
2014.04.03 20:25:35.374,1.4257,1.42578,1.50,3.38
2014.04.03 20:25:35.891,1.4257,1.42578,1.50,1.88
2014.04.03 20:25:38.063,1.42571,1.42578,1.19,1.88
2014.04.03 20:25:41.173,1.42572,1.42578,1.19,1.50
2014.04.03 20:25:41.496,1.42572,1.4258,2.44,1.50
2014.04.03 20:25:42.447,1.42572,1.4258,1.50,1.50
2014.04.03 20:25:48.993,1.42573,1.4258,1.73,1.50
2014.04.03 20:25:49.095,1.42576,1.42584,2.82,2.63
2014.04.03 20:25:49.146,1.42579,1.42584,1.00,1.88
2014.04.03 20:25:49.449,1.42581,1.42585,1.50,1.00
2014.04.03 20:25:49.883,1.42581,1.42582,1.00,1.00
2014.04.03 20:25:49.934,1.42578,1.42582,1.50,1.00
2014.04.03 20:25:49.985,1.42576,1.42584,3.38,2.63
2014.04.03 20:25:50.086,1.42576,1.42584,1.88,2.25
2014.04.03 20:25:50.137,1.42578,1.42584,2.25,1.00
2014.04.03 20:25:50.440,1.42582,1.42588,1.00,2.44
2014.04.03 20:25:52.291,1.42582,1.42588,1.50,1.63
2014.04.03 20:25:52.549,1.42575,1.42582,3.94,1.50
2014.04.03 20:25:52.650,1.42576,1.42584,2.44,1.50
2014.04.03 20:25:52.752,1.42576,1.42584,1.69,1.88
2014.04.03 20:25:52.853,1.42576,1.42584,1.69,1.50
2014.04.03 20:25:52.905,1.42578,1.42585,1.50,1.13
2014.04.03 20:25:56.611,1.42578,1.42586,2.44,2.63
2014.04.03 20:26:00.005,1.4258,1.42586,1.50,1.13
2014.04.03 20:26:02.406,1.4258,1.42588,2.25,3.38
2014.04.03 20:26:03.279,1.4258,1.42588,3.57,2.25
2014.04.03 20:26:03.651,1.42582,1.4259,1.50,1.88
2014.04.03 20:26:04.124,1.42582,1.42588,1.50,1.00
2014.04.03 20:26:04.618,1.42585,1.42588,1.50,1.00
2014.04.03 20:26:04.820,1.42585,1.42591,1.50,1.13
2014.04.03 20:26:04.921,1.42587,1.42592,1.50,1.38
2014.04.03 20:26:05.124,1.42587,1.42595,1.50,3.38
2014.04.03 20:26:07.165,1.42587,1.42595,1.50,2.25
2014.04.03 20:26:07.483,1.42585,1.42593,2.25,1.50
2014.04.03 20:26:08.026,1.42585,1.42593,2.25,1.88
2014.04.03 20:26:11.259,1.42585,1.42593,1.50,1.88
2014.04.03 20:26:11.772,1.42585,1.42593,1.88,1.50
2014.04.03 20:26:11.924,1.42589,1.42595,1.00,1.69
2014.04.03 20:26:12.025,1.42591,1.42597,1.00,1.88
2014.04.03 20:26:12.278,1.42591,1.42599,1.50,1.88
2014.04.03 20:26:13.258,1.42593,1.42601,1.50,3.38
2014.04.03 20:26:13.889,1.42593,1.42598,1.00,1.00
2014.04.03 20:26:13.940,1.42591,1.42598,1.50,2.25
2014.04.03 20:26:13.991,1.42591,1.42596,1.50,1.38
2014.04.03 20:26:14.042,1.42588,1.42596,1.50,1.88
2014.04.03 20:26:14.143,1.42586,1.42594,3.00,1.88
2014.04.03 20:26:20.058,1.42587,1.42594,1.00,1.50
2014.04.03 20:26:21.724,1.42588,1.42596,2.25,3.38
2014.04.03 20:26:22.080,1.42588,1.42596,4.32,1.50
2014.04.03 20:26:24.774,1.4259,1.42596,1.00,1.00
2014.04.03 20:26:24.825,1.4259,1.42598,1.50,3.38
2014.04.03 20:26:24.876,1.42592,1.42598,1.00,1.88
2014.04.03 20:26:25.380,1.42592,1.42599,1.50,1.13
2014.04.03 20:26:27.411,1.42592,1.42598,1.00,1.00
2014.04.03 20:26:27.951,1.42591,1.42598,1.32,1.50
2014.04.03 20:26:28.253,1.4259,1.42596,1.00,1.50
2014.04.03 20:26:28.405,1.4259,1.42598,2.25,2.25
2014.04.03 20:26:28.456,1.42592,1.42598,1.00,1.50
2014.04.03 20:26:29.040,1.42592,1.426,2.25,2.25
2014.04.03 20:26:30.365,1.42592,1.426,3.19,1.88
2014.04.03 20:26:35.293,1.42594,1.42602,1.50,3.75
2014.04.03 20:26:38.952,1.42596,1.42601,1.00,1.00
2014.04.03 20:26:39.891,1.42596,1.42603,1.50,2.63
2014.04.03 20:26:40.093,1.42594,1.426,1.50,1.38
2014.04.03 20:26:49.998,1.42589,1.42597,1.88,3.75
2014.04.03 20:26:50.520,1.42591,1.42598,1.50,1.50
2014.04.03 20:26:51.146,1.42591,1.42599,1.50,3.00
2014.04.03 20:26:52.210,1.42591,1.42599,2.44,3.00
2014.04.03 20:26:54.663,1.42593,1.42599,1.00,1.88
2014.04.03 20:27:01.012,1.42591,1.42599,3.00,2.25
2014.04.03 20:27:03.922,1.42591,1.42599,3.19,1.88
2014.04.03 20:27:08.938,1.42591,1.42599,2.25,1.88
2014.04.03 20:27:10.863,1.42592,1.426,1.50,2.63
2014.04.03 20:27:12.033,1.42592,1.426,1.50,2.63
2014.04.03 20:27:17.742,1.42592,1.426,2.25,4.13
2014.04.03 20:27:23.488,1.42592,1.426,2.44,3.38
2014.04.03 20:27:24.481,1.42592,1.426,1.69,2.63
2014.04.03 20:27:25.902,1.42592,1.426,2.25,2.25
2014.04.03 20:27:26.003,1.42594,1.426,1.00,1.50
2014.04.03 20:27:26.105,1.42594,1.42602,2.63,1.50
2014.04.03 20:27:26.206,1.42597,1.42602,1.00,1.50
2014.04.03 20:27:26.711,1.42598,1.42605,1.00,2.63
2014.04.03 20:27:27.131,1.426,1.42605,1.00,1.50
2014.04.03 20:27:28.680,1.426,1.42607,1.00,2.63
2014.04.03 20:27:29.169,1.42599,1.42605,2.25,1.00
2014.04.03 20:27:39.879,1.42599,1.42605,2.44,1.00
2014.04.03 20:27:47.372,1.42601,1.42607,1.00,1.88
2014.04.03 20:27:47.523,1.42601,1.42608,2.44,1.00
2014.04.03 20:27:48.069,1.42601,1.42609,3.19,2.63
2014.04.03 20:27:56.243,1.42602,1.42609,1.19,2.63
2014.04.03 20:27:59.486,1.42602,1.42609,1.19,2.63
2014.04.03 20:28:00.532,1.42601,1.42609,1.69,2.63
2014.04.03 20:28:00.784,1.426,1.42607,1.19,2.63
2014.04.03 20:28:00.987,1.42597,1.42604,1.69,1.88
2014.04.03 20:28:03.504,1.42596,1.42603,1.69,1.38
2014.04.03 20:28:05.091,1.42596,1.42604,1.69,2.63
2014.04.03 20:28:06.533,1.42596,1.42604,2.44,2.63
2014.04.03 20:28:11.407,1.42597,1.42604,1.00,2.63
2014.04.03 20:28:11.966,1.42597,1.42604,1.00,2.63
2014.04.03 20:28:15.342,1.42596,1.42604,2.44,2.25
2014.04.03 20:28:15.547,1.42599,1.42604,1.00,2.25
2014.04.03 20:28:15.598,1.42599,1.42606,1.00,1.50
2014.04.03 20:28:18.448,1.42599,1.42606,1.32,1.50
2014.04.03 20:28:18.823,1.426,1.42608,2.44,2.25
2014.04.03 20:28:19.883,1.42601,1.42608,1.19,2.25
2014.04.03 20:28:24.873,1.42602,1.42609,1.69,1.00
2014.04.03 20:28:28.576,1.42602,1.4261,1.50,2.25
2014.04.03 20:28:29.252,1.42602,1.4261,2.82,2.25
2014.04.03 20:28:29.896,1.42604,1.4261,1.00,1.00
2014.04.03 20:28:30.409,1.42604,1.42611,1.50,1.00
2014.04.03 20:28:32.950,1.42604,1.4261,1.50,1.00
2014.04.03 20:28:38.903,1.42606,1.4261,1.00,1.00
2014.04.03 20:28:39.004,1.42608,1.42613,1.00,1.00
2014.04.03 20:28:39.156,1.4261,1.42617,2.10,3.27
2014.04.03 20:28:39.207,1.42611,1.42618,1.05,5.25
2014.04.03 20:28:39.257,1.42614,1.42618,1.35,4.50
2014.04.03 20:28:39.780,1.42614,1.42619,2.25,1.38
2014.04.03 20:28:40.293,1.42614,1.42619,2.25,1.38
2014.04.03 20:28:42.702,1.42614,1.42619,3.42,1.38
2014.04.03 20:28:43.946,1.42614,1.4262,3.42,1.00
2014.04.03 20:28:44.148,1.42618,1.42621,1.00,1.00
2014.04.03 20:28:44.351,1.42619,1.42625,1.00,1.00
2014.04.03 20:28:45.830,1.42619,1.42624,1.00,1.75
2014.04.03 20:28:46.336,1.42618,1.42622,2.44,1.00
2014.04.03 20:28:51.016,1.42618,1.42621,3.00,1.00
2014.04.03 20:28:51.555,1.42618,1.4262,2.25,1.00
2014.04.03 20:28:52.958,1.42616,1.4262,1.50,1.75
2014.04.03 20:28:53.313,1.42614,1.42619,4.32,1.88
2014.04.03 20:28:54.181,1.42614,1.42618,2.44,1.38
2014.04.03 20:28:58.929,1.42614,1.42617,3.04,1.00
2014.04.03 20:28:59.473,1.42614,1.42618,3.04,1.75
2014.04.03 20:28:59.576,1.42614,1.42618,2.44,1.75
2014.04.03 20:29:00.657,1.42614,1.42619,2.44,1.13
2014.04.03 20:29:01.173,1.42614,1.42619,1.69,1.38
2014.04.03 20:29:01.679,1.42613,1.42619,1.19,1.38
2014.04.03 20:29:02.025,1.42613,1.42619,1.19,1.38
2014.04.03 20:29:04.037,1.42612,1.4262,3.42,3.38
2014.04.03 20:29:04.917,1.42612,1.42617,2.67,1.38
2014.04.03 20:29:05.498,1.42612,1.42617,2.67,1.13
2014.04.03 20:29:05.602,1.42612,1.42619,2.67,2.25
2014.04.03 20:29:05.961,1.42612,1.42617,2.67,1.00
2014.04.03 20:29:07.063,1.42612,1.42619,2.67,1.50
2014.04.03 20:29:07.568,1.42612,1.42619,1.73,1.50
2014.04.03 20:29:07.882,1.42612,1.42619,4.02,2.25
2014.04.03 20:29:07.983,1.42612,1.42619,1.73,1.50
2014.04.03 20:29:11.474,1.42612,1.4262,1.73,3.38
2014.04.03 20:29:12.022,1.42613,1.4262,2.10,3.38
2014.04.03 20:29:12.552,1.42613,1.4262,2.48,3.38
2014.04.03 20:29:13.212,1.42613,1.4262,2.10,2.63
2014.04.03 20:29:13.262,1.42612,1.4262,1.73,2.63
2014.04.03 20:29:13.820,1.42613,1.4262,1.00,3.38
2014.04.03 20:29:15.516,1.42612,1.4262,1.92,4.13
2014.04.03 20:29:17.686,1.42612,1.42619,1.92,1.38
2014.04.03 20:29:18.705,1.42612,1.42619,4.58,1.38
2014.04.03 20:29:19.050,1.42612,1.42619,4.95,1.00
2014.04.03 20:29:20.919,1.42614,1.4262,1.19,2.25
2014.04.03 20:29:20.969,1.42614,1.4262,1.19,2.63
2014.04.03 20:29:22.805,1.42614,1.42618,1.19,1.88
2014.04.03 20:29:24.602,1.42609,1.42612,1.19,1.00
2014.04.03 20:29:25.334,1.42609,1.42612,1.19,1.00
2014.04.03 20:29:25.435,1.42608,1.42609,1.00,1.50
2014.04.03 20:29:25.486,1.42605,1.42609,1.19,1.50
2014.04.03 20:29:25.537,1.42601,1.42607,1.19,2.45
2014.04.03 20:29:25.588,1.426,1.42603,1.19,1.13
2014.04.03 20:29:25.639,1.426,1.42603,1.19,1.13
2014.04.03 20:29:25.992,1.426,1.42603,1.19,1.13
2014.04.03 20:29:26.285,1.42598,1.426,1.19,1.13
2014.04.03 20:29:26.639,1.42597,1.426,1.19,1.50
2014.04.03 20:29:27.484,1.42595,1.42597,2.07,1.00
2014.04.03 20:29:28.056,1.42595,1.42598,2.07,1.00
2014.04.03 20:29:29.370,1.42595,1.42599,2.07,1.13
2014.04.03 20:29:34.798,1.42594,1.42599,1.57,1.38
2014.04.03 20:29:35.157,1.42594,1.42599,1.57,1.38
2014.04.03 20:29:35.692,1.42592,1.42594,1.19,1.13
2014.04.03 20:29:35.995,1.42589,1.42595,1.19,1.38
2014.04.03 20:29:37.773,1.42593,1.42595,1.50,1.13
2014.04.03 20:29:38.090,1.42594,1.42597,1.50,3.75
2014.04.03 20:29:38.494,1.42596,1.42598,1.19,1.50
2014.04.03 20:29:38.743,1.42596,1.426,1.19,1.50
2014.04.03 20:29:39.966,1.42596,1.42601,2.44,1.50
2014.04.03 20:29:40.508,1.42598,1.42601,1.69,1.00
2014.04.03 20:29:41.079,1.42598,1.42603,1.69,2.25
2014.04.03 20:29:44.017,1.42598,1.42603,1.69,1.50
2014.04.03 20:29:46.209,1.42599,1.42603,1.19,1.50
2014.04.03 20:29:47.538,1.42598,1.42603,2.25,1.50
2014.04.03 20:29:52.764,1.42598,1.42602,1.50,1.00
2014.04.03 20:29:53.857,1.42598,1.42601,1.00,1.00
2014.04.03 20:29:53.908,1.42596,1.42601,2.44,1.38
2014.04.03 20:29:54.110,1.42594,1.42601,2.44,1.38
2014.04.03 20:29:55.000,1.42594,1.42601,2.44,4.88
2014.04.03 20:29:55.522,1.42594,1.42598,2.44,1.00
2014.04.03 20:29:56.777,1.42594,1.42597,2.44,1.50
2014.04.03 20:29:58.428,1.42594,1.42597,1.50,1.50
2014.04.03 20:29:58.745,1.42592,1.42595,1.00,1.50
2014.04.03 20:29:59.588,1.4259,1.42594,1.19,1.13
2014.04.03 20:30:00.204,1.4259,1.42591,1.00,1.50
2014.04.03 20:30:00.730,1.42589,1.42591,1.19,1.50
2014.04.03 20:30:01.416,1.42587,1.42589,1.50,3.75
2014.04.03 20:30:01.518,1.42586,1.42589,1.19,3.75
2014.04.03 20:30:01.785,1.42586,1.42587,1.00,2.25
2014.04.03 20:30:02.685,1.42586,1.42588,1.19,3.00
2014.04.03 20:30:03.219,1.42586,1.42587,1.00,1.50
2014.04.03 20:30:06.444,1.42592,1.42596,1.19,1.00
2014.04.03 20:30:06.501,1.42593,1.42596,1.19,1.00
2014.04.03 20:30:07.203,1.42593,1.42596,1.19,3.00
2014.04.03 20:30:09.253,1.42592,1.42594,2.10,2.25
2014.04.03 20:30:09.617,1.42593,1.42596,2.44,3.75
2014.04.03 20:30:10.240,1.42595,1.42596,1.00,3.75
2014.04.03 20:30:10.697,1.42595,1.42597,1.19,1.00
2014.04.03 20:30:10.899,1.42594,1.42595,1.50,1.50
2014.04.03 20:30:11.570,1.42591,1.42595,1.69,1.50
2014.04.03 20:30:12.143,1.42591,1.42594,1.19,2.25
2014.04.03 20:30:12.194,1.42591,1.42593,1.00,1.50
2014.04.03 20:30:15.560,1.42589,1.42593,1.38,3.75
2014.04.03 20:30:16.087,1.42589,1.42593,1.00,3.75
2014.04.03 20:30:18.057,1.42591,1.42593,1.00,1.13
2014.04.03 20:30:18.677,1.42591,1.42594,1.00,3.75
2014.04.03 20:30:22.200,1.42592,1.42594,1.00,1.50
2014.04.03 20:30:22.554,1.42589,1.42594,2.25,3.38
2014.04.03 20:30:22.605,1.42589,1.42594,1.00,3.38
2014.04.03 20:30:22.656,1.42585,1.4259,1.00,1.50
2014.04.03 20:30:23.072,1.42586,1.42589,1.00,2.25
2014.04.03 20:30:23.752,1.42587,1.42589,1.00,2.25
2014.04.03 20:30:24.287,1.42587,1.42591,1.00,3.75
2014.04.03 20:30:24.785,1.42588,1.42591,1.19,1.13
2014.04.03 20:30:25.156,1.42588,1.4259,1.00,2.63
2014.04.03 20:30:25.207,1.42586,1.42588,1.00,3.00
2014.04.03 20:30:25.308,1.42579,1.42585,1.57,3.38
2014.04.03 20:30:25.510,1.42577,1.42582,1.19,3.75
2014.04.03 20:30:25.712,1.42579,1.42582,1.00,2.25
2014.04.03 20:30:25.813,1.42577,1.4258,1.50,1.50
2014.04.03 20:30:26.540,1.42577,1.42584,2.25,1.50
2014.04.03 20:30:26.805,1.42577,1.42584,4.88,1.50
2014.04.03 20:30:27.147,1.42581,1.42585,1.00,2.25
2014.04.03 20:30:28.502,1.42582,1.42587,1.19,2.25
2014.04.03 20:30:30.480,1.42582,1.42587,1.19,1.50
2014.04.03 20:30:32.726,1.42582,1.42586,1.00,3.75
2014.04.03 20:30:34.381,1.42583,1.42586,1.19,3.75
2014.04.03 20:30:38.382,1.42584,1.42586,1.19,1.50
2014.04.03 20:30:42.157,1.42584,1.42587,1.19,2.25
2014.04.03 20:30:43.417,1.42585,1.42587,1.19,1.50
2014.04.03 20:30:45.208,1.42584,1.42586,1.00,2.25
2014.04.03 20:30:45.310,1.42581,1.42586,1.19,3.00
2014.04.03 20:30:45.361,1.4258,1.42584,1.32,1.50
2014.04.03 20:30:45.513,1.42577,1.42584,1.57,1.50
2014.04.03 20:30:47.227,1.42577,1.42582,1.32,1.00
2014.04.03 20:30:51.778,1.42578,1.42582,1.19,1.50
2014.04.03 20:30:52.284,1.42578,1.42582,1.19,1.50
2014.04.03 20:30:53.075,1.42578,1.42584,1.19,1.50
2014.04.03 20:30:55.699,1.42576,1.42584,1.32,1.50
2014.04.03 20:30:57.010,1.42577,1.42584,1.19,2.25
2014.04.03 20:30:58.681,1.42576,1.42581,1.19,1.00
2014.04.03 20:30:58.782,1.42574,1.42581,1.19,1.50
2014.04.03 20:30:58.833,1.42574,1.42579,1.19,1.00
2014.04.03 20:31:01.561,1.4257,1.42579,2.29,1.50
2014.04.03 20:31:01.732,1.42566,1.42575,1.69,1.88
2014.04.03 20:31:02.318,1.42566,1.42575,1.69,1.88
2014.04.03 20:31:08.646,1.42566,1.42575,2.44,1.50
2014.04.03 20:31:11.234,1.42567,1.42577,1.69,2.63
2014.04.03 20:31:16.873,1.42566,1.42575,2.44,1.50
2014.04.03 20:31:17.603,1.42566,1.42574,1.19,1.00
2014.04.03 20:31:18.767,1.42566,1.42575,2.07,1.50
2014.04.03 20:31:20.059,1.42566,1.42575,2.07,1.50
2014.04.03 20:31:22.892,1.42566,1.42575,1.69,1.88
2014.04.03 20:31:23.195,1.42562,1.42571,1.69,4.13
2014.04.03 20:31:23.246,1.42562,1.42571,1.69,4.13
2014.04.03 20:31:23.868,1.42562,1.42571,2.29,4.13
2014.04.03 20:31:23.974,1.42562,1.42571,2.29,2.25
2014.04.03 20:31:24.126,1.42563,1.42573,3.19,1.50
2014.04.03 20:31:24.429,1.42566,1.42576,2.82,1.50
2014.04.03 20:31:24.732,1.42568,1.42577,2.44,2.25
2014.04.03 20:31:27.264,1.42568,1.42577,1.69,1.50
2014.04.03 20:31:31.474,1.4257,1.42579,1.69,1.50
2014.04.03 20:31:34.271,1.4257,1.42579,2.44,1.50
2014.04.03 20:31:38.980,1.42572,1.42579,2.82,1.50
2014.04.03 20:31:39.031,1.42573,1.42582,2.07,1.50
2014.04.03 20:31:39.284,1.42574,1.42582,1.19,1.50
2014.04.03 20:31:39.386,1.42575,1.42584,1.69,1.50
2014.04.03 20:31:41.525,1.42577,1.42586,1.69,1.50
2014.04.03 20:31:44.951,1.42577,1.42586,3.57,1.50
2014.04.03 20:31:45.002,1.42579,1.42588,2.07,1.50
2014.04.03 20:31:45.205,1.42579,1.42588,2.82,1.50
2014.04.03 20:31:45.459,1.42581,1.4259,1.69,1.50
2014.04.03 20:31:49.072,1.42581,1.42589,1.69,1.38
2014.04.03 20:31:49.590,1.42581,1.42587,1.50,1.13
2014.04.03 20:31:58.211,1.42581,1.42587,1.69,1.00
2014.04.03 20:31:58.262,1.42581,1.4259,1.69,1.88
2014.04.03 20:31:58.774,1.42584,1.42593,1.50,1.50
2014.04.03 20:31:59.290,1.42585,1.42594,1.50,1.00
2014.04.03 20:32:01.418,1.42585,1.42588,1.00,1.00
2014.04.03 20:32:01.721,1.42578,1.42583,1.13,1.38
2014.04.03 20:32:01.873,1.42575,1.42583,1.00,3.00
2014.04.03 20:32:02.125,1.42574,1.42583,1.50,2.63
2014.04.03 20:32:03.303,1.42574,1.42583,1.50,3.00
2014.04.03 20:32:03.506,1.42571,1.42578,1.50,1.13
2014.04.03 20:32:05.159,1.42572,1.42582,1.50,2.63
2014.04.03 20:32:05.851,1.42574,1.42583,1.50,2.25
2014.04.03 20:32:06.420,1.42574,1.42583,1.50,1.88
2014.04.03 20:32:07.199,1.42576,1.42585,1.50,1.50
2014.04.03 20:32:07.502,1.4258,1.42586,1.50,1.00
2014.04.03 20:32:07.553,1.42578,1.42586,1.50,1.00
2014.04.03 20:32:08.061,1.42578,1.42587,1.50,1.88
2014.04.03 20:32:21.164,1.42578,1.42587,1.69,1.50
2014.04.03 20:32:22.077,1.42578,1.42587,1.69,1.50
2014.04.03 20:32:27.079,1.42578,1.42584,2.07,1.00
2014.04.03 20:32:40.471,1.42577,1.42586,2.82,1.50
2014.04.03 20:32:43.780,1.42577,1.42585,2.07,1.00
2014.04.03 20:32:47.768,1.42577,1.42584,1.32,1.00
2014.04.03 20:32:48.567,1.42578,1.42585,1.88,1.00
2014.04.03 20:32:48.721,1.42578,1.42585,1.88,1.00
2014.04.03 20:32:48.772,1.4258,1.42587,1.38,1.50
2014.04.03 20:32:48.974,1.42581,1.42589,1.88,1.50
2014.04.03 20:32:49.025,1.42581,1.42589,1.00,1.50
2014.04.03 20:32:49.126,1.42582,1.42591,1.50,1.13
2014.04.03 20:32:49.664,1.42581,1.4259,1.69,1.50
2014.04.03 20:32:51.075,1.42581,1.42587,1.69,1.00
2014.04.03 20:32:51.227,1.42579,1.42587,2.07,1.00
2014.04.03 20:32:56.310,1.42579,1.42588,1.69,2.25
2014.04.03 20:32:57.989,1.42579,1.42588,2.44,2.25
2014.04.03 20:33:01.865,1.42579,1.42588,1.69,2.25
2014.04.03 20:33:03.482,1.42579,1.42588,2.44,2.25
2014.04.03 20:33:10.076,1.42579,1.42588,1.69,2.25
2014.04.03 20:33:22.982,1.4258,1.42588,1.69,1.00
2014.04.03 20:33:24.199,1.4258,1.42588,1.69,1.00
2014.04.03 20:33:28.385,1.4258,1.42588,1.69,1.00
2014.04.03 20:33:29.610,1.4258,1.42588,1.69,1.00
2014.04.03 20:33:36.839,1.42584,1.42588,1.00,1.00
2014.04.03 20:33:40.706,1.42582,1.42588,1.00,1.00
2014.04.03 20:33:41.473,1.42581,1.42588,1.69,1.00
2014.04.03 20:33:47.676,1.42581,1.4259,1.69,2.25
2014.04.03 20:33:47.828,1.42585,1.42594,1.50,5.63
2014.04.03 20:33:48.972,1.42585,1.42594,1.50,2.63
2014.04.03 20:33:49.080,1.42585,1.42594,1.50,2.63
2014.04.03 20:33:49.383,1.42583,1.42592,1.50,1.88
2014.04.03 20:33:50.877,1.42588,1.42594,1.69,1.88
2014.04.03 20:33:50.929,1.42588,1.42598,2.82,1.88
2014.04.03 20:33:55.776,1.42588,1.42598,4.32,1.50
2014.04.03 20:34:01.291,1.4259,1.42599,1.69,1.50
2014.04.03 20:34:16.234,1.4259,1.42599,2.07,1.50
2014.04.03 20:34:19.529,1.4259,1.42599,1.69,1.88
2014.04.03 20:34:20.703,1.42588,1.42597,2.07,1.50
2014.04.03 20:34:25.333,1.42588,1.42595,1.32,1.00
2014.04.03 20:34:25.913,1.42586,1.42595,2.44,1.50
2014.04.03 20:34:28.347,1.42586,1.42595,2.44,1.50
2014.04.03 20:34:29.097,1.42585,1.42594,1.94,1.50
2014.04.03 20:34:29.826,1.42584,1.42594,3.94,1.50
2014.04.03 20:34:34.447,1.42584,1.42594,4.32,1.50
2014.04.03 20:34:38.283,1.42584,1.42594,2.07,1.50
2014.04.03 20:34:40.408,1.42584,1.42594,2.07,1.50
2014.04.03 20:34:40.849,1.42584,1.42592,1.32,1.00
2014.04.03 20:34:41.495,1.42583,1.42591,1.69,1.00
2014.04.03 20:34:43.213,1.42584,1.42593,3.57,1.50
2014.04.03 20:34:43.264,1.42585,1.42593,1.32,1.50
2014.04.03 20:34:51.508,1.42584,1.42593,4.69,1.50
2014.04.03 20:34:53.470,1.42585,1.42595,2.44,2.25
2014.04.03 20:34:59.916,1.42585,1.42595,2.44,2.25
2014.04.03 20:35:02.493,1.42584,1.42593,2.63,1.50
2014.04.03 20:35:03.060,1.42584,1.42592,1.13,1.50
2014.04.03 20:35:11.096,1.42584,1.42592,1.25,1.50
2014.04.03 20:35:14.907,1.42583,1.42592,2.07,1.50
2014.04.03 20:35:18.405,1.42582,1.42592,2.44,1.88
2014.04.03 20:35:18.658,1.42582,1.42589,1.32,1.00
2014.04.03 20:35:19.754,1.4258,1.42588,1.94,1.50
2014.04.03 20:35:21.203,1.42578,1.42588,5.07,1.50
2014.04.03 20:35:21.734,1.42586,1.42588,1.00,1.50
2014.04.03 20:35:21.835,1.42583,1.4259,1.00,1.50
2014.04.03 20:35:27.835,1.42582,1.42589,1.69,1.00
2014.04.03 20:35:48.716,1.42582,1.42588,1.69,1.00
2014.04.03 20:36:09.368,1.42582,1.42587,1.69,1.00
2014.04.03 20:36:15.774,1.42578,1.42587,3.57,1.50
2014.04.03 20:36:16.155,1.42578,1.42585,1.32,1.50
2014.04.03 20:36:23.032,1.42578,1.42585,1.19,1.50
2014.04.03 20:36:24.192,1.42576,1.42585,1.69,1.50
2014.04.03 20:36:36.699,1.42576,1.42585,1.69,1.50
2014.04.03 20:36:37.355,1.42575,1.42584,2.44,1.50
2014.04.03 20:36:39.891,1.42575,1.42584,2.44,1.50
2014.04.03 20:36:41.752,1.42575,1.42581,1.69,1.00
2014.04.03 20:36:41.853,1.42572,1.42581,3.19,1.50
2014.04.03 20:36:41.954,1.42574,1.42581,1.57,1.50
2014.04.03 20:36:44.860,1.42574,1.42583,2.44,2.25
2014.04.03 20:37:00.289,1.42574,1.42583,1.57,1.50
2014.04.03 20:37:01.564,1.42573,1.42581,2.44,1.00
2014.04.03 20:37:01.867,1.42565,1.42573,2.25,1.50
2014.04.03 20:37:06.892,1.42563,1.42573,2.25,1.50
2014.04.03 20:37:11.083,1.42563,1.42573,2.44,1.50
2014.04.03 20:37:13.896,1.42564,1.42573,2.44,1.50
2014.04.03 20:37:14.492,1.42565,1.42574,2.07,1.50
2014.04.03 20:37:30.908,1.42565,1.42574,1.69,1.50
2014.04.03 20:37:33.332,1.42565,1.42572,1.19,1.00
2014.04.03 20:37:34.924,1.42564,1.42572,1.19,1.50
2014.04.03 20:37:39.812,1.42564,1.42572,1.19,1.50
2014.04.03 20:37:43.123,1.42564,1.42572,1.19,1.50
2014.04.03 20:37:47.971,1.42564,1.42572,1.25,1.50
2014.04.03 20:37:48.317,1.42564,1.42572,1.19,1.50
2014.04.03 20:37:50.738,1.42564,1.42572,2.07,1.50
2014.04.03 20:37:53.805,1.42564,1.42571,2.07,1.00
2014.04.03 20:37:54.572,1.42564,1.42571,1.32,1.50
2014.04.03 20:37:55.286,1.42564,1.42571,1.32,1.50
2014.04.03 20:38:03.032,1.42564,1.42571,1.32,1.50
2014.04.03 20:38:11.813,1.42564,1.42573,2.82,1.50
2014.04.03 20:38:13.814,1.42564,1.42573,3.57,1.50
2014.04.03 20:38:15.921,1.42564,1.42573,3.94,1.50
2014.04.03 20:38:17.600,1.42565,1.42573,1.69,1.50
2014.04.03 20:38:22.881,1.42565,1.42573,1.69,1.50
2014.04.03 20:38:27.393,1.42567,1.42575,1.69,1.00
2014.04.03 20:38:27.895,1.42567,1.42576,2.07,1.50
2014.04.03 20:38:29.055,1.42567,1.42576,1.69,1.50
2014.04.03 20:38:30.985,1.42567,1.42576,1.69,1.50
2014.04.03 20:38:33.270,1.42567,1.42576,1.69,1.50
2014.04.03 20:38:33.321,1.42565,1.42574,2.82,1.50
2014.04.03 20:38:34.399,1.42565,1.42574,1.50,1.50
2014.04.03 20:38:48.697,1.42565,1.42574,1.69,1.88
2014.04.03 20:38:53.175,1.42565,1.42574,1.69,1.88
2014.04.03 20:38:53.478,1.42564,1.42572,1.00,1.38
2014.04.03 20:38:54.861,1.42563,1.42572,1.13,1.88
2014.04.03 20:38:55.479,1.42562,1.42572,1.50,2.63
2014.04.03 20:38:58.911,1.42562,1.42572,1.50,1.88
2014.04.03 20:39:00.553,1.42564,1.42573,1.50,2.63
2014.04.03 20:39:04.671,1.42564,1.42573,1.50,2.63
2014.04.03 20:39:06.520,1.42564,1.42573,1.50,2.63
2014.04.03 20:39:07.078,1.42564,1.42573,1.50,1.88
2014.04.03 20:39:08.876,1.42564,1.42573,1.50,2.63
2014.04.03 20:39:11.879,1.42564,1.42572,1.50,1.88
2014.04.03 20:39:13.567,1.42566,1.42576,1.50,2.25
2014.04.03 20:39:14.146,1.42566,1.42576,1.88,1.50
2014.04.03 20:39:15.231,1.42568,1.42577,1.50,1.50
2014.04.03 20:39:17.051,1.42569,1.42577,1.00,1.00
2014.04.03 20:39:17.712,1.42569,1.42578,1.50,1.13
2014.04.03 20:39:18.111,1.42572,1.42579,1.00,1.00
2014.04.03 20:39:18.162,1.42572,1.42581,1.50,1.88
2014.04.03 20:39:26.807,1.42572,1.42581,1.50,1.88
2014.04.03 20:39:27.111,1.42575,1.42584,1.50,1.88
2014.04.03 20:39:28.732,1.42575,1.42584,1.50,2.63
2014.04.03 20:39:29.046,1.42573,1.42582,1.50,2.63
2014.04.03 20:39:29.399,1.42573,1.42582,1.50,1.50
2014.04.03 20:39:29.975,1.42574,1.42584,1.50,1.88
2014.04.03 20:39:30.857,1.42574,1.42584,1.50,1.50
2014.04.03 20:39:32.185,1.42574,1.42584,1.88,1.50
2014.04.03 20:39:41.291,1.42577,1.42586,1.50,1.50
2014.04.03 20:39:42.720,1.42574,1.42583,1.88,1.50
2014.04.03 20:39:44.058,1.42574,1.42583,1.50,1.50
2014.04.03 20:39:46.623,1.42575,1.42583,1.50,1.00
2014.04.03 20:39:46.825,1.42578,1.42587,1.50,1.50
2014.04.03 20:39:46.926,1.42578,1.42587,1.88,1.50
2014.04.03 20:39:47.230,1.42582,1.42587,1.00,1.50
2014.04.03 20:39:47.382,1.42585,1.42593,1.00,1.50
2014.04.03 20:39:47.918,1.42585,1.42594,1.50,1.50
2014.04.03 20:39:54.855,1.42587,1.42594,1.00,1.00
2014.04.03 20:39:54.957,1.42587,1.42596,1.50,1.88
2014.04.03 20:39:55.442,1.42587,1.42596,1.88,1.88
2014.04.03 20:39:55.957,1.42591,1.426,1.50,2.63
2014.04.03 20:39:56.568,1.42591,1.426,1.50,2.63
2014.04.03 20:40:13.611,1.42591,1.426,1.50,2.63
2014.04.03 20:40:13.854,1.42591,1.426,1.50,2.63
2014.04.03 20:40:28.728,1.42591,1.426,1.50,1.50
2014.04.03 20:40:28.981,1.42592,1.42602,1.50,2.25
2014.04.03 20:40:29.032,1.42592,1.42602,1.50,4.13
2014.04.03 20:40:29.573,1.42591,1.426,1.50,2.63
2014.04.03 20:40:32.940,1.42591,1.42599,1.50,1.38
2014.04.03 20:40:47.655,1.42591,1.426,1.50,1.50
2014.04.03 20:40:47.756,1.42591,1.426,1.50,2.63
2014.04.03 20:40:48.059,1.42591,1.426,1.50,2.63
2014.04.03 20:40:49.245,1.4259,1.426,1.50,2.63
2014.04.03 20:40:51.342,1.42592,1.426,1.00,1.38
2014.04.03 20:40:51.393,1.42592,1.42601,1.50,1.50
2014.04.03 20:40:51.596,1.42592,1.42601,1.50,1.88
2014.04.03 20:40:51.749,1.4259,1.426,1.50,1.88
2014.04.03 20:41:11.767,1.42591,1.426,1.00,2.63
2014.04.03 20:41:12.389,1.42591,1.426,1.50,1.50
2014.04.03 20:41:12.440,1.42593,1.42602,1.50,3.00
2014.04.03 20:41:13.872,1.42591,1.426,1.50,1.88
2014.04.03 20:41:24.209,1.42591,1.42595,1.50,1.38
2014.04.03 20:41:24.310,1.42586,1.42595,4.69,2.63
2014.04.03 20:41:24.995,1.42586,1.42595,3.00,2.63
2014.04.03 20:41:25.687,1.42586,1.42595,1.50,2.63
2014.04.03 20:41:26.282,1.42586,1.42594,1.00,1.00
2014.04.03 20:41:27.712,1.42584,1.42594,3.94,1.50
2014.04.03 20:41:29.552,1.42584,1.42592,2.82,1.00
2014.04.03 20:41:36.818,1.42584,1.42592,1.69,1.50
2014.04.03 20:41:44.735,1.42584,1.42592,1.19,1.50
2014.04.03 20:41:49.898,1.42584,1.42593,2.07,1.50
2014.04.03 20:41:50.308,1.42588,1.42594,1.00,1.50
2014.04.03 20:41:50.410,1.42588,1.42596,1.00,2.25
2014.04.03 20:41:50.511,1.42589,1.42593,1.00,1.00
2014.04.03 20:41:50.763,1.42589,1.42596,1.00,1.50
2014.04.03 20:41:56.695,1.4259,1.42596,1.00,1.00
2014.04.03 20:41:56.746,1.4259,1.42599,1.50,1.88
2014.04.03 20:42:12.049,1.4259,1.42599,2.07,1.88
2014.04.03 20:42:12.200,1.42592,1.42599,1.50,1.50
2014.04.03 20:42:12.505,1.42597,1.42603,1.69,1.13
2014.04.03 20:42:12.758,1.42597,1.42606,3.00,1.50
2014.04.03 20:42:13.266,1.42597,1.42605,3.75,1.50
2014.04.03 20:42:13.979,1.42597,1.42605,3.75,1.88
2014.04.03 20:42:15.387,1.42599,1.42605,1.50,1.88
2014.04.03 20:42:15.959,1.42599,1.42606,1.50,1.88
2014.04.03 20:42:16.508,1.42599,1.42608,3.00,1.88
2014.04.03 20:42:17.993,1.42599,1.42608,5.25,1.88
2014.04.03 20:42:18.505,1.42601,1.42608,1.50,1.88
2014.04.03 20:42:19.012,1.42601,1.4261,3.00,2.63
2014.04.03 20:42:19.523,1.42601,1.4261,3.00,1.88
2014.04.03 20:42:23.533,1.42604,1.42612,1.50,1.88
2014.04.03 20:42:24.122,1.42604,1.42612,1.50,1.88
2014.04.03 20:42:25.292,1.42606,1.42615,1.50,1.88
2014.04.03 20:42:25.650,1.42607,1.42615,1.50,1.88
2014.04.03 20:42:28.087,1.42607,1.42615,2.25,1.88
2014.04.03 20:42:28.728,1.42606,1.42613,1.00,1.88
2014.04.03 20:42:29.402,1.42604,1.42613,1.88,1.88
2014.04.03 20:42:31.775,1.42604,1.42613,1.50,1.88
2014.04.03 20:42:32.577,1.42603,1.42612,1.00,1.88
2014.04.03 20:42:33.258,1.42603,1.42612,1.00,1.88
2014.04.03 20:42:33.938,1.42603,1.42612,1.38,1.88
2014.04.03 20:42:35.640,1.42603,1.42612,1.38,1.50
2014.04.03 20:42:39.476,1.42603,1.42612,1.13,1.50
2014.04.03 20:42:41.154,1.42604,1.42612,1.00,1.00
2014.04.03 20:42:41.690,1.42604,1.42613,1.50,1.50
2014.04.03 20:42:45.798,1.42604,1.42612,1.00,1.00
2014.04.03 20:42:46.398,1.42602,1.42612,1.88,1.50
2014.04.03 20:42:48.757,1.42602,1.42612,1.50,1.50
2014.04.03 20:42:54.867,1.42604,1.42613,1.50,2.25
2014.04.03 20:43:15.806,1.42603,1.42613,1.88,2.25
2014.04.03 20:43:20.852,1.42601,1.42611,3.00,1.50
2014.04.03 20:43:21.825,1.42601,1.42611,1.50,1.50
2014.04.03 20:43:23.331,1.42603,1.42611,1.00,1.00
2014.04.03 20:43:23.382,1.42603,1.42613,1.50,2.25
2014.04.03 20:43:27.007,1.42603,1.42612,1.50,1.00
2014.04.03 20:43:51.827,1.42603,1.42612,1.50,1.88
2014.04.03 20:43:53.665,1.42603,1.42612,1.50,1.88
2014.04.03 20:44:02.686,1.42603,1.42612,1.50,1.88
2014.04.03 20:44:05.815,1.42601,1.42611,1.50,1.88
2014.04.03 20:44:06.483,1.42601,1.42611,1.50,1.88
2014.04.03 20:44:14.371,1.42601,1.42611,1.50,1.88
2014.04.03 20:44:23.583,1.42601,1.42611,1.50,1.88
2014.04.03 20:44:31.861,1.42601,1.4261,1.50,1.88
2014.04.03 20:44:32.012,1.42599,1.42609,1.69,1.88
2014.04.03 20:44:43.039,1.42601,1.42609,1.00,1.00
2014.04.03 20:44:43.630,1.42601,1.4261,1.50,1.50
2014.04.03 20:44:56.182,1.42601,1.42609,1.00,1.00
2014.04.03 20:44:56.233,1.42599,1.42609,2.25,1.50
2014.04.03 20:45:00.240,1.42599,1.42607,1.00,1.00
2014.04.03 20:45:00.771,1.42598,1.42607,1.69,1.50
2014.04.03 20:45:07.246,1.42598,1.42606,1.00,1.00
2014.04.03 20:45:07.609,1.42596,1.42606,1.69,1.88
2014.04.03 20:45:11.029,1.42599,1.42606,1.00,1.38
2014.04.03 20:45:19.029,1.42599,1.42608,1.69,2.63
2014.04.03 20:45:20.431,1.42599,1.42608,1.50,2.63
2014.04.03 20:45:20.970,1.42597,1.42608,1.69,2.63
2014.04.03 20:45:38.875,1.42597,1.42608,2.07,2.63
2014.04.03 20:45:39.525,1.42597,1.42608,2.07,2.63
2014.04.03 20:45:40.244,1.42597,1.42608,1.69,2.63
2014.04.03 20:45:40.843,1.42597,1.42608,1.69,2.63
2014.04.03 20:45:43.967,1.42598,1.42608,1.69,1.38
2014.04.03 20:45:52.340,1.42598,1.42608,1.69,1.38
2014.04.03 20:46:00.377,1.42598,1.42608,1.69,1.50
2014.04.03 20:46:01.192,1.42598,1.42608,1.69,1.38
2014.04.03 20:46:01.701,1.42598,1.42608,1.69,1.38
2014.04.03 20:46:03.009,1.42598,1.42608,1.69,1.38
2014.04.03 20:46:03.161,1.42601,1.42609,1.00,1.13
2014.04.03 20:46:03.423,1.42601,1.42611,1.50,3.38
2014.04.03 20:46:16.489,1.42602,1.42612,2.07,1.38
2014.04.03 20:46:19.953,1.42612,1.42616,1.38,1.50
2014.04.03 20:46:20.057,1.42615,1.42622,1.00,1.88
2014.04.03 20:46:20.108,1.42613,1.42618,4.13,1.00
2014.04.03 20:46:20.209,1.42617,1.4262,1.00,1.00
2014.04.03 20:46:20.411,1.42613,1.42624,4.88,4.13
2014.04.03 20:46:21.906,1.42613,1.42624,5.07,3.38
2014.04.03 20:46:21.957,1.42615,1.42624,1.13,3.38
2014.04.03 20:46:22.210,1.42613,1.42622,2.25,1.00
2014.04.03 20:46:22.523,1.42612,1.4262,1.88,1.50
2014.04.03 20:46:22.675,1.4261,1.42618,1.13,1.00
2014.04.03 20:46:22.726,1.4261,1.42618,1.38,1.50
2014.04.03 20:46:22.877,1.42608,1.42618,1.38,1.50
2014.04.03 20:46:23.388,1.42607,1.42617,1.50,1.50
2014.04.03 20:46:23.973,1.42605,1.42617,3.19,1.50
2014.04.03 20:46:24.075,1.42605,1.42614,2.44,1.00
2014.04.03 20:46:26.834,1.42605,1.42614,1.69,1.50
2014.04.03 20:46:33.954,1.42605,1.42612,1.00,1.50
2014.04.03 20:46:34.894,1.42605,1.42614,1.00,3.00
2014.04.03 20:46:59.931,1.42604,1.42614,2.07,1.13
2014.04.03 20:47:01.884,1.42604,1.42614,2.07,1.13
2014.04.03 20:47:02.954,1.42604,1.42614,1.88,1.13
2014.04.03 20:47:07.873,1.42604,1.42614,1.69,1.00
2014.04.03 20:47:12.389,1.42605,1.42615,1.63,1.50
2014.04.03 20:47:12.593,1.4261,1.42619,1.00,4.13
2014.04.03 20:47:12.644,1.4261,1.42617,1.00,1.00
2014.04.03 20:47:12.796,1.4261,1.42619,1.00,1.50
2014.04.03 20:47:13.489,1.4261,1.42619,1.38,1.50
2014.04.03 20:47:21.168,1.42611,1.42619,1.25,1.50
2014.04.03 20:47:22.135,1.4261,1.42619,1.94,1.50
2014.04.03 20:47:30.781,1.4261,1.42619,2.82,1.50
2014.04.03 20:47:32.893,1.4261,1.4262,2.82,1.50
2014.04.03 20:47:36.671,1.42612,1.4262,1.00,1.50
2014.04.03 20:47:48.255,1.4261,1.4262,2.07,1.88
2014.04.03 20:47:48.865,1.4261,1.4262,2.07,1.50
2014.04.03 20:47:49.409,1.4261,1.4262,1.19,1.88
2014.04.03 20:47:55.551,1.4261,1.42619,1.25,1.88
2014.04.03 20:47:56.065,1.4261,1.42621,2.44,4.13
2014.04.03 20:47:56.368,1.4261,1.42619,1.19,1.88
2014.04.03 20:47:59.156,1.4261,1.42619,1.69,1.88
2014.04.03 20:48:02.697,1.42609,1.42619,1.19,1.88
2014.04.03 20:48:08.861,1.4261,1.42619,1.19,1.88
2014.04.03 20:48:11.693,1.42609,1.42619,1.25,1.88
2014.04.03 20:48:14.804,1.42609,1.42619,1.25,1.88
2014.04.03 20:48:14.906,1.4261,1.42619,1.19,1.88
2014.04.03 20:48:15.450,1.4261,1.42619,1.00,1.88
2014.04.03 20:48:16.773,1.4261,1.42619,1.19,1.88
2014.04.03 20:48:17.911,1.4261,1.4262,1.19,1.88
2014.04.03 20:48:22.734,1.4261,1.4262,1.19,2.25
2014.04.03 20:48:27.583,1.4261,1.4262,1.25,1.88
2014.04.03 20:48:27.914,1.42609,1.42618,1.32,1.50
2014.04.03 20:48:28.426,1.42609,1.42618,1.19,1.88
2014.04.03 20:48:29.989,1.42609,1.42618,1.19,1.88
2014.04.03 20:48:32.536,1.42609,1.42618,1.69,1.88
2014.04.03 20:48:33.044,1.42609,1.42618,1.19,1.88
2014.04.03 20:48:33.623,1.42609,1.42618,1.19,1.88
2014.04.03 20:48:35.631,1.42609,1.42618,1.00,1.88
2014.04.03 20:48:35.834,1.42609,1.42618,1.25,1.88
2014.04.03 20:48:35.936,1.42607,1.42617,2.44,1.38
2014.04.03 20:48:36.037,1.42607,1.42616,1.50,2.25
2014.04.03 20:48:36.090,1.42604,1.42613,1.19,1.00
2014.04.03 20:48:36.394,1.42603,1.42614,1.69,3.75
2014.04.03 20:48:36.445,1.42603,1.42614,1.50,3.75
2014.04.03 20:48:36.496,1.42603,1.42614,1.50,3.38
2014.04.03 20:48:37.062,1.42603,1.42613,1.50,3.00
2014.04.03 20:48:37.421,1.42603,1.42613,1.50,3.38
2014.04.03 20:48:38.842,1.42603,1.42612,1.50,1.50
2014.04.03 20:48:39.145,1.42604,1.42612,1.19,1.50
2014.04.03 20:48:41.963,1.42604,1.42612,1.19,1.50
2014.04.03 20:48:43.751,1.42603,1.42612,2.44,1.88
2014.04.03 20:48:46.636,1.42604,1.42612,1.19,4.13
2014.04.03 20:48:46.738,1.42601,1.42612,1.69,4.13
2014.04.03 20:48:47.802,1.426,1.4261,2.44,1.88
2014.04.03 20:48:48.431,1.426,1.4261,2.44,1.88
2014.04.03 20:48:49.143,1.426,1.4261,2.44,1.88
2014.04.03 20:48:49.865,1.426,1.4261,2.44,1.88
2014.04.03 20:48:50.284,1.42604,1.4261,1.19,1.50
2014.04.03 20:48:52.016,1.42604,1.42611,1.19,1.50
2014.04.03 20:48:52.118,1.42604,1.42613,1.19,2.25
2014.04.03 20:48:56.422,1.42605,1.42613,1.19,1.00
2014.04.03 20:49:03.815,1.42605,1.42613,1.19,1.00
2014.04.03 20:49:05.650,1.42605,1.42614,1.19,1.88
2014.04.03 20:49:07.923,1.42605,1.42614,1.19,1.88
2014.04.03 20:49:14.892,1.42605,1.42614,1.19,1.88
2014.04.03 20:49:15.510,1.42605,1.42614,1.19,1.88
2014.04.03 20:49:17.514,1.4261,1.42615,1.88,1.00
2014.04.03 20:49:17.616,1.42611,1.42619,1.13,1.50
2014.04.03 20:49:18.170,1.42611,1.42619,1.38,1.50
2014.04.03 20:49:18.950,1.42612,1.42621,1.32,1.50
2014.04.03 20:49:19.400,1.42613,1.42621,1.57,1.00
2014.04.03 20:49:19.918,1.42613,1.42623,2.07,1.88
2014.04.03 20:49:23.980,1.42615,1.42623,1.63,1.00
2014.04.03 20:49:25.885,1.42615,1.42624,2.07,1.88
2014.04.03 20:49:27.084,1.42615,1.42623,2.07,1.00
2014.04.03 20:49:27.614,1.42615,1.42624,2.07,1.88
2014.04.03 20:49:28.965,1.42615,1.42623,2.07,1.00
2014.04.03 20:49:29.391,1.42615,1.42624,2.07,1.88
2014.04.03 20:49:32.324,1.42615,1.42624,2.07,2.63
2014.04.03 20:49:33.039,1.42615,1.42624,2.07,2.63
2014.04.03 20:49:34.594,1.42615,1.42623,1.88,1.88
2014.04.03 20:49:38.856,1.42615,1.42623,1.88,2.63
2014.04.03 20:49:39.410,1.42615,1.42621,1.00,1.38
2014.04.03 20:49:39.461,1.42611,1.42621,1.19,1.88
2014.04.03 20:49:41.411,1.42612,1.42621,1.63,1.88
2014.04.03 20:49:41.513,1.42612,1.42623,1.50,3.38
2014.04.03 20:49:42.034,1.42611,1.42621,1.25,1.88
2014.04.03 20:49:42.956,1.42611,1.42621,1.19,1.88
2014.04.03 20:49:47.059,1.42611,1.42621,1.19,1.88
2014.04.03 20:49:47.941,1.42611,1.42621,1.19,1.88
2014.04.03 20:49:48.942,1.42611,1.42621,1.32,1.88
2014.04.03 20:49:50.933,1.42611,1.42621,1.32,1.88
2014.04.03 20:49:52.557,1.42611,1.42621,2.07,1.88
2014.04.03 20:49:53.099,1.42611,1.42621,1.69,1.88
2014.04.03 20:49:53.702,1.42611,1.42621,2.07,1.88
2014.04.03 20:49:54.417,1.42611,1.42621,1.69,1.88
2014.04.03 20:49:54.930,1.42611,1.42621,1.19,1.88
2014.04.03 20:49:56.308,1.42611,1.42621,1.25,1.88
2014.04.03 20:49:56.559,1.42611,1.42621,1.19,1.88
2014.04.03 20:49:58.498,1.42611,1.42621,1.32,1.88
2014.04.03 20:49:59.383,1.42612,1.42621,1.57,1.13
2014.04.03 20:50:00.861,1.42612,1.42623,2.07,2.25
2014.04.03 20:50:15.566,1.42612,1.42623,1.50,3.38
2014.04.03 20:50:15.667,1.42611,1.42621,1.00,1.88
2014.04.03 20:50:16.207,1.4261,1.42619,1.25,1.88
2014.04.03 20:50:16.738,1.42611,1.42621,1.13,1.88
2014.04.03 20:50:18.732,1.42611,1.42621,1.00,1.88
2014.04.03 20:50:19.056,1.42611,1.42621,1.19,1.88
2014.04.03 20:50:21.591,1.42612,1.42623,1.69,6.38
2014.04.03 20:50:21.903,1.42615,1.42622,1.00,1.88
2014.04.03 20:50:22.156,1.42613,1.42622,1.32,1.50
2014.04.03 20:50:22.757,1.42613,1.42622,2.07,1.50
2014.04.03 20:50:23.690,1.42613,1.42623,2.07,1.50
2014.04.03 20:50:25.755,1.42612,1.42623,4.13,1.88
2014.04.03 20:50:26.760,1.42612,1.42623,4.13,3.38
2014.04.03 20:50:27.954,1.42612,1.42622,2.44,1.50
2014.04.03 20:50:28.515,1.42611,1.4262,2.07,1.50
2014.04.03 20:50:30.000,1.4261,1.4262,1.69,1.88
2014.04.03 20:50:30.101,1.42609,1.42618,2.44,1.38
2014.04.03 20:50:30.152,1.42609,1.42618,2.44,1.13
2014.04.03 20:50:30.253,1.42609,1.42618,1.25,1.88
2014.04.03 20:50:31.878,1.42609,1.42618,1.25,1.88
2014.04.03 20:50:31.951,1.42609,1.42618,1.25,1.88
2014.04.03 20:50:35.490,1.42606,1.42614,1.69,1.88
2014.04.03 20:50:35.541,1.42604,1.42614,1.32,1.50
2014.04.03 20:50:35.592,1.42603,1.42614,2.07,1.50
2014.04.03 20:50:35.961,1.42601,1.42612,3.57,1.50
2014.04.03 20:50:38.558,1.42601,1.4261,2.82,1.50
2014.04.03 20:50:38.861,1.42601,1.4261,2.82,1.50
2014.04.03 20:50:40.259,1.42601,1.42608,1.88,1.00
2014.04.03 20:50:41.478,1.426,1.42608,1.19,1.50
2014.04.03 20:50:41.580,1.42597,1.42606,1.00,1.88
2014.04.03 20:50:41.681,1.42597,1.42606,1.19,1.88
2014.04.03 20:50:42.200,1.42595,1.42605,1.57,1.50
2014.04.03 20:50:42.759,1.42595,1.42604,1.57,2.25
2014.04.03 20:50:43.667,1.42595,1.42605,1.57,3.75
2014.04.03 20:50:43.997,1.42595,1.42603,1.57,1.50
2014.04.03 20:50:44.997,1.42594,1.42603,2.07,1.50
2014.04.03 20:50:45.690,1.42594,1.42601,1.69,1.50
2014.04.03 20:50:46.017,1.42595,1.42601,1.19,3.00
2014.04.03 20:50:46.926,1.42591,1.42601,1.69,3.00
2014.04.03 20:50:47.533,1.42593,1.426,1.19,2.63
2014.04.03 20:50:48.112,1.42591,1.426,1.57,2.63
2014.04.03 20:50:49.671,1.42593,1.42599,1.19,1.50
2014.04.03 20:50:49.925,1.42591,1.42599,2.07,1.50
2014.04.03 20:50:51.729,1.42591,1.42598,1.69,1.50
2014.04.03 20:50:53.078,1.42591,1.42599,1.69,2.63
2014.04.03 20:50:53.984,1.42591,1.42598,1.69,2.25
2014.04.03 20:50:54.040,1.42591,1.42597,1.69,1.50
2014.04.03 20:50:55.332,1.42591,1.42599,1.19,1.50
2014.04.03 20:50:56.062,1.42588,1.42597,2.82,1.00
2014.04.03 20:50:56.164,1.42588,1.42597,3.57,2.25
2014.04.03 20:50:56.470,1.42588,1.42595,3.57,1.50
2014.04.03 20:50:56.766,1.42588,1.42597,3.57,1.50
2014.04.03 20:50:57.626,1.42588,1.42597,2.07,3.00
2014.04.03 20:50:58.663,1.42588,1.42597,2.07,1.50
2014.04.03 20:50:58.714,1.42588,1.42597,1.57,1.50
2014.04.03 20:50:59.232,1.42588,1.42597,1.57,3.00
2014.04.03 20:51:00.249,1.42588,1.42597,1.57,3.00
2014.04.03 20:51:01.329,1.42588,1.42597,1.32,2.25
2014.04.03 20:51:03.906,1.42588,1.42596,1.32,1.50
2014.04.03 20:51:04.944,1.42588,1.42596,1.32,1.50
2014.04.03 20:51:05.277,1.42587,1.42595,1.57,1.50
2014.04.03 20:51:07.084,1.42585,1.42595,2.07,1.50
2014.04.03 20:51:07.599,1.42585,1.42595,2.07,3.00
2014.04.03 20:51:12.200,1.42585,1.42595,1.57,2.25
2014.04.03 20:51:13.619,1.42585,1.42594,2.07,1.50
2014.04.03 20:51:13.720,1.42585,1.42592,1.57,1.00
2014.04.03 20:51:17.510,1.42585,1.42592,1.57,1.50
2014.04.03 20:51:18.718,1.42585,1.42593,1.57,1.00
2014.04.03 20:51:18.921,1.42585,1.42595,1.57,3.00
2014.04.03 20:51:25.577,1.42587,1.42595,1.32,4.50
2014.04.03 20:51:32.086,1.42587,1.42596,1.32,1.50
2014.04.03 20:51:33.389,1.42586,1.42597,5.07,3.38
2014.04.03 20:51:34.554,1.42586,1.42597,3.19,3.38
2014.04.03 20:51:36.387,1.42588,1.42597,2.07,1.50
2014.04.03 20:51:36.890,1.4259,1.426,1.88,2.25
2014.04.03 20:51:38.517,1.4259,1.42601,2.07,1.88
2014.04.03 20:51:38.567,1.4259,1.42601,2.82,1.88
2014.04.03 20:51:38.669,1.42592,1.42602,1.00,2.63
2014.04.03 20:51:39.362,1.42592,1.42602,1.50,1.38
2014.04.03 20:51:39.744,1.42592,1.42603,1.50,1.50
2014.04.03 20:51:40.707,1.42594,1.42603,1.00,1.00
2014.04.03 20:51:41.327,1.42594,1.42604,1.50,1.88
2014.04.03 20:51:41.665,1.42596,1.42605,1.38,1.13
2014.04.03 20:51:41.817,1.42596,1.42605,1.50,1.00
2014.04.03 20:51:41.970,1.42594,1.42605,1.50,3.00
2014.04.03 20:51:42.475,1.42593,1.42604,2.25,1.88
2014.04.03 20:51:43.748,1.42593,1.42604,1.50,2.25
2014.04.03 20:51:45.452,1.42595,1.42605,1.50,1.88
2014.04.03 20:51:47.321,1.42595,1.42605,1.50,1.88
2014.04.03 20:51:51.816,1.42596,1.42606,1.50,1.38
2014.04.03 20:51:52.759,1.42598,1.42606,1.00,1.38
2014.04.03 20:51:53.836,1.426,1.42606,1.00,1.38
2014.04.03 20:51:55.224,1.426,1.42606,1.50,1.38
2014.04.03 20:51:56.402,1.426,1.42605,1.50,1.38
2014.04.03 20:51:56.609,1.42598,1.42604,1.50,1.50
2014.04.03 20:51:56.734,1.42598,1.42604,1.50,1.50
2014.04.03 20:51:56.982,1.42598,1.42604,1.50,1.38
2014.04.03 20:52:07.370,1.426,1.42605,1.50,1.38
2014.04.03 20:52:11.850,1.426,1.42606,1.50,1.38
2014.04.03 20:52:11.952,1.42598,1.42606,1.50,1.38
2014.04.03 20:52:16.142,1.426,1.42606,1.50,1.38
2014.04.03 20:52:28.082,1.42602,1.42607,1.50,1.38
2014.04.03 20:52:29.038,1.42602,1.42607,1.50,1.38
2014.04.03 20:52:29.139,1.42602,1.42609,1.50,1.88
2014.04.03 20:52:29.190,1.42604,1.42611,1.00,1.50
2014.04.03 20:52:35.393,1.42604,1.42612,1.50,1.88
2014.04.03 20:52:35.445,1.42609,1.42612,1.00,1.50
2014.04.03 20:52:35.496,1.4261,1.42614,1.50,2.63
2014.04.03 20:52:36.158,1.4261,1.42616,1.50,1.38
2014.04.03 20:52:36.870,1.4261,1.42617,1.50,1.28
2014.04.03 20:52:38.967,1.42612,1.42618,1.00,2.78
2014.04.03 20:52:39.281,1.42615,1.4262,1.50,1.65
2014.04.03 20:52:39.584,1.42615,1.42617,1.50,1.50
2014.04.03 20:52:41.793,1.42613,1.42616,1.00,1.00
2014.04.03 20:52:46.010,1.42615,1.4262,1.50,1.75
2014.04.03 20:52:46.061,1.42613,1.4262,1.50,1.50
2014.04.03 20:52:52.713,1.42613,1.4262,1.50,1.88
2014.04.03 20:52:52.764,1.42611,1.42619,1.50,1.88
2014.04.03 20:52:52.815,1.42611,1.42616,1.50,1.00
2014.04.03 20:53:05.804,1.42611,1.42616,1.50,2.63
2014.04.03 20:53:06.902,1.42611,1.42616,1.50,2.25
2014.04.03 20:53:07.918,1.42611,1.42615,1.50,1.50
2014.04.03 20:53:10.208,1.4261,1.42612,1.50,1.00
2014.04.03 20:53:10.410,1.42609,1.42612,1.00,1.38
2014.04.03 20:53:10.462,1.42607,1.42608,1.00,1.00
2014.04.03 20:53:10.564,1.42607,1.42612,1.00,1.00
2014.04.03 20:53:10.666,1.42604,1.42611,1.50,1.00
2014.04.03 20:53:11.899,1.42604,1.42611,1.50,1.38
2014.04.03 20:53:12.253,1.42604,1.42611,1.50,1.38
2014.04.03 20:53:14.972,1.42605,1.42611,1.00,1.13
2014.04.03 20:53:15.074,1.42609,1.42611,1.50,1.13
2014.04.03 20:53:24.378,1.42609,1.42614,1.50,1.38
2014.04.03 20:53:24.530,1.42609,1.42616,1.50,2.25
2014.04.03 20:53:24.581,1.42611,1.42616,1.00,1.00
2014.04.03 20:53:24.917,1.42613,1.42616,1.50,1.00
2014.04.03 20:53:25.958,1.42613,1.42619,1.50,1.88
2014.04.03 20:53:27.329,1.42613,1.42618,1.50,1.00
2014.04.03 20:53:27.380,1.42613,1.42618,1.50,3.00
2014.04.03 20:53:27.683,1.42612,1.42614,1.50,1.00
2014.04.03 20:53:28.533,1.42611,1.42614,1.00,2.25
2014.04.03 20:53:34.505,1.42608,1.42613,3.75,1.50
2014.04.03 20:53:37.817,1.42608,1.42614,3.75,2.25
2014.04.03 20:53:38.697,1.42608,1.42614,3.45,1.00
2014.04.03 20:53:39.225,1.42611,1.42618,1.50,1.57
2014.04.03 20:53:39.761,1.42611,1.42618,1.50,1.57
2014.04.03 20:53:40.412,1.42611,1.42617,1.50,1.32
2014.04.03 20:53:41.006,1.42611,1.42617,1.50,1.32
2014.04.03 20:53:43.020,1.42611,1.42617,1.50,1.32
2014.04.03 20:53:45.302,1.42611,1.42617,1.50,1.38
2014.04.03 20:53:45.826,1.42611,1.42617,1.50,1.38
2014.04.03 20:53:45.927,1.42609,1.42613,1.00,1.00
2014.04.03 20:53:45.979,1.42607,1.4261,1.50,1.00
2014.04.03 20:53:46.031,1.42607,1.42614,1.50,1.88
2014.04.03 20:53:46.082,1.42605,1.42614,1.50,1.88
2014.04.03 20:53:46.285,1.42607,1.42616,1.00,2.44
2014.04.03 20:53:46.819,1.42607,1.42613,1.50,1.00
2014.04.03 20:53:47.356,1.42607,1.42614,1.50,1.00
2014.04.03 20:53:47.874,1.42607,1.42614,1.50,1.38
2014.04.03 20:53:51.851,1.42607,1.42614,1.50,1.13
2014.04.03 20:53:57.089,1.42605,1.42614,1.50,1.00
2014.04.03 20:53:59.209,1.42605,1.42614,1.50,1.88
2014.04.03 20:54:00.798,1.42602,1.4261,1.50,1.38
2014.04.03 20:54:03.648,1.42602,1.42613,1.50,2.44
2014.04.03 20:54:03.800,1.42604,1.42613,1.00,1.13
2014.04.03 20:54:04.002,1.42604,1.42615,1.50,1.50
2014.04.03 20:54:15.944,1.42604,1.42615,1.50,3.57
2014.04.03 20:54:16.818,1.42604,1.42615,1.88,2.82
2014.04.03 20:54:17.071,1.42606,1.42616,1.50,1.38
2014.04.03 20:54:17.655,1.42607,1.42617,1.50,1.38
2014.04.03 20:54:21.152,1.42607,1.42617,1.50,1.38
2014.04.03 20:54:26.566,1.42607,1.42616,1.50,1.38
2014.04.03 20:54:29.291,1.42607,1.42617,1.50,1.38
2014.04.03 20:54:31.251,1.42609,1.42619,1.88,1.88
2014.04.03 20:54:31.352,1.42611,1.42619,1.00,1.00
2014.04.03 20:54:31.870,1.42612,1.42621,1.50,1.38
2014.04.03 20:54:35.647,1.42612,1.42622,1.88,1.13
2014.04.03 20:54:35.759,1.42615,1.42626,1.50,2.63
2014.04.03 20:54:36.276,1.42615,1.42626,1.50,2.63
2014.04.03 20:54:36.924,1.42615,1.42626,2.25,2.63
2014.04.03 20:54:39.619,1.42614,1.42624,2.25,2.63
2014.04.03 20:54:39.923,1.42614,1.42616,1.50,2.25
2014.04.03 20:54:40.076,1.42605,1.42611,3.00,1.00
2014.04.03 20:54:40.177,1.42605,1.42613,1.50,1.00
2014.04.03 20:54:40.329,1.42605,1.42616,1.50,2.25
2014.04.03 20:54:40.507,1.42607,1.42616,1.00,1.50
2014.04.03 20:54:41.367,1.42607,1.42618,1.50,2.63
2014.04.03 20:54:43.486,1.42607,1.42618,1.50,2.63
2014.04.03 20:54:43.836,1.42608,1.42618,1.75,2.63
2014.04.03 20:54:43.937,1.42608,1.42618,1.75,2.63
2014.04.03 20:54:44.373,1.42609,1.4262,2.25,2.63
2014.04.03 20:54:47.610,1.42609,1.4262,3.00,2.63
2014.04.03 20:54:48.418,1.42609,1.4262,3.00,2.63
2014.04.03 20:54:51.211,1.42609,1.4262,4.13,2.63
2014.04.03 20:54:51.312,1.42611,1.42622,1.88,2.63
2014.04.03 20:54:51.414,1.42611,1.42622,1.88,2.25
2014.04.03 20:54:51.919,1.42613,1.42624,1.88,1.88
2014.04.03 20:54:54.694,1.42613,1.42624,1.50,2.63
2014.04.03 20:54:56.344,1.42613,1.42622,1.50,1.38
2014.04.03 20:54:57.785,1.42613,1.42622,1.50,1.00
2014.04.03 20:55:00.549,1.42611,1.42622,2.07,2.63
2014.04.03 20:55:07.824,1.4261,1.42622,2.63,1.00
2014.04.03 20:55:09.344,1.4261,1.42622,3.75,1.00
2014.04.03 20:55:09.901,1.42613,1.42622,1.50,1.00
2014.04.03 20:55:10.604,1.42615,1.42622,1.50,1.00
2014.04.03 20:55:10.908,1.42613,1.42622,1.38,1.00
2014.04.03 20:55:10.959,1.42613,1.42622,1.19,1.00
2014.04.03 20:55:11.497,1.42612,1.42622,2.44,1.00
2014.04.03 20:55:15.150,1.42612,1.42622,1.38,1.00
2014.04.03 20:55:15.205,1.42612,1.42622,1.00,1.00
2014.04.03 20:55:15.403,1.42612,1.42622,1.38,1.00
2014.04.03 20:55:18.368,1.42612,1.42622,1.13,1.00
2014.04.03 20:55:18.686,1.42614,1.42622,1.75,1.00
2014.04.03 20:55:21.065,1.42614,1.42622,2.44,1.00
2014.04.03 20:55:23.168,1.42612,1.42622,1.50,1.00
2014.04.03 20:55:26.548,1.42615,1.42622,1.50,1.00
2014.04.03 20:55:26.650,1.42615,1.42624,1.50,1.50
2014.04.03 20:55:27.730,1.42615,1.42625,1.50,1.13
2014.04.03 20:55:29.232,1.42615,1.42625,1.50,1.38
2014.04.03 20:55:29.901,1.42615,1.42625,1.50,1.00
2014.04.03 20:55:41.849,1.42615,1.42625,1.50,1.38
2014.04.03 20:55:43.176,1.42616,1.42625,1.50,1.38
2014.04.03 20:55:59.750,1.42616,1.42625,1.50,1.13
2014.04.03 20:56:00.416,1.42616,1.42624,1.50,1.00
2014.04.03 20:56:01.105,1.42616,1.42624,1.75,1.00
2014.04.03 20:56:01.207,1.42616,1.42624,2.25,1.38
2014.04.03 20:56:04.201,1.42616,1.42624,1.50,1.38
2014.04.03 20:56:07.575,1.42616,1.42624,2.25,1.38
2014.04.03 20:56:10.889,1.42616,1.42625,2.25,1.38
2014.04.03 20:56:15.655,1.42616,1.42625,2.25,1.38
2014.04.03 20:56:16.169,1.42616,1.42625,2.25,1.38
2014.04.03 20:56:17.513,1.42616,1.42625,2.25,1.38
2014.04.03 20:56:24.898,1.42618,1.42625,1.50,1.00
2014.04.03 20:56:26.027,1.42618,1.42625,1.50,1.38
2014.04.03 20:56:26.738,1.42618,1.42626,1.50,1.38
2014.04.03 20:56:27.660,1.42618,1.42627,1.50,3.38
2014.04.03 20:56:27.968,1.42618,1.42625,1.50,1.38
2014.04.03 20:56:28.322,1.42618,1.42627,1.50,2.63
2014.04.03 20:56:29.040,1.42617,1.42625,2.25,1.00
2014.04.03 20:56:29.699,1.42617,1.42627,2.25,2.63
2014.04.03 20:56:30.057,1.42617,1.42625,2.25,1.00
2014.04.03 20:56:30.395,1.42617,1.42625,2.25,1.38
2014.04.03 20:56:30.722,1.42617,1.42625,2.25,1.00
2014.04.03 20:56:31.025,1.42617,1.42625,2.25,1.38
2014.04.03 20:56:31.379,1.42617,1.42625,3.75,1.00
2014.04.03 20:56:31.791,1.42617,1.42627,3.75,2.63
2014.04.03 20:56:32.146,1.42618,1.42625,1.50,1.00
2014.04.03 20:56:33.084,1.42618,1.42625,1.50,1.38
2014.04.03 20:56:33.613,1.42618,1.42625,1.50,1.88
2014.04.03 20:56:34.845,1.42618,1.42625,1.50,1.88
2014.04.03 20:56:35.373,1.42618,1.42625,1.50,1.00
2014.04.03 20:56:35.941,1.42618,1.42625,1.50,1.38
2014.04.03 20:56:36.147,1.42618,1.42626,1.50,1.88
2014.04.03 20:56:36.595,1.42618,1.42625,1.50,1.38
2014.04.03 20:56:36.912,1.42618,1.42624,1.50,1.38
2014.04.03 20:56:39.516,1.42618,1.42627,2.25,3.38
2014.04.03 20:56:41.061,1.42619,1.42627,1.50,3.38
2014.04.03 20:56:41.694,1.42619,1.42627,1.50,3.38
2014.04.03 20:56:47.969,1.42619,1.42627,1.69,1.38
2014.04.03 20:57:01.274,1.42618,1.42626,1.50,1.38
2014.04.03 20:57:01.375,1.42618,1.42626,1.50,1.38
2014.04.03 20:57:02.907,1.42618,1.42626,3.75,1.38
2014.04.03 20:57:03.034,1.42622,1.4263,1.50,1.38
2014.04.03 20:57:03.538,1.42622,1.42631,1.19,1.38
2014.04.03 20:57:03.995,1.42619,1.42624,2.25,1.50
2014.04.03 20:57:04.298,1.42612,1.42616,1.00,1.00
2014.04.03 20:57:04.349,1.42612,1.42615,1.13,1.00
2014.04.03 20:57:05.678,1.42611,1.42615,1.50,1.00
2014.04.03 20:57:06.435,1.42611,1.42614,1.13,1.00
2014.04.03 20:57:08.322,1.42611,1.42614,1.13,1.00
2014.04.03 20:57:09.305,1.42611,1.42614,1.13,1.00
2014.04.03 20:57:09.830,1.42611,1.42614,1.13,1.00
2014.04.03 20:57:09.881,1.42611,1.42613,1.13,1.00
2014.04.03 20:57:09.982,1.42611,1.42616,1.50,1.00
2014.04.03 20:57:12.130,1.42611,1.42614,1.13,1.00
2014.04.03 20:57:14.679,1.42611,1.42615,1.50,1.00
2014.04.03 20:57:14.882,1.42611,1.42615,1.50,1.00
2014.04.03 20:57:16.488,1.42611,1.42614,1.50,1.00
2014.04.03 20:57:19.843,1.42611,1.42615,1.50,1.00
2014.04.03 20:57:20.289,1.42611,1.42614,1.50,1.00
2014.04.03 20:57:31.171,1.42611,1.42619,1.50,1.38
2014.04.03 20:57:31.374,1.42611,1.42614,1.50,1.00
2014.04.03 20:57:31.526,1.42611,1.42618,1.50,1.38
2014.04.03 20:57:31.728,1.42611,1.42618,1.50,1.00
2014.04.03 20:57:31.829,1.42611,1.42614,1.13,1.38
2014.04.03 20:57:32.190,1.42611,1.42617,1.50,1.38
2014.04.03 20:57:33.044,1.42611,1.42617,1.50,1.38
2014.04.03 20:57:33.195,1.42611,1.42614,1.50,1.00
2014.04.03 20:57:33.723,1.42611,1.42616,1.50,1.38
2014.04.03 20:57:34.253,1.4261,1.42616,2.44,1.00
2014.04.03 20:57:34.893,1.42609,1.42616,1.19,1.38
2014.04.03 20:57:35.095,1.42609,1.42616,1.19,1.13
2014.04.03 20:57:37.194,1.42609,1.42616,2.44,1.38
2014.04.03 20:57:45.244,1.4261,1.42618,1.19,1.38
2014.04.03 20:57:45.300,1.4261,1.42618,1.19,1.38
2014.04.03 20:57:46.802,1.4261,1.42618,1.19,1.38
2014.04.03 20:57:47.427,1.42611,1.42619,1.19,1.38
2014.04.03 20:57:47.973,1.42609,1.42619,2.07,1.38
2014.04.03 20:57:51.299,1.42612,1.42619,1.50,1.00
2014.04.03 20:57:51.382,1.42612,1.42617,1.50,1.00
2014.04.03 20:57:54.083,1.42612,1.42617,1.13,1.38
2014.04.03 20:57:54.235,1.42612,1.42617,1.50,1.00
2014.04.03 20:57:54.538,1.42612,1.42618,1.50,1.38
2014.04.03 20:57:55.959,1.4261,1.42618,2.07,1.38
2014.04.03 20:57:56.143,1.4261,1.42618,2.07,1.13
2014.04.03 20:57:57.013,1.4261,1.42618,1.57,1.38
2014.04.03 20:57:57.558,1.42613,1.42618,1.19,1.00
2014.04.03 20:57:58.268,1.4261,1.42618,1.38,1.38
2014.04.03 20:57:58.369,1.4261,1.42617,1.57,1.00
2014.04.03 20:57:59.285,1.42613,1.42622,1.19,1.38
2014.04.03 20:57:59.339,1.42615,1.42622,1.19,1.38
2014.04.03 20:58:00.100,1.42615,1.42622,1.19,1.38
2014.04.03 20:58:00.413,1.42613,1.42618,1.19,1.00
2014.04.03 20:58:00.618,1.42613,1.42618,1.19,1.00
2014.04.03 20:58:01.038,1.42613,1.42625,1.19,2.25
2014.04.03 20:58:01.633,1.42613,1.42622,1.19,1.38
2014.04.03 20:58:01.939,1.42615,1.42622,1.19,1.38
2014.04.03 20:58:05.960,1.42615,1.42622,2.44,1.38
2014.04.03 20:58:09.735,1.42615,1.42622,1.32,1.38
2014.04.03 20:58:12.807,1.42614,1.42622,2.25,1.38
2014.04.03 20:58:20.076,1.42614,1.42622,2.44,1.88
2014.04.03 20:58:25.209,1.42615,1.42622,1.19,1.38
2014.04.03 20:58:31.042,1.42613,1.42623,1.19,1.88
2014.04.03 20:58:31.755,1.42611,1.42623,1.54,1.88
2014.04.03 20:58:32.339,1.42611,1.42622,1.54,1.38
2014.04.03 20:58:34.031,1.42609,1.42621,3.04,1.38
2014.04.03 20:58:35.522,1.42611,1.42621,1.05,1.38
2014.04.03 20:58:36.037,1.4261,1.42621,1.54,1.38
2014.04.03 20:58:36.786,1.42612,1.42621,1.19,1.38
2014.04.03 20:58:39.151,1.4261,1.42621,1.42,1.38
2014.04.03 20:58:40.248,1.4261,1.42618,1.42,1.38
2014.04.03 20:58:41.491,1.42613,1.42618,1.00,1.38
2014.04.03 20:58:42.772,1.4261,1.42618,1.23,1.38
2014.04.03 20:58:42.873,1.42608,1.42616,1.19,1.38
2014.04.03 20:58:42.923,1.42608,1.42613,1.00,1.38
2014.04.03 20:58:42.975,1.42607,1.42613,1.25,1.38
2014.04.03 20:58:43.126,1.42606,1.42609,1.19,1.88
2014.04.03 20:58:43.177,1.42602,1.42605,1.00,2.25
2014.04.03 20:58:43.228,1.42597,1.42605,1.19,2.25
2014.04.03 20:58:43.328,1.42595,1.42605,1.69,2.25
2014.04.03 20:58:43.854,1.42594,1.42605,2.44,2.25
2014.04.03 20:58:44.400,1.42596,1.42606,1.32,1.00
2014.04.03 20:58:44.914,1.42595,1.42606,2.07,1.00
2014.04.03 20:58:46.734,1.42595,1.42605,1.57,2.25
2014.04.03 20:58:48.579,1.42595,1.42608,1.57,2.25
2014.04.03 20:58:49.579,1.42595,1.42608,2.07,1.88
2014.04.03 20:58:50.664,1.42595,1.42607,2.07,1.50
2014.04.03 20:58:50.967,1.42596,1.42606,1.19,2.25
2014.04.03 20:58:51.511,1.42594,1.42606,1.19,1.50
2014.04.03 20:58:51.941,1.42595,1.42606,1.32,2.25
2014.04.03 20:58:56.054,1.42595,1.42606,1.32,3.38
2014.04.03 20:58:56.772,1.42595,1.42606,1.32,3.38
2014.04.03 20:58:59.675,1.42595,1.42606,1.19,1.88
2014.04.03 20:58:59.776,1.42595,1.42605,1.19,1.13
2014.04.03 20:58:59.877,1.42595,1.42602,1.19,2.25
2014.04.03 20:59:00.189,1.42594,1.42601,1.19,1.88
2014.04.03 20:59:00.441,1.4259,1.42601,2.44,1.50
2014.04.03 20:59:00.970,1.42591,1.42601,1.19,1.50
2014.04.03 20:59:03.047,1.4259,1.42597,0.75,0.38
2014.04.03 20:59:05.479,1.42591,1.42597,0.75,0.38
2014.04.03 20:59:05.997,1.42592,1.42597,0.38,0.38
2014.04.03 20:59:06.420,1.42593,1.426,0.75,0.75
2014.04.03 20:59:06.471,1.42593,1.42603,1.50,1.50
2014.04.03 20:59:06.623,1.42591,1.42603,1.50,1.50
2014.04.03 20:59:06.875,1.42593,1.42603,0.75,1.50
2014.04.03 20:59:07.458,1.42594,1.42603,1.50,1.50
2014.04.03 20:59:07.921,1.42594,1.42607,1.50,1.50
2014.04.03 20:59:08.822,1.42594,1.42606,0.75,0.75
2014.04.03 20:59:08.873,1.42592,1.42606,1.50,1.50
2014.04.03 20:59:08.923,1.42594,1.42606,0.75,0.75
2014.04.03 20:59:09.568,1.42594,1.42607,1.88,1.50
2014.04.03 20:59:09.855,1.42592,1.42606,1.50,1.50
2014.04.03 20:59:10.583,1.42593,1.42606,0.75,0.75
2014.04.03 20:59:11.168,1.42593,1.42607,1.50,1.50
2014.04.03 20:59:13.806,1.42593,1.42604,1.50,0.38
2014.04.03 20:59:13.906,1.42593,1.42606,1.50,0.38
2014.04.03 20:59:14.432,1.42592,1.42603,1.50,1.50
2014.04.03 20:59:15.033,1.42593,1.42603,1.50,1.50
2014.04.03 20:59:17.371,1.42593,1.42604,1.50,1.50
2014.04.03 20:59:18.259,1.42596,1.42604,0.75,1.50
2014.04.03 20:59:18.513,1.42594,1.42604,1.50,1.50
2014.04.03 20:59:34.952,1.42594,1.42605,1.50,0.38
2014.04.03 20:59:38.585,1.42594,1.42606,1.50,0.38
2014.04.03 20:59:42.692,1.42594,1.42604,1.50,0.38
2014.04.03 20:59:42.846,1.42592,1.42604,1.50,0.38
2014.04.03 20:59:44.915,1.42594,1.42604,0.75,0.38
2014.04.03 20:59:45.732,1.42594,1.42606,1.50,0.38
2014.04.03 20:59:47.273,1.42594,1.42608,1.50,1.50
2014.04.03 20:59:50.483,1.42594,1.42604,1.50,0.38
2014.04.03 20:59:50.822,1.42594,1.42597,1.50,0.75
2014.04.03 20:59:50.875,1.42573,1.42586,1.50,0.38
2014.04.03 20:59:51.004,1.42575,1.42589,1.50,1.50
2014.04.03 20:59:51.356,1.42579,1.42593,1.50,1.50
2014.04.03 20:59:53.010,1.42575,1.42589,1.50,1.50
2014.04.03 20:59:54.518,1.42579,1.42593,1.50,1.50
2014.04.03 20:59:55.144,1.42584,1.42593,0.75,0.75
2014.04.03 20:59:55.195,1.42584,1.42598,1.50,1.50
2014.04.03 20:59:56.151,1.42583,1.42596,1.50,1.50
2014.04.03 20:59:58.196,1.42584,1.42596,0.75,0.75
2014.04.03 20:59:58.254,1.42584,1.42598,1.50,1.50
