2014.04.25 18:00:00.417,1.41381,1.41389,3.57,3.57
2014.04.25 18:00:00.469,1.41381,1.41389,2.07,5.07
2014.04.25 18:00:00.571,1.41381,1.41389,2.07,4.32
2014.04.25 18:00:00.774,1.41381,1.41388,1.88,3.19
2014.04.25 18:00:01.027,1.41377,1.41385,3.98,2.82
2014.04.25 18:00:01.432,1.41377,1.41385,4.73,2.44
2014.04.25 18:00:01.596,1.41379,1.41387,1.50,3.57
2014.04.25 18:00:02.145,1.4138,1.41387,1.00,3.19
2014.04.25 18:00:02.599,1.41381,1.41389,2.25,2.82
2014.04.25 18:00:02.860,1.41381,1.41389,1.50,3.57
2014.04.25 18:00:02.961,1.41381,1.41388,1.50,1.63
2014.04.25 18:00:04.069,1.41381,1.41387,1.50,1.32
2014.04.25 18:00:07.240,1.41379,1.41386,1.69,1.32
2014.04.25 18:00:07.748,1.41377,1.41385,4.17,2.44
2014.04.25 18:00:08.330,1.41377,1.41384,3.79,2.63
2014.04.25 18:00:08.533,1.41377,1.41382,2.10,1.19
2014.04.25 18:00:09.500,1.41377,1.41383,2.10,2.44
2014.04.25 18:00:10.347,1.41377,1.41383,4.35,1.25
2014.04.25 18:00:10.788,1.41377,1.41383,4.73,1.25
2014.04.25 18:00:11.211,1.41377,1.41385,4.92,2.07
2014.04.25 18:00:11.414,1.41377,1.41383,3.98,1.19
2014.04.25 18:00:12.305,1.41377,1.41385,4.35,2.82
2014.04.25 18:00:12.900,1.41377,1.41385,4.54,2.44
2014.04.25 18:00:13.414,1.41377,1.41385,4.92,1.50
2014.04.25 18:00:14.026,1.41379,1.41387,1.88,2.44
2014.04.25 18:00:16.139,1.41379,1.41385,1.50,1.25
2014.04.25 18:00:16.668,1.41378,1.41385,1.13,2.44
2014.04.25 18:00:17.724,1.41378,1.41384,1.00,1.25
2014.04.25 18:00:18.232,1.41377,1.41384,4.35,1.25
2014.04.25 18:00:19.027,1.41377,1.41384,5.10,1.25
2014.04.25 18:00:23.109,1.41377,1.41384,5.10,1.25
2014.04.25 18:00:23.734,1.41377,1.41384,4.92,1.25
2014.04.25 18:00:25.121,1.41381,1.41384,1.00,1.25
2014.04.25 18:00:26.353,1.41381,1.41384,1.00,1.19
2014.04.25 18:00:30.940,1.4138,1.41383,1.00,2.44
2014.04.25 18:00:31.244,1.41377,1.41381,1.00,2.82
2014.04.25 18:00:31.852,1.41376,1.41381,1.73,2.82
2014.04.25 18:00:36.906,1.41375,1.4138,2.85,1.19
2014.04.25 18:00:40.191,1.41376,1.4138,1.30,1.25
2014.04.25 18:00:45.642,1.41376,1.4138,1.30,1.19
2014.04.25 18:00:50.278,1.41376,1.41381,1.30,2.44
2014.04.25 18:00:51.373,1.41376,1.4138,1.30,1.19
2014.04.25 18:00:58.911,1.41375,1.4138,2.85,1.25
2014.04.25 18:00:59.461,1.41375,1.41379,2.10,1.00
2014.04.25 18:01:00.145,1.41375,1.41379,2.10,2.82
2014.04.25 18:01:01.613,1.41373,1.41378,1.30,1.25
2014.04.25 18:01:06.414,1.41372,1.41377,2.85,1.25
2014.04.25 18:01:09.597,1.41372,1.41377,2.48,1.19
2014.04.25 18:01:10.717,1.41372,1.41378,2.48,1.32
2014.04.25 18:01:10.878,1.41371,1.41378,2.10,1.32
2014.04.25 18:01:16.018,1.4137,1.41376,1.60,1.25
2014.04.25 18:01:16.662,1.41369,1.41377,3.23,2.44
2014.04.25 18:01:27.952,1.41369,1.41377,4.17,2.44
2014.04.25 18:01:29.422,1.41369,1.41377,4.17,2.44
2014.04.25 18:01:30.659,1.41369,1.41377,4.17,2.44
2014.04.25 18:01:35.441,1.41369,1.41377,3.98,1.50
2014.04.25 18:01:42.594,1.41369,1.41373,3.79,1.00
2014.04.25 18:01:50.608,1.41367,1.41374,3.04,1.69
2014.04.25 18:01:51.710,1.41369,1.41375,2.10,1.25
2014.04.25 18:01:52.222,1.41369,1.41376,2.48,1.13
2014.04.25 18:01:53.529,1.41369,1.41375,1.73,1.00
2014.04.25 18:01:54.438,1.41369,1.41377,2.48,3.57
2014.04.25 18:01:55.356,1.41369,1.41375,1.73,1.00
2014.04.25 18:02:04.715,1.41367,1.41374,2.85,1.25
2014.04.25 18:02:08.331,1.41367,1.41374,2.85,1.69
2014.04.25 18:02:09.332,1.41367,1.41374,3.04,1.25
2014.04.25 18:02:09.842,1.41367,1.41375,3.23,1.50
2014.04.25 18:02:10.609,1.41367,1.41374,2.48,1.00
2014.04.25 18:02:12.526,1.41367,1.41374,2.85,1.00
2014.04.25 18:02:13.397,1.41367,1.41371,1.60,1.50
2014.04.25 18:02:13.448,1.41367,1.41371,1.00,1.50
2014.04.25 18:02:13.499,1.41363,1.41367,3.38,1.00
2014.04.25 18:02:13.751,1.4136,1.41367,2.10,2.44
2014.04.25 18:02:13.802,1.4136,1.41365,1.73,1.50
2014.04.25 18:02:15.299,1.41357,1.41365,2.85,1.50
2014.04.25 18:02:18.119,1.41357,1.41364,2.48,1.25
2014.04.25 18:02:18.377,1.41355,1.41363,2.82,1.50
2014.04.25 18:02:18.503,1.41354,1.41361,1.13,1.50
2014.04.25 18:02:19.008,1.41356,1.41363,1.50,1.00
2014.04.25 18:02:19.060,1.41361,1.41363,1.13,1.50
2014.04.25 18:02:19.162,1.41364,1.41366,2.10,1.00
2014.04.25 18:02:19.668,1.41365,1.41367,2.10,1.13
2014.04.25 18:02:20.332,1.41365,1.41373,2.85,1.88
2014.04.25 18:02:20.434,1.41366,1.41373,1.13,1.50
2014.04.25 18:02:21.343,1.41367,1.41373,1.00,1.50
2014.04.25 18:02:22.051,1.41365,1.41373,5.29,1.50
2014.04.25 18:02:26.523,1.41367,1.41373,2.07,1.50
2014.04.25 18:02:27.869,1.41366,1.41373,2.82,1.50
2014.04.25 18:02:32.195,1.41368,1.41373,1.57,1.50
2014.04.25 18:02:32.525,1.41368,1.41376,3.19,1.50
2014.04.25 18:02:38.203,1.41375,1.4138,2.10,2.82
2014.04.25 18:02:38.306,1.41377,1.41379,2.48,1.50
2014.04.25 18:02:38.358,1.41377,1.41381,3.23,1.38
2014.04.25 18:02:38.459,1.41377,1.41384,4.73,1.50
2014.04.25 18:02:38.567,1.41379,1.41385,1.25,1.88
2014.04.25 18:02:39.023,1.41377,1.41383,3.42,1.88
2014.04.25 18:02:39.611,1.41376,1.41383,3.38,3.00
2014.04.25 18:02:40.076,1.41376,1.41383,1.50,3.00
2014.04.25 18:02:40.579,1.41376,1.41381,1.25,1.50
2014.04.25 18:02:40.781,1.41376,1.41383,1.57,1.50
2014.04.25 18:02:40.882,1.41377,1.41383,2.48,1.50
2014.04.25 18:02:41.186,1.41377,1.41385,2.07,2.25
2014.04.25 18:02:41.490,1.41376,1.41382,1.25,1.88
2014.04.25 18:02:47.473,1.41374,1.41382,4.54,1.88
2014.04.25 18:02:47.524,1.41374,1.41382,3.98,1.88
2014.04.25 18:02:47.575,1.41374,1.41379,3.23,1.38
2014.04.25 18:02:48.191,1.41374,1.41378,2.10,1.88
2014.04.25 18:02:56.323,1.41374,1.41378,2.10,1.88
2014.04.25 18:03:00.930,1.41376,1.41378,2.10,1.50
2014.04.25 18:03:01.083,1.41376,1.41381,2.29,1.50
2014.04.25 18:03:01.185,1.41375,1.41383,1.69,4.13
2014.04.25 18:03:01.286,1.41375,1.41381,1.19,1.00
2014.04.25 18:03:01.437,1.41374,1.41381,2.10,1.88
2014.04.25 18:03:03.290,1.41374,1.41381,2.10,2.63
2014.04.25 18:03:05.925,1.41373,1.41381,1.88,3.57
2014.04.25 18:03:13.258,1.41372,1.41379,2.67,1.88
2014.04.25 18:03:13.770,1.41372,1.41379,2.67,2.07
2014.04.25 18:03:14.977,1.41372,1.41379,2.10,2.25
2014.04.25 18:03:21.790,1.41372,1.41378,2.10,1.00
2014.04.25 18:03:26.256,1.41372,1.41378,2.29,1.00
2014.04.25 18:03:28.049,1.41372,1.41378,2.29,2.25
2014.04.25 18:03:33.565,1.41372,1.41378,2.67,2.25
2014.04.25 18:03:34.780,1.41372,1.41378,2.29,2.63
2014.04.25 18:03:35.759,1.41372,1.41376,2.29,1.50
2014.04.25 18:03:36.093,1.41372,1.41378,1.05,3.00
2014.04.25 18:03:37.766,1.4137,1.41378,2.82,2.63
2014.04.25 18:03:37.867,1.4137,1.41375,1.00,1.00
2014.04.25 18:03:38.171,1.41367,1.41375,2.63,2.25
2014.04.25 18:03:40.705,1.41367,1.41375,2.25,2.07
2014.04.25 18:03:41.207,1.41367,1.41371,2.25,1.00
2014.04.25 18:03:44.348,1.41365,1.41371,2.25,1.00
2014.04.25 18:03:45.176,1.41365,1.41372,2.25,1.25
2014.04.25 18:03:49.372,1.41365,1.41372,3.19,1.00
2014.04.25 18:03:51.265,1.41365,1.41373,2.82,1.69
2014.04.25 18:03:51.795,1.41365,1.41373,2.63,1.69
2014.04.25 18:03:52.377,1.41365,1.41373,2.63,1.69
2014.04.25 18:03:56.690,1.41365,1.41373,2.25,2.44
2014.04.25 18:03:57.736,1.41365,1.4137,2.25,1.19
2014.04.25 18:03:58.726,1.41365,1.4137,1.00,1.25
2014.04.25 18:04:03.010,1.41365,1.41371,1.00,2.44
2014.04.25 18:04:04.060,1.41365,1.4137,1.00,1.19
2014.04.25 18:04:05.057,1.41365,1.4137,1.00,1.25
2014.04.25 18:04:06.940,1.41365,1.41371,1.00,2.44
2014.04.25 18:04:08.668,1.41365,1.41371,1.00,2.44
2014.04.25 18:04:12.829,1.41364,1.41371,3.23,2.44
2014.04.25 18:04:13.541,1.41364,1.41371,3.23,2.44
2014.04.25 18:04:15.629,1.41364,1.41371,3.23,2.44
2014.04.25 18:04:19.151,1.41364,1.41371,3.42,2.44
2014.04.25 18:04:22.173,1.41364,1.41371,2.85,2.44
2014.04.25 18:04:22.677,1.41364,1.41369,2.10,1.69
2014.04.25 18:04:26.744,1.41361,1.41364,1.13,1.00
2014.04.25 18:04:27.047,1.4136,1.41362,1.00,1.50
2014.04.25 18:04:27.148,1.41355,1.41362,1.50,1.50
2014.04.25 18:04:27.737,1.41354,1.41362,3.42,1.88
2014.04.25 18:04:28.874,1.41356,1.41362,1.00,1.50
2014.04.25 18:04:34.389,1.41356,1.41362,1.00,2.44
2014.04.25 18:04:35.479,1.41356,1.41362,1.13,2.44
2014.04.25 18:04:36.006,1.4136,1.41364,2.85,1.25
2014.04.25 18:04:36.107,1.41364,1.41368,1.00,1.13
2014.04.25 18:04:36.650,1.41364,1.4137,1.00,2.44
2014.04.25 18:04:37.169,1.41364,1.4137,1.00,2.44
2014.04.25 18:04:37.726,1.41363,1.41368,1.50,1.00
2014.04.25 18:04:38.029,1.41363,1.41366,1.13,1.50
2014.04.25 18:04:39.489,1.41363,1.41367,1.13,4.32
2014.04.25 18:04:39.540,1.41359,1.41365,1.60,1.13
2014.04.25 18:04:40.109,1.41358,1.41364,2.10,1.50
2014.04.25 18:04:48.650,1.41358,1.41363,3.98,1.25
2014.04.25 18:04:50.324,1.41358,1.41363,2.10,2.82
2014.04.25 18:04:52.258,1.41358,1.41363,2.10,1.88
2014.04.25 18:04:57.564,1.41358,1.41363,2.85,2.44
2014.04.25 18:05:01.121,1.41358,1.41363,2.63,2.07
2014.04.25 18:05:01.172,1.41358,1.41363,1.38,2.07
2014.04.25 18:05:01.324,1.41355,1.41361,1.00,1.00
2014.04.25 18:05:03.093,1.41355,1.41362,1.88,1.32
2014.04.25 18:05:03.659,1.41355,1.41362,1.88,1.32
2014.04.25 18:05:05.032,1.41355,1.41361,1.88,1.25
2014.04.25 18:05:06.350,1.41355,1.41361,1.88,1.19
2014.04.25 18:05:06.909,1.41355,1.41361,1.88,1.19
2014.04.25 18:05:12.423,1.41355,1.4136,1.88,1.25
2014.04.25 18:05:16.766,1.41355,1.4136,1.88,1.25
2014.04.25 18:05:18.992,1.41353,1.41361,1.50,2.82
2014.04.25 18:05:20.344,1.41353,1.41361,3.00,3.19
2014.04.25 18:05:21.074,1.41353,1.41361,2.25,3.19
2014.04.25 18:05:22.366,1.41353,1.4136,3.00,1.19
2014.04.25 18:05:23.313,1.41353,1.4136,2.63,1.19
2014.04.25 18:05:25.435,1.41354,1.4136,1.50,1.19
2014.04.25 18:05:25.588,1.41355,1.41361,1.50,1.88
2014.04.25 18:05:27.218,1.41356,1.41363,1.13,1.69
2014.04.25 18:05:28.349,1.41356,1.41363,1.13,2.44
2014.04.25 18:05:29.571,1.41356,1.41363,1.50,2.82
2014.04.25 18:05:30.078,1.41358,1.41361,2.25,1.50
2014.04.25 18:05:30.592,1.41358,1.41361,1.00,1.50
2014.04.25 18:05:30.694,1.41358,1.41361,1.00,1.88
2014.04.25 18:05:30.846,1.41356,1.41359,1.00,4.32
2014.04.25 18:05:30.897,1.41353,1.41355,1.00,1.50
2014.04.25 18:05:30.948,1.41351,1.41354,1.30,1.50
2014.04.25 18:05:31.766,1.4135,1.41356,1.60,3.94
2014.04.25 18:05:31.817,1.41354,1.41356,1.00,2.82
2014.04.25 18:05:31.918,1.41354,1.41358,1.32,1.69
2014.04.25 18:05:32.077,1.41354,1.41359,1.73,1.19
2014.04.25 18:05:32.179,1.41356,1.4136,1.13,3.57
2014.04.25 18:05:37.487,1.41357,1.4136,2.10,2.44
2014.04.25 18:05:37.989,1.41355,1.41362,1.73,3.57
2014.04.25 18:05:39.050,1.41355,1.41362,1.73,1.69
2014.04.25 18:05:42.331,1.41357,1.41362,1.35,2.44
2014.04.25 18:05:47.123,1.41357,1.41361,1.35,1.19
2014.04.25 18:05:49.940,1.41357,1.4136,1.73,1.69
2014.04.25 18:05:50.852,1.41354,1.41362,2.48,5.44
2014.04.25 18:05:51.003,1.41352,1.4136,1.88,3.57
2014.04.25 18:05:51.681,1.41352,1.41359,1.88,1.19
2014.04.25 18:05:54.133,1.41352,1.41358,1.88,1.19
2014.04.25 18:05:58.913,1.41353,1.41359,1.50,2.07
2014.04.25 18:06:00.141,1.41353,1.41359,1.50,1.25
2014.04.25 18:06:06.726,1.41354,1.4136,1.88,1.57
2014.04.25 18:06:06.827,1.41352,1.41357,2.00,2.25
2014.04.25 18:06:07.080,1.4135,1.41353,1.00,1.00
2014.04.25 18:06:07.131,1.41347,1.41353,1.00,1.00
2014.04.25 18:06:07.672,1.41346,1.41353,1.00,1.50
2014.04.25 18:06:13.073,1.41346,1.41353,1.13,2.44
2014.04.25 18:06:15.423,1.41346,1.41353,2.85,2.44
2014.04.25 18:06:15.945,1.41347,1.41353,1.35,1.69
2014.04.25 18:06:16.466,1.4135,1.41353,1.13,1.69
2014.04.25 18:06:16.769,1.4135,1.41358,2.85,2.07
2014.04.25 18:06:16.871,1.41351,1.41358,1.73,1.50
2014.04.25 18:06:20.805,1.41351,1.41358,1.60,2.44
2014.04.25 18:06:21.330,1.4135,1.41358,3.60,2.82
2014.04.25 18:06:21.381,1.41351,1.41358,1.30,3.19
2014.04.25 18:06:21.585,1.41349,1.41355,1.05,2.63
2014.04.25 18:06:22.193,1.41348,1.41355,2.10,3.57
2014.04.25 18:06:23.662,1.41348,1.41354,2.10,1.32
2014.04.25 18:06:27.281,1.41348,1.41353,2.10,1.19
2014.04.25 18:06:33.828,1.41348,1.41353,2.10,1.25
2014.04.25 18:06:41.134,1.41348,1.41352,2.10,1.25
2014.04.25 18:06:44.097,1.41348,1.41352,2.10,1.19
2014.04.25 18:06:52.628,1.41345,1.41352,2.48,1.19
2014.04.25 18:06:56.182,1.41345,1.41351,2.85,1.25
2014.04.25 18:06:56.925,1.41345,1.41353,3.60,3.19
2014.04.25 18:06:56.986,1.41345,1.41353,3.23,3.19
2014.04.25 18:06:58.702,1.41346,1.41353,1.00,1.32
2014.04.25 18:06:59.255,1.41346,1.41353,1.50,1.32
2014.04.25 18:07:01.540,1.41346,1.41352,1.50,1.19
2014.04.25 18:07:02.538,1.41346,1.41352,1.50,1.25
2014.04.25 18:07:06.693,1.41346,1.41351,1.50,1.25
2014.04.25 18:07:08.050,1.41346,1.41351,1.50,1.19
2014.04.25 18:07:08.719,1.41346,1.41352,1.50,1.32
2014.04.25 18:07:14.053,1.41346,1.41352,2.25,1.19
2014.04.25 18:07:24.161,1.41346,1.41351,1.88,1.19
2014.04.25 18:07:27.183,1.41345,1.4135,1.68,1.19
2014.04.25 18:07:27.894,1.41347,1.4135,2.48,1.00
2014.04.25 18:07:30.618,1.41347,1.4135,2.48,1.25
2014.04.25 18:07:35.985,1.41347,1.41351,2.10,1.25
2014.04.25 18:07:37.773,1.41347,1.41351,2.10,1.19
2014.04.25 18:07:42.787,1.41351,1.41353,2.85,1.50
2014.04.25 18:07:42.838,1.41353,1.41355,1.00,1.00
2014.04.25 18:07:42.940,1.41353,1.4136,3.00,1.57
2014.04.25 18:07:43.041,1.41355,1.4136,2.63,1.19
2014.04.25 18:07:43.295,1.41355,1.41362,3.38,1.32
2014.04.25 18:07:46.595,1.41358,1.41362,1.50,1.25
2014.04.25 18:07:47.144,1.41356,1.41364,1.88,2.82
2014.04.25 18:07:50.416,1.41356,1.41363,1.88,1.19
2014.04.25 18:07:53.610,1.41356,1.41362,1.88,1.25
2014.04.25 18:07:53.661,1.41356,1.41359,1.13,1.25
2014.04.25 18:07:54.900,1.41355,1.41361,1.50,1.57
2014.04.25 18:07:55.906,1.41355,1.41361,1.88,1.25
2014.04.25 18:07:56.543,1.41355,1.41361,1.50,1.25
2014.04.25 18:07:58.085,1.41355,1.4136,1.00,1.00
2014.04.25 18:07:58.661,1.41355,1.41359,1.00,1.25
2014.04.25 18:07:59.186,1.41352,1.41359,3.57,1.25
2014.04.25 18:08:03.936,1.41354,1.41359,1.00,1.19
2014.04.25 18:08:04.155,1.41353,1.41359,1.88,1.19
2014.04.25 18:08:05.170,1.41354,1.4136,2.25,2.82
2014.04.25 18:08:05.474,1.41358,1.41362,1.88,1.00
2014.04.25 18:08:05.778,1.41364,1.41369,1.38,2.25
2014.04.25 18:08:05.879,1.41364,1.41369,1.38,2.25
2014.04.25 18:08:06.031,1.41368,1.41371,1.00,1.00
2014.04.25 18:08:06.132,1.41368,1.41373,1.32,1.50
2014.04.25 18:08:21.264,1.4137,1.41373,1.00,1.50
2014.04.25 18:08:21.315,1.4137,1.41375,1.00,1.69
2014.04.25 18:08:21.983,1.4137,1.41375,1.38,1.50
2014.04.25 18:08:26.200,1.41371,1.41377,1.00,3.19
2014.04.25 18:08:30.500,1.41371,1.41376,1.00,1.25
2014.04.25 18:08:42.131,1.41371,1.41376,1.88,1.25
2014.04.25 18:08:42.384,1.41372,1.41379,1.32,3.94
2014.04.25 18:08:43.999,1.41372,1.41379,1.30,2.44
2014.04.25 18:08:44.557,1.41371,1.41377,1.68,1.50
2014.04.25 18:08:45.877,1.41371,1.41377,1.35,1.50
2014.04.25 18:08:46.790,1.41371,1.41378,2.85,1.25
2014.04.25 18:08:50.323,1.41371,1.41377,2.29,1.00
2014.04.25 18:08:56.003,1.41372,1.41377,1.68,1.50
2014.04.25 18:09:01.210,1.41371,1.41377,2.10,1.50
2014.04.25 18:09:07.651,1.41371,1.41377,1.43,1.50
2014.04.25 18:09:08.252,1.41373,1.41377,1.38,1.00
2014.04.25 18:09:08.785,1.41373,1.41378,1.50,1.25
2014.04.25 18:09:09.655,1.41373,1.41378,1.50,1.25
2014.04.25 18:09:10.207,1.41373,1.41379,1.50,2.44
2014.04.25 18:09:15.686,1.41372,1.41379,2.00,2.44
2014.04.25 18:09:23.459,1.41373,1.41379,1.13,2.44
2014.04.25 18:09:23.762,1.41371,1.41377,1.35,2.07
2014.04.25 18:09:24.782,1.41371,1.41376,1.35,1.19
2014.04.25 18:09:25.837,1.41371,1.41376,1.35,1.25
2014.04.25 18:09:27.183,1.41373,1.41376,1.00,1.25
2014.04.25 18:09:27.436,1.41371,1.41377,2.10,1.69
2014.04.25 18:09:28.243,1.41371,1.41377,1.35,2.44
2014.04.25 18:09:28.781,1.41372,1.41377,1.00,2.44
2014.04.25 18:09:30.889,1.41371,1.41377,1.35,2.44
2014.04.25 18:09:33.794,1.41371,1.41376,1.35,1.19
2014.04.25 18:09:35.010,1.41371,1.41376,1.35,1.25
2014.04.25 18:09:36.205,1.41373,1.41376,1.00,1.25
2014.04.25 18:09:36.458,1.41371,1.41377,1.35,2.82
2014.04.25 18:09:36.509,1.41371,1.41377,1.73,2.44
2014.04.25 18:09:36.610,1.41371,1.41377,2.10,2.44
2014.04.25 18:09:37.275,1.41371,1.41377,1.35,2.44
2014.04.25 18:09:40.266,1.41369,1.41375,1.85,1.50
2014.04.25 18:09:42.196,1.41369,1.41376,3.23,1.25
2014.04.25 18:09:44.376,1.41371,1.41377,1.35,1.69
2014.04.25 18:09:45.387,1.41371,1.41377,1.35,2.44
2014.04.25 18:09:49.641,1.41371,1.41375,1.35,1.00
2014.04.25 18:09:55.886,1.41371,1.41377,1.35,2.82
2014.04.25 18:09:56.320,1.41373,1.41377,1.00,1.50
2014.04.25 18:09:56.625,1.41367,1.41371,1.00,1.50
2014.04.25 18:09:59.137,1.41367,1.41371,1.00,2.44
2014.04.25 18:09:59.545,1.41365,1.41371,1.00,2.44
2014.04.25 18:10:01.811,1.41364,1.4137,2.85,1.25
2014.04.25 18:10:02.534,1.41364,1.4137,2.85,1.19
2014.04.25 18:10:05.430,1.41364,1.41366,1.00,1.50
2014.04.25 18:10:05.481,1.41362,1.41366,2.10,1.50
2014.04.25 18:10:12.603,1.41362,1.41366,2.10,2.44
2014.04.25 18:10:13.317,1.4136,1.41366,1.00,1.50
2014.04.25 18:10:16.990,1.41359,1.41366,2.85,2.44
2014.04.25 18:10:17.432,1.41358,1.41364,1.00,1.00
2014.04.25 18:10:18.052,1.41356,1.41364,1.88,1.50
2014.04.25 18:10:20.086,1.41357,1.41364,1.38,1.50
2014.04.25 18:10:20.602,1.41358,1.41364,1.38,1.50
2014.04.25 18:10:22.947,1.41358,1.41364,1.00,1.50
2014.04.25 18:10:23.469,1.41358,1.41364,1.63,1.50
2014.04.25 18:10:23.974,1.41356,1.41364,2.82,1.50
2014.04.25 18:10:24.524,1.41357,1.41364,1.88,1.50
2014.04.25 18:10:25.039,1.41358,1.41364,1.63,1.50
2014.04.25 18:10:28.578,1.41357,1.41362,1.88,1.38
2014.04.25 18:10:33.159,1.41357,1.4136,1.38,1.00
2014.04.25 18:10:33.731,1.41357,1.4136,1.13,1.50
2014.04.25 18:10:41.630,1.41358,1.4136,1.00,1.50
2014.04.25 18:10:42.148,1.41359,1.4136,1.00,1.50
2014.04.25 18:10:47.053,1.41357,1.4136,1.38,1.50
2014.04.25 18:10:47.675,1.41356,1.4136,1.88,1.50
2014.04.25 18:10:50.670,1.41356,1.4136,1.13,1.88
2014.04.25 18:10:52.617,1.41355,1.4136,1.00,2.63
2014.04.25 18:10:52.920,1.41348,1.41353,2.25,1.50
2014.04.25 18:10:53.390,1.41345,1.41353,2.85,1.50
2014.04.25 18:11:00.814,1.41345,1.41353,2.48,1.69
2014.04.25 18:11:01.129,1.41345,1.41351,1.73,1.50
2014.04.25 18:11:01.650,1.41345,1.41351,1.30,1.35
2014.04.25 18:11:06.049,1.41344,1.41351,2.29,1.73
2014.04.25 18:11:06.253,1.41341,1.41349,3.00,1.35
2014.04.25 18:11:06.789,1.41341,1.41348,1.50,1.25
2014.04.25 18:11:07.479,1.41341,1.41348,1.50,3.19
2014.04.25 18:11:07.783,1.41338,1.41343,1.30,1.69
2014.04.25 18:11:08.691,1.41337,1.41343,1.60,2.44
2014.04.25 18:11:12.828,1.41336,1.41342,1.38,1.32
2014.04.25 18:11:13.130,1.41335,1.41341,2.25,1.19
2014.04.25 18:11:13.908,1.41335,1.4134,2.25,1.19
2014.04.25 18:11:14.975,1.41335,1.4134,2.25,1.25
2014.04.25 18:11:15.413,1.41335,1.4134,2.78,1.25
2014.04.25 18:11:19.799,1.41335,1.41339,1.88,1.25
2014.04.25 18:11:19.907,1.41335,1.41339,1.50,1.25
2014.04.25 18:11:21.536,1.41335,1.41339,1.50,1.63
2014.04.25 18:11:21.687,1.41333,1.41339,3.00,1.25
2014.04.25 18:11:21.738,1.41335,1.41339,2.10,1.25
2014.04.25 18:11:21.839,1.41335,1.41341,2.48,3.94
2014.04.25 18:11:24.608,1.41335,1.41341,2.10,3.19
2014.04.25 18:11:29.680,1.41335,1.41339,2.48,1.00
2014.04.25 18:11:33.185,1.41335,1.41339,2.10,2.44
2014.04.25 18:11:34.412,1.41335,1.41339,2.10,2.44
2014.04.25 18:11:45.901,1.41335,1.41339,2.48,2.44
2014.04.25 18:11:50.144,1.41335,1.41339,2.48,2.44
2014.04.25 18:11:51.968,1.41333,1.41339,1.35,1.25
2014.04.25 18:11:57.779,1.41332,1.41339,5.29,1.25
2014.04.25 18:11:58.082,1.41338,1.41343,1.68,1.13
2014.04.25 18:11:58.587,1.41339,1.41346,1.88,1.50
2014.04.25 18:12:00.209,1.4134,1.41346,1.50,1.50
2014.04.25 18:12:00.717,1.4134,1.41346,1.50,1.50
2014.04.25 18:12:01.388,1.4134,1.41346,1.50,1.50
2014.04.25 18:12:03.654,1.4134,1.41346,1.38,1.50
2014.04.25 18:12:04.168,1.4134,1.41348,3.00,1.69
2014.04.25 18:12:04.726,1.4134,1.41348,3.00,1.69
2014.04.25 18:12:05.749,1.4134,1.41348,3.79,1.50
2014.04.25 18:12:07.231,1.41342,1.4135,2.44,1.69
2014.04.25 18:12:09.243,1.41342,1.4135,2.07,1.69
2014.04.25 18:12:09.754,1.41344,1.41351,2.25,1.19
2014.04.25 18:12:11.534,1.41343,1.4135,2.07,1.50
2014.04.25 18:12:11.837,1.41352,1.41356,1.63,1.00
2014.04.25 18:12:11.888,1.41352,1.41356,1.25,2.25
2014.04.25 18:12:11.991,1.41352,1.41354,1.00,1.50
2014.04.25 18:12:12.244,1.41345,1.41352,3.98,1.50
2014.04.25 18:12:12.346,1.41345,1.4135,1.38,1.50
2014.04.25 18:12:12.397,1.41343,1.4135,1.00,1.50
2014.04.25 18:12:12.914,1.41342,1.4135,1.50,1.50
2014.04.25 18:12:13.376,1.41342,1.4135,1.50,3.38
2014.04.25 18:12:15.599,1.4134,1.41346,2.48,1.50
2014.04.25 18:12:18.592,1.41338,1.41346,3.79,1.50
2014.04.25 18:12:21.500,1.41339,1.41346,1.19,1.50
2014.04.25 18:12:22.705,1.41339,1.41346,1.00,1.50
2014.04.25 18:12:25.334,1.41338,1.41346,3.04,1.50
2014.04.25 18:12:27.370,1.41338,1.41346,2.67,1.50
2014.04.25 18:12:30.849,1.41338,1.41346,3.79,1.50
2014.04.25 18:12:32.504,1.41341,1.41346,1.00,1.50
2014.04.25 18:12:32.555,1.41341,1.41346,2.25,1.00
2014.04.25 18:12:32.657,1.41344,1.41348,1.73,1.00
2014.04.25 18:12:32.758,1.41345,1.41353,3.04,2.25
2014.04.25 18:12:32.859,1.41347,1.41355,1.88,6.00
2014.04.25 18:12:33.406,1.41348,1.41355,1.00,1.50
2014.04.25 18:12:35.424,1.41349,1.41355,1.00,1.00
2014.04.25 18:12:36.034,1.41349,1.41356,1.50,1.00
2014.04.25 18:12:41.009,1.41349,1.41355,1.69,1.00
2014.04.25 18:12:55.734,1.41348,1.41355,2.63,1.25
2014.04.25 18:12:57.774,1.41348,1.41354,1.32,1.00
2014.04.25 18:12:57.824,1.41347,1.4135,1.13,1.00
2014.04.25 18:12:58.127,1.41345,1.41348,1.50,1.13
2014.04.25 18:12:58.228,1.41342,1.41348,3.23,1.13
2014.04.25 18:12:58.757,1.41342,1.41349,2.48,1.88
2014.04.25 18:12:59.810,1.41343,1.41349,3.79,1.00
2014.04.25 18:12:59.860,1.41343,1.41351,4.54,1.50
2014.04.25 18:12:59.911,1.41343,1.41351,4.35,1.69
2014.04.25 18:13:00.012,1.41343,1.41351,3.98,1.69
2014.04.25 18:13:00.467,1.41345,1.41353,1.88,1.50
2014.04.25 18:13:00.569,1.41348,1.41353,1.00,1.00
2014.04.25 18:13:00.620,1.41348,1.41355,1.50,1.00
2014.04.25 18:13:00.822,1.41346,1.41354,2.10,1.50
2014.04.25 18:13:05.939,1.41346,1.41353,1.50,1.38
2014.04.25 18:13:06.241,1.41341,1.41347,2.10,1.50
2014.04.25 18:13:07.055,1.41341,1.41345,2.10,1.00
2014.04.25 18:13:07.257,1.4134,1.41345,2.48,1.50
2014.04.25 18:13:12.000,1.4134,1.41347,2.29,1.50
2014.04.25 18:13:12.513,1.41341,1.41347,1.92,1.50
2014.04.25 18:13:12.943,1.41341,1.41349,3.98,1.50
2014.04.25 18:13:13.195,1.41342,1.41346,1.13,1.00
2014.04.25 18:13:13.498,1.4134,1.41343,2.10,1.50
2014.04.25 18:13:13.600,1.4134,1.41345,2.10,1.50
2014.04.25 18:13:20.370,1.4134,1.41348,3.60,1.88
2014.04.25 18:13:21.978,1.4134,1.41346,2.10,1.50
2014.04.25 18:13:31.661,1.4134,1.41346,2.10,2.07
2014.04.25 18:13:35.259,1.4134,1.41344,2.10,1.00
2014.04.25 18:13:36.274,1.4134,1.41342,2.10,1.00
2014.04.25 18:13:36.827,1.41334,1.41342,3.04,1.50
2014.04.25 18:13:37.898,1.41334,1.41342,2.85,1.50
2014.04.25 18:13:38.154,1.41334,1.4134,1.35,1.50
2014.04.25 18:13:40.129,1.41334,1.41342,2.85,1.50
2014.04.25 18:13:40.179,1.41337,1.41342,1.50,1.50
2014.04.25 18:13:40.482,1.41339,1.41342,2.48,1.50
2014.04.25 18:13:41.289,1.41339,1.41344,2.48,2.25
2014.04.25 18:13:43.854,1.4134,1.41346,1.35,2.25
2014.04.25 18:13:49.826,1.41339,1.41346,2.48,2.82
2014.04.25 18:13:50.329,1.41339,1.41346,2.48,1.69
2014.04.25 18:13:50.835,1.41339,1.41346,2.48,1.88
2014.04.25 18:13:52.844,1.41339,1.41344,2.48,1.50
2014.04.25 18:13:52.945,1.41339,1.41342,2.48,1.50
2014.04.25 18:13:52.996,1.41335,1.41342,2.63,1.50
2014.04.25 18:13:53.607,1.41334,1.41342,2.85,1.50
2014.04.25 18:13:54.586,1.41333,1.4134,1.73,1.50
2014.04.25 18:13:56.400,1.41335,1.4134,1.00,1.00
2014.04.25 18:13:56.451,1.41335,1.41343,1.50,4.32
2014.04.25 18:13:57.289,1.41335,1.41343,1.50,4.32
2014.04.25 18:13:58.693,1.41335,1.4134,1.00,1.00
2014.04.25 18:13:59.219,1.41333,1.4134,1.17,1.50
2014.04.25 18:14:00.459,1.41334,1.41342,2.10,3.94
2014.04.25 18:14:16.526,1.41334,1.41342,1.50,2.82
2014.04.25 18:14:18.049,1.41332,1.41334,1.00,1.00
2014.04.25 18:14:18.354,1.4133,1.41332,2.10,1.00
2014.04.25 18:14:18.507,1.41327,1.41333,1.35,1.19
2014.04.25 18:14:18.608,1.41328,1.41335,1.50,1.00
2014.04.25 18:14:18.710,1.4133,1.41337,2.25,2.07
2014.04.25 18:14:18.761,1.4133,1.41337,4.13,1.00
2014.04.25 18:14:18.812,1.41332,1.41337,1.50,1.00
2014.04.25 18:14:18.913,1.41332,1.4134,1.50,2.40
2014.04.25 18:14:21.055,1.41332,1.4134,2.85,2.25
2014.04.25 18:14:21.156,1.41334,1.41342,1.88,1.88
2014.04.25 18:14:21.731,1.41334,1.41342,2.25,1.50
2014.04.25 18:14:22.236,1.41336,1.41344,1.88,4.32
2014.04.25 18:14:24.647,1.41336,1.41344,1.50,2.63
2014.04.25 18:14:25.554,1.41336,1.41344,1.50,1.88
2014.04.25 18:14:26.253,1.41336,1.41344,3.57,1.50
2014.04.25 18:14:29.598,1.41336,1.41344,3.57,1.50
2014.04.25 18:14:29.911,1.41344,1.4135,1.00,1.00
2014.04.25 18:14:29.962,1.41344,1.41352,1.50,2.63
2014.04.25 18:14:38.192,1.41344,1.41352,3.38,1.50
2014.04.25 18:14:38.393,1.41346,1.41354,1.50,3.19
2014.04.25 18:14:38.768,1.41349,1.41354,2.10,1.69
2014.04.25 18:14:38.970,1.4135,1.41357,2.48,1.69
2014.04.25 18:14:39.526,1.4135,1.41358,2.85,1.50
2014.04.25 18:14:40.082,1.41353,1.4136,1.50,1.50
2014.04.25 18:14:40.385,1.41355,1.4136,1.50,1.00
2014.04.25 18:14:46.264,1.41353,1.41361,1.69,2.82
2014.04.25 18:14:46.825,1.41353,1.41361,1.50,3.38
2014.04.25 18:14:47.503,1.41353,1.41361,1.50,3.38
2014.04.25 18:14:48.425,1.41355,1.41361,1.50,1.38
2014.04.25 18:14:53.169,1.41355,1.41362,1.50,1.57
2014.04.25 18:14:53.707,1.41355,1.4136,1.50,1.00
2014.04.25 18:14:54.636,1.41353,1.4136,2.25,1.13
2014.04.25 18:15:03.027,1.41353,1.41359,1.25,1.13
2014.04.25 18:15:06.938,1.41353,1.4136,2.07,1.32
2014.04.25 18:15:12.999,1.41355,1.41359,1.00,1.00
2014.04.25 18:15:13.986,1.41354,1.41359,1.00,1.13
2014.04.25 18:15:14.292,1.41354,1.41357,1.00,1.00
2014.04.25 18:15:14.393,1.41354,1.41359,1.00,2.25
2014.04.25 18:15:14.696,1.41356,1.4136,1.00,1.38
2014.04.25 18:15:17.503,1.41356,1.4136,1.00,1.00
2014.04.25 18:15:40.239,1.41354,1.4136,2.44,1.00
2014.04.25 18:15:55.915,1.41354,1.41357,2.44,1.00
2014.04.25 18:15:56.118,1.41348,1.41353,1.00,1.13
2014.04.25 18:15:56.370,1.41345,1.41353,2.25,3.00
2014.04.25 18:15:59.503,1.41345,1.41351,1.50,1.00
2014.04.25 18:15:59.942,1.41345,1.41349,1.50,1.00
2014.04.25 18:16:01.153,1.41345,1.41351,1.50,1.88
2014.04.25 18:16:01.674,1.41345,1.41351,1.50,1.00
2014.04.25 18:16:04.888,1.41345,1.41353,1.50,3.94
2014.04.25 18:16:05.768,1.41345,1.41353,1.88,2.63
2014.04.25 18:16:06.071,1.41349,1.41355,1.88,1.00
2014.04.25 18:16:06.273,1.41347,1.41355,3.19,2.25
2014.04.25 18:16:07.905,1.41347,1.41355,3.19,5.25
2014.04.25 18:16:10.995,1.41347,1.41354,1.50,1.00
2014.04.25 18:16:11.500,1.41347,1.41354,1.50,1.69
2014.04.25 18:16:13.302,1.41349,1.41353,1.50,1.00
2014.04.25 18:16:13.403,1.41347,1.41353,2.25,1.00
2014.04.25 18:16:14.088,1.41345,1.41353,1.69,2.63
2014.04.25 18:16:18.660,1.41345,1.41353,2.44,2.07
2014.04.25 18:16:19.195,1.41347,1.41354,1.50,1.69
2014.04.25 18:16:23.229,1.41347,1.41354,2.25,1.63
2014.04.25 18:16:23.583,1.41347,1.41354,1.50,1.13
2014.04.25 18:16:23.684,1.41347,1.41352,1.50,1.00
2014.04.25 18:16:40.858,1.41345,1.41352,2.82,1.25
2014.04.25 18:16:44.733,1.41345,1.41352,1.69,1.00
2014.04.25 18:16:45.217,1.41343,1.41351,3.75,2.25
2014.04.25 18:16:46.139,1.41343,1.41351,1.50,2.63
2014.04.25 18:16:48.565,1.41343,1.41351,1.88,2.44
2014.04.25 18:16:53.985,1.41343,1.41351,2.82,2.44
2014.04.25 18:17:01.240,1.41343,1.41351,3.94,2.44
2014.04.25 18:17:06.262,1.41344,1.41351,2.82,1.00
2014.04.25 18:17:10.135,1.41344,1.41351,2.82,1.00
2014.04.25 18:17:11.240,1.41344,1.41351,1.69,1.25
2014.04.25 18:17:16.847,1.41344,1.41351,2.07,1.25
2014.04.25 18:17:17.520,1.41344,1.41351,2.67,1.25
2014.04.25 18:17:25.692,1.41344,1.41352,3.04,2.44
2014.04.25 18:17:27.474,1.41344,1.41352,2.67,2.44
2014.04.25 18:17:31.492,1.41344,1.4135,2.29,1.00
2014.04.25 18:17:47.662,1.41343,1.4135,2.44,1.00
2014.04.25 18:17:48.536,1.41343,1.4135,1.50,1.69
2014.04.25 18:17:49.046,1.41343,1.41348,1.50,1.00
2014.04.25 18:17:51.444,1.41345,1.4135,1.00,1.19
2014.04.25 18:17:51.747,1.41341,1.41347,1.69,1.00
2014.04.25 18:17:52.373,1.4134,1.41347,2.44,1.00
2014.04.25 18:17:55.076,1.4134,1.41347,2.25,1.88
2014.04.25 18:17:55.379,1.41331,1.41338,1.00,2.82
2014.04.25 18:17:55.887,1.4133,1.41338,1.50,2.82
2014.04.25 18:17:56.703,1.4133,1.41338,1.50,2.44
2014.04.25 18:17:56.755,1.4133,1.41338,1.88,2.44
2014.04.25 18:17:57.058,1.4133,1.41334,1.50,1.00
2014.04.25 18:17:57.260,1.41329,1.41336,1.50,1.50
2014.04.25 18:17:57.774,1.41328,1.41336,1.88,1.50
2014.04.25 18:18:00.257,1.41331,1.41336,1.00,1.00
2014.04.25 18:18:00.716,1.41331,1.41339,1.88,2.44
2014.04.25 18:18:01.425,1.41333,1.41339,1.50,1.19
2014.04.25 18:18:01.953,1.41333,1.41341,1.50,3.57
2014.04.25 18:18:02.055,1.41333,1.41341,1.50,1.88
2014.04.25 18:18:06.852,1.41333,1.41341,1.50,2.63
2014.04.25 18:18:11.682,1.41333,1.41341,1.50,1.88
2014.04.25 18:18:12.123,1.41335,1.41341,1.00,1.50
2014.04.25 18:18:12.431,1.41339,1.41346,3.38,1.58
2014.04.25 18:18:12.933,1.41341,1.41348,1.50,1.83
2014.04.25 18:18:13.139,1.41341,1.41349,1.88,1.88
2014.04.25 18:18:16.155,1.41346,1.41349,1.00,1.00
2014.04.25 18:18:16.206,1.41346,1.41353,1.50,2.44
2014.04.25 18:18:16.758,1.41346,1.41353,1.50,1.69
2014.04.25 18:18:21.126,1.41348,1.41353,1.00,1.69
2014.04.25 18:18:22.992,1.41348,1.41355,1.50,2.82
2014.04.25 18:18:24.196,1.41346,1.41354,2.25,1.69
2014.04.25 18:18:24.730,1.41346,1.41354,1.88,2.44
2014.04.25 18:18:26.168,1.41346,1.41352,1.88,1.00
2014.04.25 18:18:27.044,1.41346,1.41351,1.50,1.00
2014.04.25 18:18:27.747,1.41346,1.41348,1.00,1.00
2014.04.25 18:18:27.850,1.41344,1.41348,1.50,1.00
2014.04.25 18:18:28.405,1.4134,1.41345,1.13,1.00
2014.04.25 18:18:28.708,1.41336,1.41343,2.25,3.19
2014.04.25 18:18:29.061,1.41336,1.41343,1.50,3.19
2014.04.25 18:18:29.802,1.41336,1.41343,1.50,3.19
2014.04.25 18:18:33.505,1.41336,1.41343,1.50,1.32
2014.04.25 18:18:33.846,1.41336,1.41343,1.50,2.07
2014.04.25 18:18:36.194,1.41334,1.41342,1.50,2.07
2014.04.25 18:18:37.097,1.41334,1.41342,1.50,3.57
2014.04.25 18:18:37.675,1.41334,1.41339,1.50,1.13
2014.04.25 18:18:38.761,1.41332,1.41339,1.50,1.32
2014.04.25 18:18:40.527,1.41332,1.41338,1.50,1.19
2014.04.25 18:18:42.120,1.41332,1.41337,1.50,1.19
2014.04.25 18:18:44.895,1.4133,1.41337,2.25,1.19
2014.04.25 18:18:45.711,1.4133,1.41336,2.25,1.19
2014.04.25 18:18:47.836,1.4133,1.41337,2.63,1.32
2014.04.25 18:18:47.948,1.41332,1.41337,3.23,1.13
2014.04.25 18:18:48.253,1.41345,1.41349,3.00,1.00
2014.04.25 18:18:48.354,1.41345,1.41352,2.25,2.07
2014.04.25 18:18:48.405,1.41345,1.41352,2.25,2.07
2014.04.25 18:18:48.456,1.41343,1.41349,3.00,1.19
2014.04.25 18:18:48.669,1.41343,1.41349,2.25,1.19
2014.04.25 18:18:49.191,1.41342,1.41349,2.10,2.44
2014.04.25 18:18:50.662,1.41342,1.41349,2.10,2.82
2014.04.25 18:18:52.731,1.41342,1.41349,2.10,2.82
2014.04.25 18:18:53.244,1.41342,1.41349,2.10,3.94
2014.04.25 18:18:54.208,1.41342,1.41347,2.10,1.32
2014.04.25 18:18:55.426,1.41342,1.41349,2.29,1.69
2014.04.25 18:18:55.527,1.41343,1.41351,1.50,1.88
2014.04.25 18:18:59.912,1.41343,1.41351,1.50,2.07
2014.04.25 18:19:00.217,1.41341,1.41349,1.69,1.50
2014.04.25 18:19:01.442,1.41341,1.41349,1.50,2.07
2014.04.25 18:19:02.206,1.41341,1.41349,1.50,1.69
2014.04.25 18:19:03.780,1.41341,1.41349,1.50,2.44
2014.04.25 18:19:06.616,1.41341,1.41349,1.69,2.44
2014.04.25 18:19:09.040,1.41341,1.41349,1.50,2.44
2014.04.25 18:19:09.833,1.41339,1.41347,4.32,1.69
2014.04.25 18:19:10.433,1.41339,1.41347,1.88,1.50
2014.04.25 18:19:10.955,1.41339,1.41347,1.88,1.50
2014.04.25 18:19:13.518,1.41339,1.41347,2.07,1.50
2014.04.25 18:19:14.371,1.41339,1.41347,2.07,1.69
2014.04.25 18:19:19.250,1.41339,1.41347,2.44,2.07
2014.04.25 18:19:21.268,1.41339,1.41347,2.52,1.88
2014.04.25 18:19:25.144,1.41339,1.41347,1.77,1.88
2014.04.25 18:19:25.960,1.41338,1.41345,1.54,1.50
2014.04.25 18:19:26.062,1.41337,1.41345,2.44,1.50
2014.04.25 18:19:28.054,1.41337,1.41345,3.19,1.50
2014.04.25 18:19:29.186,1.41337,1.41345,3.19,2.07
2014.04.25 18:19:29.867,1.4134,1.41345,1.00,1.32
2014.04.25 18:19:31.975,1.41338,1.41345,1.69,1.25
2014.04.25 18:19:33.911,1.4134,1.41346,1.50,1.19
2014.04.25 18:19:34.226,1.4134,1.41347,1.50,2.07
2014.04.25 18:19:36.961,1.4134,1.41348,1.50,2.44
2014.04.25 18:19:41.699,1.4134,1.41348,1.69,2.44
2014.04.25 18:19:51.231,1.4134,1.41348,1.69,2.44
2014.04.25 18:19:52.499,1.4134,1.41348,1.69,2.44
2014.04.25 18:19:54.700,1.41341,1.41348,1.50,1.19
2014.04.25 18:19:56.959,1.41339,1.41347,3.94,1.69
2014.04.25 18:19:59.262,1.41339,1.41347,2.44,1.69
2014.04.25 18:20:01.762,1.41339,1.41347,2.44,1.69
2014.04.25 18:20:03.763,1.41339,1.41346,1.69,1.00
2014.04.25 18:20:05.120,1.41339,1.41346,1.69,1.25
2014.04.25 18:20:05.624,1.4134,1.41346,1.00,1.25
2014.04.25 18:20:05.726,1.41341,1.41346,1.69,1.00
2014.04.25 18:20:05.929,1.41341,1.41349,1.69,3.75
2014.04.25 18:20:06.478,1.41341,1.41349,2.07,3.75
2014.04.25 18:20:07.350,1.41341,1.41349,1.88,2.25
2014.04.25 18:20:08.034,1.41341,1.41349,1.50,2.25
2014.04.25 18:20:12.232,1.41341,1.41349,1.50,2.82
2014.04.25 18:20:14.214,1.41341,1.41349,1.50,2.63
2014.04.25 18:20:20.006,1.41341,1.41347,1.35,1.00
2014.04.25 18:20:31.265,1.41341,1.41347,1.49,1.50
2014.04.25 18:20:34.825,1.41339,1.41347,4.92,1.69
2014.04.25 18:20:45.957,1.41339,1.41347,4.17,1.69
2014.04.25 18:20:49.270,1.41339,1.41347,2.29,1.69
2014.04.25 18:20:49.851,1.41339,1.41347,3.04,2.07
2014.04.25 18:20:51.160,1.41339,1.41347,2.10,1.88
2014.04.25 18:20:54.683,1.41339,1.41347,2.29,2.07
2014.04.25 18:20:55.781,1.41339,1.41347,2.67,2.07
2014.04.25 18:20:59.747,1.41339,1.41347,4.17,1.69
2014.04.25 18:21:00.913,1.41339,1.41347,3.42,1.69
2014.04.25 18:21:01.650,1.41339,1.41346,2.67,1.00
2014.04.25 18:21:10.201,1.41339,1.41346,1.54,1.50
2014.04.25 18:21:10.499,1.41338,1.41346,2.29,3.75
2014.04.25 18:21:11.007,1.41337,1.41344,1.49,1.50
2014.04.25 18:21:11.484,1.41338,1.41346,1.69,1.88
2014.04.25 18:21:19.413,1.41338,1.41346,1.50,2.82
2014.04.25 18:21:19.862,1.41338,1.41346,3.79,1.50
2014.04.25 18:21:21.811,1.41339,1.41346,1.05,2.25
2014.04.25 18:21:22.116,1.41331,1.41337,3.98,1.88
2014.04.25 18:21:22.317,1.41331,1.41337,1.73,1.88
2014.04.25 18:21:22.573,1.41332,1.41339,2.10,1.00
2014.04.25 18:21:22.674,1.41332,1.4134,3.42,2.25
2014.04.25 18:21:22.978,1.41332,1.41338,1.35,1.50
2014.04.25 18:21:23.131,1.41334,1.4134,1.50,1.00
2014.04.25 18:21:23.182,1.41334,1.41342,1.50,2.82
2014.04.25 18:21:24.524,1.41336,1.41344,1.50,3.38
2014.04.25 18:21:26.963,1.41336,1.41344,2.63,1.50
2014.04.25 18:21:27.775,1.41337,1.41344,1.13,1.50
2014.04.25 18:21:32.206,1.41336,1.41344,3.00,1.50
2014.04.25 18:21:33.874,1.41336,1.41344,2.07,1.50
2014.04.25 18:21:36.989,1.41337,1.41344,1.19,1.50
2014.04.25 18:21:37.547,1.41338,1.41345,1.69,1.13
2014.04.25 18:21:39.242,1.41338,1.41346,1.50,2.63
2014.04.25 18:21:41.221,1.41338,1.41346,2.25,1.50
2014.04.25 18:21:41.474,1.4134,1.41348,1.50,2.07
2014.04.25 18:21:48.138,1.4134,1.41348,3.98,1.50
2014.04.25 18:21:48.441,1.41349,1.41357,1.50,3.57
2014.04.25 18:21:52.062,1.41349,1.41357,1.50,2.07
2014.04.25 18:21:52.598,1.41349,1.41357,1.69,1.69
2014.04.25 18:21:53.162,1.41351,1.41358,1.50,1.69
2014.04.25 18:21:55.091,1.41351,1.41359,1.50,1.50
2014.04.25 18:21:55.192,1.41353,1.41361,1.50,5.07
2014.04.25 18:22:07.111,1.41353,1.41361,1.50,2.82
2014.04.25 18:22:10.319,1.41353,1.41361,1.88,3.57
2014.04.25 18:22:10.572,1.41357,1.41363,1.50,1.00
2014.04.25 18:22:11.027,1.41355,1.41363,2.25,2.07
2014.04.25 18:22:11.950,1.41355,1.41363,1.50,2.07
2014.04.25 18:22:13.514,1.41355,1.41363,1.50,2.07
2014.04.25 18:22:23.059,1.41353,1.41361,1.69,1.50
2014.04.25 18:22:23.438,1.41356,1.41361,1.00,1.50
2014.04.25 18:22:23.539,1.41353,1.41361,2.44,1.50
2014.04.25 18:22:29.448,1.41353,1.41361,1.88,1.69
2014.04.25 18:22:29.500,1.41356,1.41361,1.00,1.69
2014.04.25 18:22:30.250,1.41355,1.41361,1.00,1.69
2014.04.25 18:22:31.968,1.41355,1.41361,1.00,1.69
2014.04.25 18:22:34.389,1.41355,1.41361,1.00,1.69
2014.04.25 18:22:36.445,1.41355,1.41361,1.00,1.50
2014.04.25 18:22:39.499,1.41354,1.41361,1.00,1.50
2014.04.25 18:22:39.803,1.41349,1.41357,2.63,2.25
2014.04.25 18:22:39.854,1.41349,1.41357,2.25,2.63
2014.04.25 18:22:40.364,1.41347,1.41355,2.10,2.07
2014.04.25 18:22:40.769,1.41347,1.41353,1.00,1.00
2014.04.25 18:22:41.522,1.41346,1.41353,1.13,1.50
2014.04.25 18:22:43.674,1.41346,1.41353,1.13,2.07
2014.04.25 18:22:54.822,1.41346,1.41353,1.00,1.50
2014.04.25 18:22:58.628,1.41347,1.41353,1.13,1.00
2014.04.25 18:22:58.831,1.41347,1.41355,1.50,3.38
2014.04.25 18:22:59.376,1.41347,1.41355,1.88,3.57
2014.04.25 18:23:05.021,1.41347,1.41354,1.88,1.32
2014.04.25 18:23:11.265,1.41347,1.41355,1.50,1.88
2014.04.25 18:23:12.900,1.41348,1.41355,1.00,1.50
2014.04.25 18:23:13.002,1.41347,1.41355,4.17,1.50
2014.04.25 18:23:13.103,1.4135,1.41358,1.88,2.63
2014.04.25 18:23:13.632,1.4135,1.41358,2.25,1.50
2014.04.25 18:23:14.150,1.41351,1.41358,1.13,1.50
2014.04.25 18:23:14.201,1.41353,1.41358,1.00,1.50
2014.04.25 18:23:14.568,1.4135,1.41358,2.44,1.50
2014.04.25 18:23:15.176,1.4135,1.41355,1.00,1.38
2014.04.25 18:23:15.429,1.41345,1.41352,2.07,1.50
2014.04.25 18:23:15.883,1.41345,1.41352,1.00,1.50
2014.04.25 18:23:20.577,1.41345,1.41352,1.63,1.69
2014.04.25 18:23:31.129,1.41346,1.41352,1.00,1.50
2014.04.25 18:23:35.113,1.41344,1.41352,3.57,1.88
2014.04.25 18:23:35.624,1.41345,1.41352,1.00,3.38
2014.04.25 18:23:44.064,1.41345,1.41351,1.00,2.07
2014.04.25 18:23:44.946,1.41345,1.41351,1.00,1.88
2014.04.25 18:23:46.327,1.41343,1.41351,3.23,1.88
2014.04.25 18:23:50.898,1.41344,1.41351,1.73,2.82
2014.04.25 18:23:52.424,1.41344,1.41351,2.85,1.69
2014.04.25 18:23:52.597,1.41349,1.41353,1.13,1.00
2014.04.25 18:23:52.648,1.41349,1.41356,1.88,1.00
2014.04.25 18:23:53.103,1.41349,1.41357,1.50,1.88
2014.04.25 18:23:53.205,1.41346,1.41354,2.82,1.88
2014.04.25 18:23:53.256,1.41346,1.41352,1.00,1.00
2014.04.25 18:23:53.819,1.41344,1.41352,2.82,1.88
2014.04.25 18:23:54.635,1.41344,1.41352,1.50,1.88
2014.04.25 18:23:55.571,1.41344,1.41352,3.00,1.69
2014.04.25 18:23:57.673,1.41344,1.41352,2.25,2.07
2014.04.25 18:23:58.236,1.41344,1.41352,2.25,2.07
2014.04.25 18:23:58.771,1.41344,1.41352,2.25,2.07
2014.04.25 18:24:00.750,1.41344,1.41352,2.63,1.88
2014.04.25 18:24:01.334,1.41344,1.41352,2.25,1.88
2014.04.25 18:24:07.174,1.41344,1.41352,2.82,2.07
2014.04.25 18:24:07.683,1.41344,1.41352,2.82,2.07
2014.04.25 18:24:08.301,1.41344,1.41352,2.44,2.07
2014.04.25 18:24:09.383,1.41344,1.41352,2.82,1.88
2014.04.25 18:24:11.416,1.41344,1.41352,4.13,1.88
2014.04.25 18:24:11.568,1.41347,1.41355,2.07,2.44
2014.04.25 18:24:11.719,1.41349,1.41357,1.88,1.69
2014.04.25 18:24:17.258,1.4135,1.41357,1.32,1.69
2014.04.25 18:24:19.264,1.4135,1.41357,1.00,1.88
2014.04.25 18:24:19.897,1.41349,1.41357,1.69,1.88
2014.04.25 18:24:21.337,1.41349,1.41357,1.88,2.07
2014.04.25 18:24:22.737,1.41349,1.41357,1.88,2.07
2014.04.25 18:24:23.040,1.41344,1.41351,1.19,1.88
2014.04.25 18:24:23.969,1.41344,1.41351,1.00,1.88
2014.04.25 18:24:26.517,1.41344,1.41351,1.50,1.88
2014.04.25 18:24:27.030,1.41345,1.41353,2.63,1.69
2014.04.25 18:24:27.181,1.41347,1.41355,1.50,1.69
2014.04.25 18:24:27.383,1.41349,1.41356,1.50,1.19
2014.04.25 18:24:27.888,1.41349,1.41357,1.50,1.88
2014.04.25 18:24:31.964,1.41349,1.41357,1.88,1.88
2014.04.25 18:24:32.317,1.41351,1.41357,1.00,1.00
2014.04.25 18:24:32.820,1.41351,1.41359,1.50,1.88
2014.04.25 18:24:33.536,1.41351,1.41359,1.88,1.88
2014.04.25 18:24:34.198,1.41351,1.41359,1.69,1.88
2014.04.25 18:24:35.002,1.41351,1.41359,2.82,1.88
2014.04.25 18:24:36.156,1.41352,1.41359,1.25,1.88
2014.04.25 18:24:36.986,1.41352,1.41359,1.25,1.88
2014.04.25 18:24:38.233,1.41351,1.41359,1.50,1.88
2014.04.25 18:24:40.791,1.41351,1.41359,1.50,1.88
2014.04.25 18:24:44.676,1.41351,1.41359,1.69,1.88
2014.04.25 18:24:48.226,1.41352,1.41359,1.00,1.88
2014.04.25 18:24:48.732,1.41353,1.41361,1.50,1.88
2014.04.25 18:24:51.493,1.41353,1.41361,2.07,2.63
2014.04.25 18:24:52.674,1.41353,1.41361,1.69,1.88
2014.04.25 18:24:53.587,1.41355,1.41361,1.00,1.38
2014.04.25 18:24:54.727,1.41355,1.41363,1.50,4.32
2014.04.25 18:25:01.146,1.41355,1.41363,1.50,2.82
2014.04.25 18:25:02.482,1.41355,1.41362,1.50,1.38
2014.04.25 18:25:02.989,1.41355,1.41363,1.50,2.82
2014.04.25 18:25:03.676,1.41355,1.41363,1.50,2.82
2014.04.25 18:25:14.382,1.41355,1.41363,1.69,2.82
2014.04.25 18:25:16.196,1.41355,1.41363,1.69,2.82
2014.04.25 18:25:16.499,1.41359,1.41366,1.50,1.63
2014.04.25 18:25:16.995,1.41361,1.41367,1.00,1.57
2014.04.25 18:25:17.207,1.41366,1.41371,1.00,1.00
2014.04.25 18:25:17.308,1.41366,1.41373,1.00,2.25
2014.04.25 18:25:18.081,1.41367,1.41373,1.00,1.00
2014.04.25 18:25:18.592,1.41367,1.41375,1.88,1.88
2014.04.25 18:25:19.465,1.41368,1.41375,1.00,1.88
2014.04.25 18:25:20.771,1.41369,1.41375,1.00,1.38
2014.04.25 18:25:21.101,1.41367,1.41375,1.88,1.88
2014.04.25 18:25:22.178,1.41369,1.41377,1.50,4.13
2014.04.25 18:25:26.512,1.4137,1.41377,1.00,2.63
2014.04.25 18:25:27.025,1.4137,1.41377,1.00,1.88
2014.04.25 18:25:28.161,1.41369,1.41376,1.50,1.88
2014.04.25 18:25:28.313,1.41365,1.41371,1.38,1.13
2014.04.25 18:25:28.616,1.41367,1.41374,2.25,1.13
2014.04.25 18:25:28.819,1.41367,1.41375,1.88,2.63
2014.04.25 18:25:29.175,1.41365,1.41373,1.50,1.88
2014.04.25 18:25:29.225,1.41367,1.41373,1.00,1.38
2014.04.25 18:25:30.013,1.41367,1.41374,1.50,1.25
2014.04.25 18:25:30.559,1.41367,1.41375,1.88,2.82
2014.04.25 18:25:30.812,1.41365,1.41373,2.63,2.07
2014.04.25 18:25:31.065,1.41367,1.41373,1.00,2.07
2014.04.25 18:25:31.740,1.41367,1.41375,1.50,3.94
2014.04.25 18:25:32.246,1.41368,1.41375,1.00,2.25
2014.04.25 18:25:32.775,1.41367,1.41375,2.25,1.88
2014.04.25 18:25:33.314,1.41367,1.41375,2.25,1.88
2014.04.25 18:25:33.719,1.41365,1.41373,1.50,1.88
2014.04.25 18:25:33.770,1.41365,1.41373,1.50,1.88
2014.04.25 18:25:34.317,1.41365,1.41373,1.50,2.63
2014.04.25 18:25:35.257,1.41365,1.41373,1.50,2.63
2014.04.25 18:25:35.619,1.41363,1.41369,1.25,1.38
2014.04.25 18:25:35.669,1.41361,1.41367,3.23,1.38
2014.04.25 18:25:36.197,1.41359,1.41367,3.79,2.63
2014.04.25 18:25:37.238,1.41359,1.41367,4.54,2.63
2014.04.25 18:25:37.289,1.41359,1.41365,1.69,1.38
2014.04.25 18:25:37.390,1.41357,1.41365,3.23,1.88
2014.04.25 18:25:38.083,1.41357,1.41365,1.88,1.88
2014.04.25 18:25:38.439,1.41357,1.41365,2.25,1.50
2014.04.25 18:25:38.491,1.41359,1.41365,1.88,1.00
2014.04.25 18:25:38.542,1.41361,1.41367,1.13,1.88
2014.04.25 18:25:38.796,1.41361,1.41368,2.25,1.38
2014.04.25 18:25:41.396,1.41361,1.41368,1.50,1.88
2014.04.25 18:25:42.555,1.41361,1.41367,1.50,2.07
2014.04.25 18:25:42.656,1.41359,1.41365,1.50,1.38
2014.04.25 18:25:43.964,1.41359,1.41365,1.50,1.38
2014.04.25 18:25:45.576,1.41359,1.41365,1.50,1.38
2014.04.25 18:25:49.477,1.41359,1.41366,1.50,2.07
2014.04.25 18:25:55.695,1.41359,1.41364,1.50,1.00
2014.04.25 18:25:55.947,1.41361,1.41366,1.00,1.19
2014.04.25 18:25:55.998,1.41361,1.41367,1.50,1.13
2014.04.25 18:25:56.048,1.41361,1.41367,1.00,1.38
2014.04.25 18:25:56.099,1.41359,1.41367,2.25,1.88
2014.04.25 18:25:56.452,1.41357,1.41364,1.00,1.88
2014.04.25 18:25:56.977,1.41356,1.41364,1.88,1.88
2014.04.25 18:26:00.481,1.41356,1.41364,1.69,2.07
2014.04.25 18:26:01.007,1.41356,1.41363,1.50,1.38
2014.04.25 18:26:03.790,1.41354,1.41362,2.25,2.63
2014.04.25 18:26:08.829,1.41354,1.41358,1.69,1.00
2014.04.25 18:26:08.981,1.41351,1.41356,1.00,1.00
2014.04.25 18:26:09.133,1.41349,1.41357,2.25,1.50
2014.04.25 18:26:09.637,1.41349,1.41356,1.69,1.00
2014.04.25 18:26:09.688,1.41347,1.41355,2.63,1.50
2014.04.25 18:26:09.789,1.41347,1.41353,1.00,1.00
2014.04.25 18:26:10.042,1.41351,1.41358,1.00,1.50
2014.04.25 18:26:11.800,1.41351,1.41358,1.69,1.50
2014.04.25 18:26:12.108,1.41352,1.4136,1.69,1.88
2014.04.25 18:26:13.994,1.41352,1.4136,1.69,1.88
2014.04.25 18:26:14.070,1.41352,1.4136,1.69,1.88
2014.04.25 18:26:14.804,1.41352,1.4136,1.50,2.63
2014.04.25 18:26:18.457,1.41352,1.4136,1.50,2.63
2014.04.25 18:26:19.045,1.41352,1.4136,1.50,1.88
2014.04.25 18:26:19.583,1.41352,1.4136,1.50,1.88
2014.04.25 18:26:20.286,1.41352,1.4136,1.88,1.88
2014.04.25 18:26:20.388,1.41352,1.4136,3.38,1.50
2014.04.25 18:26:20.439,1.41354,1.41361,2.25,1.50
2014.04.25 18:26:20.641,1.41356,1.41364,1.50,3.00
2014.04.25 18:26:20.743,1.41356,1.41362,1.00,1.00
2014.04.25 18:26:21.345,1.41354,1.41362,2.25,1.50
2014.04.25 18:26:22.162,1.41354,1.41362,1.88,1.88
2014.04.25 18:26:23.674,1.41356,1.41362,1.00,2.25
2014.04.25 18:26:23.826,1.41358,1.41362,1.50,1.00
2014.04.25 18:26:23.978,1.4136,1.41365,1.50,1.13
2014.04.25 18:26:24.527,1.4136,1.41368,1.50,1.88
2014.04.25 18:26:33.036,1.4136,1.41368,1.69,2.07
2014.04.25 18:26:33.566,1.41359,1.41363,1.19,1.13
2014.04.25 18:26:33.668,1.41358,1.41363,1.88,1.13
2014.04.25 18:26:35.853,1.41358,1.41366,1.88,1.88
2014.04.25 18:26:38.346,1.41358,1.41366,1.69,2.07
2014.04.25 18:26:41.917,1.41358,1.41366,2.82,2.07
2014.04.25 18:26:42.422,1.4136,1.41368,1.50,1.88
2014.04.25 18:26:48.749,1.4136,1.41366,1.50,1.38
2014.04.25 18:26:48.850,1.41358,1.41364,1.88,1.57
2014.04.25 18:26:48.901,1.41358,1.41364,1.13,2.07
2014.04.25 18:26:49.204,1.41354,1.41362,2.25,3.38
2014.04.25 18:26:49.957,1.41357,1.41362,1.00,1.50
2014.04.25 18:26:50.262,1.41356,1.41363,2.07,1.38
2014.04.25 18:26:50.364,1.41355,1.41362,1.88,1.88
2014.04.25 18:26:50.915,1.41354,1.41362,1.50,2.63
2014.04.25 18:26:53.409,1.41354,1.41362,1.50,2.63
2014.04.25 18:26:58.665,1.41354,1.41362,1.69,3.57
2014.04.25 18:27:00.534,1.41355,1.41362,1.00,2.82
2014.04.25 18:27:00.585,1.41356,1.41362,1.32,1.00
2014.04.25 18:27:00.687,1.4136,1.41364,1.00,1.32
2014.04.25 18:27:00.839,1.4136,1.41368,1.50,2.25
2014.04.25 18:27:01.604,1.4136,1.41368,1.50,1.88
2014.04.25 18:27:02.152,1.4136,1.41368,1.50,1.88
2014.04.25 18:27:02.446,1.4136,1.41366,1.00,1.38
2014.04.25 18:27:02.497,1.41358,1.41364,1.69,1.38
2014.04.25 18:27:02.548,1.41358,1.41362,1.00,1.38
2014.04.25 18:27:02.599,1.41355,1.41362,1.00,1.88
2014.04.25 18:27:02.750,1.41355,1.41361,1.00,1.38
2014.04.25 18:27:03.281,1.41354,1.41361,1.50,1.38
2014.04.25 18:27:08.065,1.41354,1.41362,1.50,2.82
2014.04.25 18:27:08.648,1.41353,1.4136,1.50,1.88
2014.04.25 18:27:09.166,1.41354,1.4136,1.25,1.88
2014.04.25 18:27:12.174,1.41354,1.4136,1.19,1.88
2014.04.25 18:27:13.175,1.41354,1.4136,1.19,1.88
2014.04.25 18:27:13.734,1.41354,1.4136,1.25,1.88
2014.04.25 18:27:17.802,1.41352,1.4136,4.17,2.07
2014.04.25 18:27:25.849,1.41352,1.41358,2.44,1.00
2014.04.25 18:27:26.001,1.4135,1.41358,2.25,1.50
2014.04.25 18:27:26.883,1.4135,1.41358,2.25,1.50
2014.04.25 18:27:27.820,1.4135,1.41356,1.50,1.00
2014.04.25 18:27:27.921,1.41348,1.41356,2.25,1.88
2014.04.25 18:27:28.022,1.41346,1.41354,1.88,1.50
2014.04.25 18:27:28.174,1.41348,1.41354,1.00,1.50
2014.04.25 18:27:28.225,1.41348,1.41356,1.50,1.50
2014.04.25 18:27:29.150,1.41348,1.41356,1.88,1.50
2014.04.25 18:27:34.070,1.41349,1.41356,1.50,1.50
2014.04.25 18:27:34.985,1.41351,1.41356,1.00,1.00
2014.04.25 18:27:35.036,1.41351,1.41359,1.50,3.57
2014.04.25 18:27:41.187,1.41351,1.41359,3.57,2.25
2014.04.25 18:27:43.322,1.41351,1.41359,3.57,2.63
2014.04.25 18:27:43.424,1.41348,1.41356,4.32,2.63
2014.04.25 18:27:43.475,1.41348,1.41356,2.82,4.13
2014.04.25 18:27:44.433,1.41346,1.41354,3.38,1.50
2014.04.25 18:27:45.218,1.41348,1.41354,1.13,1.00
2014.04.25 18:27:45.269,1.41349,1.41356,1.00,1.50
2014.04.25 18:27:46.534,1.41348,1.41356,1.69,1.88
2014.04.25 18:27:47.164,1.41346,1.41354,3.19,1.50
2014.04.25 18:27:48.535,1.41346,1.41354,2.82,1.50
2014.04.25 18:27:48.895,1.41346,1.41352,1.50,1.38
2014.04.25 18:27:48.946,1.41344,1.41352,2.07,2.63
2014.04.25 18:27:49.097,1.41344,1.41351,1.50,1.38
2014.04.25 18:27:49.863,1.41344,1.41352,1.50,3.38
2014.04.25 18:27:50.211,1.41346,1.41351,1.00,1.38
2014.04.25 18:27:50.313,1.41346,1.41352,1.50,1.69
2014.04.25 18:27:50.464,1.41346,1.41352,1.50,1.38
2014.04.25 18:27:50.978,1.41346,1.41353,1.50,1.00
2014.04.25 18:27:51.485,1.41346,1.41354,1.50,2.07
2014.04.25 18:27:55.492,1.41346,1.41354,1.50,2.63
2014.04.25 18:27:56.929,1.41346,1.41354,1.50,3.57
2014.04.25 18:27:57.395,1.4135,1.41354,1.00,1.69
2014.04.25 18:27:57.445,1.4135,1.41356,1.00,3.38
2014.04.25 18:27:57.547,1.4135,1.41358,2.25,3.23
2014.04.25 18:27:57.598,1.41352,1.41358,1.00,2.10
2014.04.25 18:28:00.454,1.41352,1.4136,2.63,1.50
2014.04.25 18:28:01.623,1.41352,1.4136,2.25,1.88
2014.04.25 18:28:02.235,1.41352,1.4136,2.25,1.88
2014.04.25 18:28:10.430,1.41352,1.4136,2.44,1.88
2014.04.25 18:28:10.783,1.41354,1.41362,1.50,3.19
2014.04.25 18:28:17.068,1.41354,1.41361,1.50,1.38
2014.04.25 18:28:17.169,1.41352,1.4136,2.25,1.88
2014.04.25 18:28:17.957,1.41352,1.4136,2.25,1.50
2014.04.25 18:28:19.759,1.41352,1.4136,2.44,1.88
2014.04.25 18:28:20.269,1.41351,1.41358,1.00,2.25
2014.04.25 18:28:22.383,1.41351,1.41358,1.00,2.25
2014.04.25 18:28:23.282,1.41351,1.41356,1.00,1.75
2014.04.25 18:28:23.383,1.41349,1.41353,1.00,1.88
2014.04.25 18:28:23.636,1.41345,1.41353,2.25,1.88
2014.04.25 18:28:23.687,1.41347,1.41354,1.50,1.00
2014.04.25 18:28:24.904,1.41347,1.41355,1.50,1.50
2014.04.25 18:28:25.745,1.41349,1.41355,1.00,1.50
2014.04.25 18:28:26.325,1.41349,1.41357,2.25,3.57
2014.04.25 18:28:27.908,1.41349,1.41357,2.25,1.69
2014.04.25 18:28:28.212,1.41351,1.41359,1.50,2.10
2014.04.25 18:28:28.671,1.41351,1.41358,1.50,3.23
2014.04.25 18:28:28.772,1.41348,1.41356,2.25,1.50
2014.04.25 18:28:30.210,1.41348,1.41356,1.50,1.88
2014.04.25 18:28:30.513,1.41344,1.41351,2.44,1.38
2014.04.25 18:28:30.563,1.41344,1.41351,1.50,1.38
2014.04.25 18:28:32.507,1.41344,1.41351,1.50,1.63
2014.04.25 18:28:38.160,1.41344,1.4135,1.00,1.63
2014.04.25 18:28:38.211,1.41342,1.4135,1.50,2.63
2014.04.25 18:28:40.501,1.41342,1.4135,1.50,2.07
2014.04.25 18:28:41.095,1.41342,1.4135,1.50,2.07
2014.04.25 18:28:42.799,1.41342,1.4135,1.50,2.07
2014.04.25 18:28:45.589,1.41342,1.4135,1.50,2.82
2014.04.25 18:28:47.840,1.41342,1.4135,2.10,2.82
2014.04.25 18:28:47.991,1.41344,1.4135,1.38,1.69
2014.04.25 18:28:48.042,1.41344,1.41351,2.07,1.00
2014.04.25 18:28:48.194,1.41344,1.41352,2.25,3.00
2014.04.25 18:28:48.412,1.41342,1.4135,1.50,1.88
2014.04.25 18:28:54.376,1.41342,1.4135,2.82,2.07
2014.04.25 18:28:54.896,1.41342,1.4135,4.13,1.50
2014.04.25 18:28:54.946,1.41344,1.4135,1.00,1.50
2014.04.25 18:29:00.821,1.41346,1.41352,1.00,1.50
2014.04.25 18:29:01.627,1.41346,1.41353,1.50,1.00
2014.04.25 18:29:01.678,1.41348,1.41354,1.00,1.25
2014.04.25 18:29:01.981,1.41348,1.41354,1.00,3.00
2014.04.25 18:29:02.082,1.41348,1.41354,1.00,2.63
2014.04.25 18:29:02.284,1.41346,1.41354,1.50,3.38
2014.04.25 18:29:02.820,1.41348,1.41356,1.50,2.07
2014.04.25 18:29:03.123,1.41352,1.41357,1.50,1.50
2014.04.25 18:29:03.225,1.41352,1.4136,1.50,3.94
2014.04.25 18:29:03.794,1.41352,1.41357,1.50,1.00
2014.04.25 18:29:04.047,1.4135,1.41357,1.50,1.00
2014.04.25 18:29:04.262,1.4135,1.41354,1.50,1.00
2014.04.25 18:29:04.565,1.4135,1.41357,1.50,1.13
2014.04.25 18:29:05.202,1.4135,1.41356,1.50,1.00
2014.04.25 18:29:07.205,1.4135,1.41358,1.50,2.82
2014.04.25 18:29:07.826,1.4135,1.41358,1.50,1.50
2014.04.25 18:29:10.607,1.4135,1.41358,1.88,1.50
2014.04.25 18:29:10.759,1.41352,1.4136,2.63,1.69
2014.04.25 18:29:10.861,1.41356,1.41363,1.50,1.25
2014.04.25 18:29:13.757,1.41358,1.41364,1.00,2.07
2014.04.25 18:29:13.909,1.41355,1.41363,3.38,2.07
2014.04.25 18:29:17.394,1.41355,1.41363,3.00,3.19
2014.04.25 18:29:18.592,1.41355,1.41361,1.25,1.88
2014.04.25 18:29:18.693,1.41353,1.41359,1.50,1.13
2014.04.25 18:29:18.946,1.41356,1.4136,1.38,1.32
2014.04.25 18:29:18.997,1.41356,1.41361,2.25,1.50
2014.04.25 18:29:19.099,1.41356,1.41363,2.63,2.25
2014.04.25 18:29:19.623,1.41357,1.41364,3.00,1.13
2014.04.25 18:29:20.149,1.41357,1.41365,3.00,2.44
2014.04.25 18:29:24.240,1.41357,1.41365,3.38,2.63
2014.04.25 18:29:24.342,1.4136,1.41367,1.00,3.94
2014.04.25 18:29:24.392,1.4136,1.41367,1.13,1.50
2014.04.25 18:29:24.897,1.41361,1.41368,1.50,1.25
2014.04.25 18:29:25.150,1.41361,1.41367,1.50,1.50
2014.04.25 18:29:27.795,1.41361,1.41368,1.50,2.82
2014.04.25 18:29:30.028,1.41361,1.41367,1.50,1.19
2014.04.25 18:29:32.925,1.41361,1.41369,1.50,3.19
2014.04.25 18:29:36.672,1.41361,1.41369,1.50,3.57
2014.04.25 18:29:40.041,1.41361,1.41369,1.50,2.44
2014.04.25 18:29:40.584,1.41361,1.41369,1.50,2.82
2014.04.25 18:29:41.119,1.41361,1.41369,2.25,2.07
2014.04.25 18:29:42.641,1.41361,1.41369,2.44,2.07
2014.04.25 18:29:42.945,1.41359,1.41364,1.00,1.88
2014.04.25 18:29:43.047,1.41356,1.41364,3.38,1.88
2014.04.25 18:29:43.625,1.41356,1.41364,4.50,1.50
2014.04.25 18:29:43.728,1.41358,1.41366,1.50,1.69
2014.04.25 18:29:44.239,1.41359,1.41366,1.00,1.69
2014.04.25 18:29:47.796,1.41358,1.41366,2.63,2.07
2014.04.25 18:29:47.949,1.41356,1.41363,3.19,1.38
2014.04.25 18:29:48.052,1.41354,1.41362,2.63,3.57
2014.04.25 18:29:48.564,1.41354,1.41362,1.88,3.19
2014.04.25 18:29:51.025,1.41355,1.41362,1.00,1.69
2014.04.25 18:29:51.328,1.41356,1.41364,1.50,3.23
2014.04.25 18:29:52.756,1.41356,1.41364,1.50,3.23
2014.04.25 18:29:53.177,1.41356,1.41363,1.50,1.63
2014.04.25 18:29:53.228,1.41354,1.41362,2.25,1.88
2014.04.25 18:29:53.914,1.41354,1.41362,2.25,1.50
2014.04.25 18:29:55.238,1.41355,1.41362,1.00,1.69
2014.04.25 18:29:55.440,1.41356,1.41364,1.88,2.85
2014.04.25 18:29:56.102,1.41356,1.41364,2.25,2.85
2014.04.25 18:29:56.203,1.41356,1.41362,1.50,1.38
2014.04.25 18:29:56.305,1.41354,1.4136,1.00,1.13
2014.04.25 18:29:56.657,1.41352,1.4136,3.00,2.07
2014.04.25 18:29:57.388,1.41352,1.4136,2.25,2.07
2014.04.25 18:29:57.940,1.41353,1.4136,1.00,1.88
2014.04.25 18:29:58.805,1.41353,1.4136,1.00,1.88
2014.04.25 18:30:00.230,1.41353,1.4136,1.00,1.88
2014.04.25 18:30:00.886,1.41353,1.4136,1.13,1.88
2014.04.25 18:30:00.937,1.41356,1.4136,1.00,1.13
2014.04.25 18:30:01.038,1.41356,1.41362,2.25,1.50
2014.04.25 18:30:01.291,1.41359,1.41364,1.00,2.48
2014.04.25 18:30:01.805,1.41359,1.41364,1.00,1.50
2014.04.25 18:30:02.396,1.4136,1.41366,1.00,2.63
2014.04.25 18:30:02.912,1.41359,1.41366,1.00,1.88
2014.04.25 18:30:03.482,1.41359,1.41366,1.00,1.88
2014.04.25 18:30:04.020,1.41359,1.41366,1.13,1.88
2014.04.25 18:30:06.043,1.4136,1.41366,1.00,1.38
2014.04.25 18:30:08.793,1.4136,1.41367,1.50,1.38
2014.04.25 18:30:09.205,1.41358,1.41365,1.50,1.38
2014.04.25 18:30:09.768,1.41358,1.41365,1.50,1.38
2014.04.25 18:30:09.970,1.41356,1.41361,2.25,1.50
2014.04.25 18:30:10.571,1.41356,1.4136,1.88,1.50
2014.04.25 18:30:11.171,1.41356,1.41361,1.50,1.50
2014.04.25 18:30:15.778,1.41356,1.41361,2.44,1.50
2014.04.25 18:30:16.437,1.41356,1.4136,1.19,1.00
2014.04.25 18:30:16.488,1.41354,1.41358,2.07,1.50
2014.04.25 18:30:16.792,1.41352,1.41355,2.10,1.50
2014.04.25 18:30:18.284,1.41354,1.41356,1.00,1.00
2014.04.25 18:30:18.335,1.41355,1.41357,1.00,1.50
2014.04.25 18:30:18.854,1.41355,1.41358,1.00,1.50
2014.04.25 18:30:19.941,1.41354,1.41358,2.25,1.50
2014.04.25 18:30:23.712,1.41353,1.41357,1.54,1.00
2014.04.25 18:30:24.285,1.41353,1.41358,1.73,1.50
2014.04.25 18:30:24.539,1.41354,1.41356,1.00,1.00
2014.04.25 18:30:24.590,1.41352,1.41356,1.00,1.00
2014.04.25 18:30:24.843,1.41352,1.41358,2.63,1.50
2014.04.25 18:30:24.945,1.41351,1.41356,1.63,1.00
2014.04.25 18:30:25.152,1.41352,1.41358,1.88,1.50
2014.04.25 18:30:28.278,1.41352,1.41359,3.00,1.50
2014.04.25 18:30:32.340,1.41353,1.41359,1.69,1.50
2014.04.25 18:30:32.926,1.41354,1.4136,1.88,1.69
2014.04.25 18:30:34.584,1.41354,1.4136,2.07,1.88
2014.04.25 18:30:36.065,1.41352,1.41359,1.50,1.88
2014.04.25 18:30:36.115,1.41352,1.41357,1.50,1.50
2014.04.25 18:30:36.419,1.4135,1.41355,1.50,1.88
2014.04.25 18:30:36.722,1.41348,1.41351,1.50,1.88
2014.04.25 18:30:37.312,1.41348,1.41351,1.50,1.88
2014.04.25 18:30:37.894,1.41343,1.4135,4.69,1.88
2014.04.25 18:30:37.945,1.41343,1.41348,3.94,1.13
2014.04.25 18:30:41.135,1.41343,1.41349,2.25,1.88
2014.04.25 18:30:41.493,1.41343,1.41346,2.25,1.50
2014.04.25 18:30:43.124,1.41342,1.41346,1.13,1.50
2014.04.25 18:30:43.427,1.4134,1.41344,1.38,1.50
2014.04.25 18:30:44.090,1.41338,1.41344,2.63,1.50
2014.04.25 18:30:45.055,1.41339,1.41344,1.00,1.50
2014.04.25 18:30:46.745,1.41339,1.41345,2.25,1.50
2014.04.25 18:30:49.247,1.41339,1.41346,1.50,1.88
2014.04.25 18:30:52.879,1.41339,1.41346,1.69,1.88
2014.04.25 18:30:53.622,1.41339,1.41346,1.50,1.88
2014.04.25 18:30:56.061,1.41339,1.41347,1.69,1.88
2014.04.25 18:30:58.079,1.41339,1.41345,1.25,1.00
2014.04.25 18:30:58.382,1.41337,1.41343,2.07,1.88
2014.04.25 18:30:58.483,1.41337,1.41341,1.13,2.25
2014.04.25 18:30:58.837,1.41333,1.41341,2.25,1.88
2014.04.25 18:30:58.989,1.41333,1.41338,1.00,1.50
2014.04.25 18:30:59.192,1.4133,1.41338,3.38,1.50
2014.04.25 18:30:59.394,1.41332,1.41338,1.88,1.00
2014.04.25 18:30:59.444,1.41332,1.4134,4.13,1.69
2014.04.25 18:30:59.495,1.41334,1.4134,1.00,1.00
2014.04.25 18:30:59.800,1.41336,1.41342,1.00,1.50
2014.04.25 18:31:00.101,1.41338,1.41346,2.63,2.48
2014.04.25 18:31:01.081,1.41338,1.41346,2.63,2.48
2014.04.25 18:31:01.334,1.41335,1.41342,1.88,2.61
2014.04.25 18:31:01.536,1.41332,1.4134,2.44,3.38
2014.04.25 18:31:01.587,1.41332,1.41338,1.50,1.00
2014.04.25 18:31:02.080,1.4133,1.41338,1.50,2.63
2014.04.25 18:31:02.232,1.41328,1.41336,3.57,1.50
2014.04.25 18:31:02.742,1.41328,1.41336,2.44,1.50
2014.04.25 18:31:03.933,1.41328,1.41336,2.44,1.88
2014.04.25 18:31:04.034,1.41326,1.41333,1.69,1.88
2014.04.25 18:31:04.136,1.41324,1.41332,3.19,2.63
2014.04.25 18:31:04.187,1.41326,1.41332,1.00,2.63
2014.04.25 18:31:04.716,1.41326,1.41332,1.00,1.50
2014.04.25 18:31:05.590,1.41324,1.41332,2.44,1.50
2014.04.25 18:31:06.416,1.41326,1.41332,1.00,1.00
2014.04.25 18:31:07.018,1.41326,1.41334,1.50,1.88
2014.04.25 18:31:09.921,1.41326,1.41334,1.50,2.07
2014.04.25 18:31:10.490,1.41326,1.41334,1.50,1.88
2014.04.25 18:31:10.793,1.41324,1.41332,2.63,1.88
2014.04.25 18:31:11.334,1.41324,1.41332,2.25,1.88
2014.04.25 18:31:12.174,1.41324,1.41332,2.25,1.88
2014.04.25 18:31:12.702,1.41324,1.41332,3.00,1.88
2014.04.25 18:31:13.004,1.41326,1.41332,1.25,1.50
2014.04.25 18:31:13.618,1.41325,1.4133,1.19,1.38
2014.04.25 18:31:13.719,1.41323,1.4133,1.25,1.50
2014.04.25 18:31:14.223,1.41324,1.4133,1.00,1.87
2014.04.25 18:31:14.325,1.41324,1.41332,1.50,1.87
2014.04.25 18:31:14.835,1.41324,1.41332,1.50,1.87
2014.04.25 18:31:16.159,1.41325,1.41332,1.00,1.87
2014.04.25 18:31:17.480,1.41326,1.41332,1.00,1.50
2014.04.25 18:31:17.985,1.41327,1.41332,1.50,1.50
2014.04.25 18:31:18.369,1.41328,1.41334,1.00,1.00
2014.04.25 18:31:19.905,1.41328,1.41336,1.69,5.07
2014.04.25 18:31:20.157,1.41328,1.41336,1.69,2.07
2014.04.25 18:31:20.672,1.41328,1.41336,2.44,2.07
2014.04.25 18:31:21.178,1.41328,1.41336,2.44,2.07
2014.04.25 18:31:21.882,1.41328,1.41336,2.44,2.07
2014.04.25 18:31:22.432,1.41327,1.41334,2.44,1.88
2014.04.25 18:31:23.092,1.41327,1.41332,1.69,1.13
2014.04.25 18:31:23.295,1.41324,1.41332,2.25,1.88
2014.04.25 18:31:24.106,1.41326,1.41332,1.00,1.88
2014.04.25 18:31:30.332,1.41326,1.41334,1.50,4.50
2014.04.25 18:31:32.516,1.41326,1.41333,1.50,1.38
2014.04.25 18:31:34.103,1.41324,1.41332,2.44,1.88
2014.04.25 18:31:36.213,1.41324,1.41331,1.69,1.38
2014.04.25 18:31:36.761,1.41322,1.4133,2.48,1.50
2014.04.25 18:31:38.141,1.41326,1.4133,1.00,1.50
2014.04.25 18:31:39.748,1.41326,1.41333,1.50,1.88
2014.04.25 18:31:40.269,1.41327,1.41333,1.25,1.88
2014.04.25 18:31:41.787,1.41327,1.41333,1.25,1.88
2014.04.25 18:31:42.043,1.41327,1.41335,3.19,1.69
2014.04.25 18:31:42.251,1.41327,1.41335,2.44,2.07
2014.04.25 18:31:44.994,1.41327,1.41335,1.69,2.82
2014.04.25 18:31:46.378,1.41327,1.41334,1.50,1.57
2014.04.25 18:31:47.828,1.41327,1.41335,1.50,3.57
2014.04.25 18:31:48.517,1.41327,1.41334,1.50,1.38
2014.04.25 18:31:48.769,1.41325,1.41333,2.25,2.63
2014.04.25 18:31:49.274,1.41325,1.41333,1.50,1.88
2014.04.25 18:31:52.288,1.41325,1.41333,2.44,2.07
2014.04.25 18:31:53.696,1.41325,1.41333,2.44,2.07
2014.04.25 18:31:54.241,1.41325,1.41333,2.44,1.69
2014.04.25 18:31:56.141,1.4133,1.41334,1.50,1.00
2014.04.25 18:31:56.344,1.41332,1.41334,1.50,1.00
2014.04.25 18:31:56.396,1.41333,1.41337,2.25,1.63
2014.04.25 18:31:56.447,1.41333,1.41338,2.63,1.50
2014.04.25 18:31:56.700,1.41333,1.41338,2.25,2.82
2014.04.25 18:31:56.852,1.41331,1.41338,1.00,2.82
2014.04.25 18:31:57.407,1.4133,1.41337,1.88,2.44
2014.04.25 18:31:58.903,1.4133,1.41337,2.44,1.13
2014.04.25 18:31:59.698,1.4133,1.41338,2.44,4.32
2014.04.25 18:32:00.204,1.4133,1.41336,1.50,1.88
2014.04.25 18:32:04.874,1.4133,1.41337,1.50,2.25
2014.04.25 18:32:05.078,1.41327,1.41334,1.88,1.88
2014.04.25 18:32:06.845,1.41327,1.41334,1.50,1.32
2014.04.25 18:32:07.352,1.41327,1.41334,1.50,1.63
2014.04.25 18:32:08.890,1.41327,1.41334,1.88,1.38
2014.04.25 18:32:09.042,1.41327,1.41335,1.88,1.88
2014.04.25 18:32:09.244,1.41327,1.41335,1.88,2.63
2014.04.25 18:32:09.346,1.41327,1.41335,1.88,1.88
2014.04.25 18:32:13.306,1.41329,1.41335,1.00,1.50
2014.04.25 18:32:13.458,1.41332,1.4134,1.50,2.63
2014.04.25 18:32:13.979,1.41332,1.4134,1.50,2.44
2014.04.25 18:32:14.273,1.41332,1.41339,1.50,1.38
2014.04.25 18:32:14.375,1.4133,1.41338,1.50,1.88
2014.04.25 18:32:16.144,1.4133,1.41338,3.19,1.88
2014.04.25 18:32:18.305,1.41333,1.41338,1.00,1.88
2014.04.25 18:32:18.816,1.41333,1.41338,1.00,1.50
2014.04.25 18:32:19.502,1.41331,1.41338,1.32,1.88
2014.04.25 18:32:25.342,1.41331,1.41338,2.07,1.88
2014.04.25 18:32:26.105,1.41331,1.41338,1.88,1.88
2014.04.25 18:32:28.612,1.41331,1.41338,2.07,1.50
2014.04.25 18:32:31.366,1.41334,1.41338,1.00,1.00
2014.04.25 18:32:31.417,1.41334,1.4134,1.50,1.00
2014.04.25 18:32:31.518,1.41334,1.41342,4.69,1.69
2014.04.25 18:32:32.021,1.41335,1.41342,1.57,1.50
2014.04.25 18:32:33.708,1.41336,1.41344,2.82,2.63
2014.04.25 18:32:36.184,1.41336,1.41344,3.57,1.69
2014.04.25 18:32:36.488,1.41342,1.41346,3.00,1.00
2014.04.25 18:32:36.589,1.41342,1.41348,3.75,1.00
2014.04.25 18:32:37.094,1.41342,1.4135,4.50,1.88
2014.04.25 18:32:37.623,1.41342,1.4135,4.50,1.88
2014.04.25 18:32:38.781,1.41342,1.41349,2.25,1.88
2014.04.25 18:32:39.085,1.4134,1.41344,1.00,1.13
2014.04.25 18:32:39.186,1.41338,1.41346,1.50,3.19
2014.04.25 18:32:40.873,1.41338,1.41346,1.88,2.63
2014.04.25 18:32:44.614,1.41338,1.41346,3.94,1.69
2014.04.25 18:32:44.930,1.4134,1.41348,2.25,1.88
2014.04.25 18:32:45.435,1.41341,1.41348,1.00,1.50
2014.04.25 18:32:47.612,1.41342,1.4135,1.50,1.88
2014.04.25 18:32:48.550,1.41344,1.4135,1.00,1.13
2014.04.25 18:32:49.501,1.41344,1.41352,2.25,2.63
2014.04.25 18:32:51.851,1.41344,1.41352,1.69,1.88
2014.04.25 18:32:52.155,1.41348,1.41355,1.50,1.38
2014.04.25 18:32:52.644,1.41348,1.41355,1.50,1.00
2014.04.25 18:32:53.400,1.41348,1.41356,1.88,1.88
2014.04.25 18:32:54.037,1.41348,1.41355,1.88,1.00
2014.04.25 18:32:54.087,1.41348,1.41355,1.88,1.00
2014.04.25 18:32:54.188,1.41348,1.41356,1.88,1.88
2014.04.25 18:32:54.720,1.41348,1.41355,1.88,1.00
2014.04.25 18:32:54.897,1.41348,1.41356,1.88,1.50
2014.04.25 18:32:55.224,1.41348,1.41355,2.63,1.38
2014.04.25 18:32:55.326,1.41348,1.41355,1.50,1.38
2014.04.25 18:32:57.511,1.41348,1.41355,1.50,1.38
2014.04.25 18:32:57.663,1.41346,1.41353,1.00,1.88
2014.04.25 18:33:01.186,1.41346,1.41353,1.25,1.88
2014.04.25 18:33:04.073,1.41348,1.41353,1.00,1.00
2014.04.25 18:33:04.481,1.41346,1.41354,1.50,1.88
2014.04.25 18:33:06.183,1.41346,1.41353,1.50,1.38
2014.04.25 18:33:09.373,1.41346,1.41354,3.00,1.88
2014.04.25 18:33:09.944,1.41346,1.41354,3.00,1.88
2014.04.25 18:33:10.781,1.41346,1.41354,3.00,1.50
2014.04.25 18:33:14.664,1.41346,1.41354,2.25,1.88
2014.04.25 18:33:14.782,1.41346,1.41354,2.25,1.88
2014.04.25 18:33:15.345,1.41346,1.41353,1.50,1.38
2014.04.25 18:33:20.484,1.41346,1.41353,1.50,1.63
2014.04.25 18:33:24.711,1.41345,1.41352,1.50,1.57
2014.04.25 18:33:32.294,1.41345,1.41351,1.50,1.63
2014.04.25 18:33:33.191,1.41345,1.41352,1.50,1.57
2014.04.25 18:33:33.958,1.41345,1.41353,2.25,2.63
2014.04.25 18:33:34.109,1.41347,1.41355,1.50,2.82
2014.04.25 18:33:36.718,1.41345,1.41353,3.57,1.88
2014.04.25 18:33:40.350,1.41345,1.41353,3.94,1.50
2014.04.25 18:33:44.827,1.41345,1.41353,3.19,1.88
2014.04.25 18:33:46.967,1.41345,1.41353,2.44,2.07
2014.04.25 18:33:48.319,1.41345,1.41353,2.44,2.82
2014.04.25 18:33:48.902,1.41345,1.41353,2.44,2.07
2014.04.25 18:33:49.979,1.41345,1.41353,2.44,2.07
2014.04.25 18:33:50.671,1.41347,1.41353,1.50,1.00
2014.04.25 18:33:51.177,1.41347,1.41353,1.00,1.88
2014.04.25 18:33:51.228,1.41345,1.41353,1.88,2.63
2014.04.25 18:33:51.859,1.41345,1.41353,1.88,3.38
2014.04.25 18:33:57.317,1.41345,1.41352,1.50,1.38
2014.04.25 18:33:57.368,1.41347,1.41353,1.00,1.88
2014.04.25 18:33:57.418,1.41347,1.41353,1.00,1.88
2014.04.25 18:34:01.580,1.41345,1.41353,2.25,1.88
2014.04.25 18:34:04.136,1.41345,1.41353,1.50,1.88
2014.04.25 18:34:05.276,1.41345,1.41353,1.69,1.50
2014.04.25 18:34:07.371,1.41345,1.41351,1.00,1.00
2014.04.25 18:34:08.282,1.41344,1.41351,1.00,1.50
2014.04.25 18:34:08.999,1.41343,1.41351,3.19,1.88
2014.04.25 18:34:11.190,1.41343,1.41351,3.19,1.88
2014.04.25 18:34:12.394,1.41343,1.41351,1.50,1.88
2014.04.25 18:34:14.567,1.41343,1.41351,1.50,1.88
2014.04.25 18:34:15.078,1.41341,1.41349,3.57,1.88
2014.04.25 18:34:15.709,1.41341,1.41349,3.19,1.88
2014.04.25 18:34:19.849,1.41342,1.41349,1.00,1.88
2014.04.25 18:34:21.940,1.41342,1.41349,1.50,1.88
2014.04.25 18:34:27.037,1.41342,1.41349,2.44,1.88
2014.04.25 18:34:28.626,1.41343,1.41349,1.69,1.50
2014.04.25 18:34:29.629,1.41343,1.41349,1.25,1.50
2014.04.25 18:34:33.268,1.41343,1.41349,1.19,1.50
2014.04.25 18:34:34.440,1.41344,1.41349,1.19,1.50
2014.04.25 18:34:35.535,1.41343,1.41347,1.19,1.00
2014.04.25 18:34:35.838,1.41342,1.41347,1.00,1.88
2014.04.25 18:34:37.179,1.41339,1.41347,4.54,1.88
2014.04.25 18:34:37.425,1.41339,1.41347,2.44,1.88
2014.04.25 18:34:42.972,1.41339,1.41345,1.00,1.88
2014.04.25 18:34:43.504,1.41338,1.41341,1.19,1.88
2014.04.25 18:34:43.605,1.41333,1.41338,2.25,1.13
2014.04.25 18:34:43.656,1.41333,1.41336,1.00,1.50
2014.04.25 18:34:43.707,1.41331,1.41336,1.25,1.50
2014.04.25 18:34:43.909,1.41333,1.41336,1.00,1.50
2014.04.25 18:34:44.112,1.41333,1.41338,1.00,1.50
2014.04.25 18:34:44.213,1.41333,1.4134,1.00,1.50
2014.04.25 18:34:44.415,1.41332,1.41336,1.00,1.50
2014.04.25 18:34:44.954,1.41331,1.41336,1.25,1.50
2014.04.25 18:34:46.187,1.4133,1.41336,1.00,1.50
2014.04.25 18:34:48.071,1.41332,1.41336,1.00,1.50
2014.04.25 18:34:51.806,1.4133,1.41336,2.82,1.50
2014.04.25 18:34:53.179,1.41331,1.41336,1.63,1.50
2014.04.25 18:34:54.260,1.41332,1.41336,1.32,1.50
2014.04.25 18:34:55.814,1.41332,1.41338,1.92,1.50
2014.04.25 18:34:56.011,1.41335,1.4134,1.63,1.00
2014.04.25 18:34:56.063,1.41335,1.41343,2.82,1.50
2014.04.25 18:34:57.880,1.41338,1.41346,1.00,1.88
2014.04.25 18:34:58.433,1.41339,1.41346,1.00,1.00
2014.04.25 18:34:58.849,1.41341,1.41346,1.00,1.00
2014.04.25 18:34:59.102,1.41344,1.41352,2.07,1.50
2014.04.25 18:34:59.153,1.41344,1.4135,1.57,1.00
2014.04.25 18:34:59.457,1.41347,1.4135,1.00,1.50
2014.04.25 18:34:59.507,1.41349,1.41354,1.00,1.50
2014.04.25 18:34:59.609,1.41349,1.41356,1.00,1.50
2014.04.25 18:35:02.466,1.41349,1.41356,1.32,1.50
2014.04.25 18:35:03.803,1.4135,1.41356,1.19,1.50
2014.04.25 18:35:04.170,1.41349,1.41356,1.50,1.50
2014.04.25 18:35:07.997,1.41349,1.41356,1.69,1.50
2014.04.25 18:35:09.192,1.41349,1.41356,1.69,1.50
2014.04.25 18:35:09.646,1.41349,1.41356,1.25,2.63
2014.04.25 18:35:09.798,1.41347,1.41354,1.00,3.38
2014.04.25 18:35:09.949,1.41347,1.41354,1.38,2.25
2014.04.25 18:35:10.316,1.41348,1.41356,1.88,1.50
2014.04.25 18:35:10.837,1.41348,1.41356,2.25,1.50
2014.04.25 18:35:11.525,1.41351,1.41356,1.00,1.50
2014.04.25 18:35:17.181,1.4135,1.41356,1.19,1.50
2014.04.25 18:35:17.384,1.41348,1.41356,2.44,1.50
2014.04.25 18:35:20.185,1.41349,1.41356,2.07,1.50
2014.04.25 18:35:21.308,1.41349,1.41356,1.32,1.50
2014.04.25 18:35:22.395,1.41349,1.41356,2.07,1.50
2014.04.25 18:35:22.937,1.41348,1.41356,3.57,1.50
2014.04.25 18:35:26.150,1.41348,1.41356,4.32,1.50
2014.04.25 18:35:27.917,1.4135,1.41356,1.19,1.50
2014.04.25 18:35:30.710,1.4135,1.41357,1.19,2.25
2014.04.25 18:35:31.329,1.4135,1.41357,1.32,2.25
2014.04.25 18:35:32.040,1.4135,1.41357,1.32,2.25
2014.04.25 18:35:34.439,1.4135,1.41355,1.32,1.00
2014.04.25 18:35:44.283,1.4135,1.41355,1.19,1.50
2014.04.25 18:35:47.279,1.4135,1.41355,1.19,1.50
2014.04.25 18:35:48.680,1.4135,1.41355,1.32,1.50
2014.04.25 18:35:51.406,1.4135,1.41355,1.32,1.50
2014.04.25 18:35:57.537,1.41348,1.41355,2.07,1.50
2014.04.25 18:36:02.045,1.41348,1.41355,1.57,1.50
2014.04.25 18:36:04.391,1.41349,1.41355,1.57,1.50
2014.04.25 18:36:07.796,1.41348,1.41353,1.32,1.00
2014.04.25 18:36:07.949,1.41347,1.41351,1.00,1.13
2014.04.25 18:36:08.202,1.41345,1.41351,1.00,2.63
2014.04.25 18:36:08.304,1.41343,1.41351,1.88,3.00
2014.04.25 18:36:08.355,1.41347,1.41351,1.00,1.50
2014.04.25 18:36:08.405,1.41347,1.41353,1.00,3.19
2014.04.25 18:36:09.269,1.41347,1.41355,2.07,3.00
2014.04.25 18:36:09.320,1.41347,1.41355,2.82,1.50
2014.04.25 18:36:09.913,1.41347,1.41353,2.44,1.00
2014.04.25 18:36:10.065,1.41347,1.41355,3.19,3.38
2014.04.25 18:36:10.580,1.41348,1.41355,1.63,1.50
2014.04.25 18:36:11.532,1.41349,1.41357,2.07,2.25
2014.04.25 18:36:14.249,1.41349,1.41357,1.69,3.57
2014.04.25 18:36:14.553,1.41346,1.4135,1.00,1.00
2014.04.25 18:36:15.135,1.41342,1.41349,2.10,1.50
2014.04.25 18:36:15.387,1.41342,1.41349,1.00,1.88
2014.04.25 18:36:15.904,1.41341,1.41349,1.69,2.63
2014.04.25 18:36:16.566,1.41341,1.41348,1.69,1.00
2014.04.25 18:36:23.938,1.41341,1.41349,3.19,4.88
2014.04.25 18:36:25.168,1.41342,1.41349,1.19,4.88
2014.04.25 18:36:26.199,1.41342,1.41349,1.19,4.88
2014.04.25 18:36:29.714,1.41344,1.41349,1.00,4.50
2014.04.25 18:36:32.133,1.41341,1.41349,2.25,4.50
2014.04.25 18:36:32.675,1.41344,1.41349,1.50,1.50
2014.04.25 18:36:32.776,1.41343,1.41351,2.82,2.25
2014.04.25 18:36:33.286,1.41343,1.4135,2.07,1.00
2014.04.25 18:36:34.891,1.41343,1.41351,1.50,3.00
2014.04.25 18:36:36.534,1.41343,1.4135,1.69,1.00
2014.04.25 18:36:40.129,1.41344,1.41351,1.00,3.00
2014.04.25 18:36:40.650,1.41345,1.41351,1.50,1.50
2014.04.25 18:36:40.825,1.41345,1.41353,1.50,1.88
2014.04.25 18:36:41.787,1.41346,1.41353,1.00,1.88
2014.04.25 18:36:43.567,1.41347,1.41353,1.35,1.50
2014.04.25 18:36:43.669,1.41353,1.41358,1.38,3.94
2014.04.25 18:36:43.822,1.41355,1.41358,1.38,1.50
2014.04.25 18:36:44.176,1.41355,1.4136,1.38,1.50
2014.04.25 18:36:44.362,1.41355,1.41362,1.38,1.50
2014.04.25 18:36:44.962,1.41355,1.41362,1.38,1.50
2014.04.25 18:36:46.074,1.41355,1.41362,1.38,1.50
2014.04.25 18:36:46.773,1.41354,1.41362,3.94,1.50
2014.04.25 18:36:50.523,1.41354,1.41362,4.69,1.50
2014.04.25 18:36:50.775,1.41354,1.41362,2.44,2.44
2014.04.25 18:36:50.877,1.41353,1.4136,1.13,1.50
2014.04.25 18:36:51.181,1.41355,1.4136,1.13,1.50
2014.04.25 18:36:51.383,1.41355,1.41362,1.13,1.50
2014.04.25 18:36:55.956,1.41355,1.41362,1.32,1.50
2014.04.25 18:36:58.031,1.41354,1.41362,1.88,1.50
2014.04.25 18:37:00.566,1.41354,1.4136,1.38,1.00
2014.04.25 18:37:04.452,1.41354,1.4136,1.57,1.50
2014.04.25 18:37:09.092,1.41353,1.4136,2.44,1.50
2014.04.25 18:37:09.654,1.41354,1.4136,1.38,1.50
2014.04.25 18:37:10.296,1.41354,1.4136,1.13,1.50
2014.04.25 18:37:12.447,1.41353,1.4136,2.44,1.50
2014.04.25 18:37:13.567,1.41353,1.4136,1.69,1.50
2014.04.25 18:37:15.110,1.41356,1.4136,1.00,1.50
2014.04.25 18:37:15.661,1.41354,1.4136,2.07,1.50
2014.04.25 18:37:16.469,1.41354,1.4136,2.07,1.50
2014.04.25 18:37:17.554,1.41354,1.4136,1.32,1.50
2014.04.25 18:37:17.965,1.41353,1.4136,1.13,1.50
2014.04.25 18:37:18.369,1.41352,1.41358,1.25,1.00
2014.04.25 18:37:19.391,1.4135,1.41358,1.50,2.25
2014.04.25 18:37:21.541,1.4135,1.41358,3.00,1.50
2014.04.25 18:37:21.844,1.41356,1.4136,1.57,1.50
2014.04.25 18:37:21.996,1.41354,1.4136,1.69,1.00
2014.04.25 18:37:22.591,1.41354,1.41362,1.69,3.00
2014.04.25 18:37:24.523,1.41354,1.41362,1.69,1.50
2014.04.25 18:37:24.625,1.41354,1.41362,2.07,1.50
2014.04.25 18:37:24.928,1.4136,1.41364,1.00,1.69
2014.04.25 18:37:25.029,1.41361,1.41366,1.50,1.00
2014.04.25 18:37:25.606,1.41361,1.41369,1.50,2.44
2014.04.25 18:37:26.075,1.41361,1.41369,1.69,2.07
2014.04.25 18:37:26.394,1.41363,1.41369,1.00,1.32
2014.04.25 18:37:27.484,1.41363,1.4137,1.88,1.19
2014.04.25 18:37:27.787,1.41365,1.41371,2.63,1.25
2014.04.25 18:37:28.187,1.41365,1.41371,2.63,1.69
2014.04.25 18:37:28.748,1.41365,1.41371,2.07,1.00
2014.04.25 18:37:30.517,1.41365,1.41371,2.07,1.00
2014.04.25 18:37:30.669,1.41365,1.41369,2.07,1.00
2014.04.25 18:37:32.181,1.41364,1.41371,2.07,1.50
2014.04.25 18:37:32.828,1.41364,1.41371,1.32,1.69
2014.04.25 18:37:34.350,1.41365,1.41373,1.88,3.94
2014.04.25 18:37:34.401,1.41365,1.41373,2.07,2.44
2014.04.25 18:37:35.697,1.41367,1.41373,1.00,2.07
2014.04.25 18:37:36.228,1.41368,1.41373,1.13,2.07
2014.04.25 18:37:36.733,1.41367,1.41373,1.50,2.07
2014.04.25 18:37:37.250,1.41367,1.41373,1.32,1.88
2014.04.25 18:37:39.530,1.41367,1.41373,1.69,1.88
2014.04.25 18:37:40.741,1.41368,1.41374,1.25,1.88
2014.04.25 18:37:41.248,1.41367,1.41372,1.19,1.50
2014.04.25 18:37:42.325,1.41366,1.41372,1.25,2.63
2014.04.25 18:37:43.141,1.41366,1.41372,1.63,2.63
2014.04.25 18:37:43.444,1.41372,1.41376,1.63,1.00
2014.04.25 18:37:43.748,1.4137,1.41377,1.50,1.50
2014.04.25 18:37:44.499,1.4137,1.41377,2.25,1.00
2014.04.25 18:37:44.752,1.4137,1.41378,2.07,3.38
2014.04.25 18:37:44.955,1.4137,1.41376,1.69,1.00
2014.04.25 18:37:45.269,1.41371,1.41378,2.07,2.63
2014.04.25 18:37:45.775,1.41371,1.41377,2.82,1.00
2014.04.25 18:37:45.825,1.41371,1.41377,2.82,1.00
2014.04.25 18:37:46.164,1.41371,1.41377,2.07,1.00
2014.04.25 18:37:47.127,1.41371,1.41379,1.69,2.63
2014.04.25 18:37:47.229,1.41371,1.41379,1.69,3.00
2014.04.25 18:37:47.481,1.41368,1.41376,3.19,1.50
2014.04.25 18:37:47.684,1.4137,1.41376,2.25,1.00
2014.04.25 18:37:47.836,1.41371,1.41378,1.25,1.50
2014.04.25 18:37:48.526,1.41371,1.41378,1.69,1.50
2014.04.25 18:37:49.433,1.41372,1.4138,2.82,3.19
2014.04.25 18:37:49.953,1.41372,1.4138,1.69,3.19
2014.04.25 18:37:51.287,1.4137,1.41378,1.69,3.94
2014.04.25 18:37:51.490,1.4137,1.41377,1.00,1.50
2014.04.25 18:37:53.244,1.41369,1.41377,1.50,2.82
2014.04.25 18:37:53.569,1.41368,1.41375,1.13,1.50
2014.04.25 18:37:54.150,1.41369,1.41375,1.00,1.50
2014.04.25 18:37:54.458,1.41371,1.41378,1.88,1.75
2014.04.25 18:37:54.976,1.41372,1.41378,1.38,1.75
2014.04.25 18:37:55.178,1.41372,1.41379,1.00,2.82
2014.04.25 18:37:55.955,1.41371,1.41379,1.69,2.63
2014.04.25 18:37:56.259,1.41369,1.41377,1.50,3.94
2014.04.25 18:37:56.845,1.41368,1.41375,1.25,1.88
2014.04.25 18:37:58.785,1.41369,1.41375,1.38,1.50
2014.04.25 18:37:58.886,1.41369,1.41377,2.25,2.82
2014.04.25 18:37:59.340,1.4137,1.41377,1.38,2.07
2014.04.25 18:37:59.775,1.4137,1.41377,1.50,2.44
2014.04.25 18:38:00.280,1.41369,1.41377,3.19,5.82
2014.04.25 18:38:00.788,1.41369,1.41377,3.19,2.07
2014.04.25 18:38:01.871,1.4137,1.41377,1.63,1.88
2014.04.25 18:38:03.661,1.41371,1.41377,1.32,1.88
2014.04.25 18:38:04.199,1.41372,1.41378,4.32,1.00
2014.04.25 18:38:04.505,1.41375,1.41378,1.38,1.00
2014.04.25 18:38:05.009,1.41375,1.41378,1.38,1.00
2014.04.25 18:38:05.533,1.41375,1.41378,1.38,1.00
2014.04.25 18:38:07.170,1.41375,1.41378,1.38,1.00
2014.04.25 18:38:08.049,1.41375,1.41378,1.38,1.00
2014.04.25 18:38:11.148,1.41375,1.41379,1.38,1.13
2014.04.25 18:38:15.556,1.41374,1.41379,1.13,1.69
2014.04.25 18:38:15.658,1.41372,1.41376,1.69,1.00
2014.04.25 18:38:16.181,1.41371,1.41377,2.07,1.00
2014.04.25 18:38:16.741,1.41373,1.41378,1.38,1.88
2014.04.25 18:38:19.284,1.41373,1.41378,1.38,1.88
2014.04.25 18:38:19.790,1.41374,1.41378,1.38,1.88
2014.04.25 18:38:23.797,1.41374,1.41378,1.38,1.50
2014.04.25 18:38:25.311,1.41374,1.41378,1.25,1.50
2014.04.25 18:38:27.028,1.41374,1.41378,1.19,1.00
2014.04.25 18:38:27.518,1.41374,1.4138,1.32,3.00
2014.04.25 18:38:28.600,1.41375,1.4138,1.32,2.25
2014.04.25 18:38:35.643,1.41374,1.4138,1.69,1.88
2014.04.25 18:38:37.025,1.41375,1.4138,1.19,1.88
2014.04.25 18:38:39.356,1.41375,1.4138,1.32,1.50
2014.04.25 18:38:40.464,1.41375,1.4138,1.32,1.50
2014.04.25 18:38:41.717,1.41374,1.4138,1.32,1.50
2014.04.25 18:38:42.779,1.41374,1.4138,1.32,1.88
2014.04.25 18:38:43.648,1.41374,1.4138,2.63,1.50
2014.04.25 18:38:47.212,1.41374,1.4138,2.63,1.50
2014.04.25 18:38:47.751,1.41374,1.41379,2.63,1.50
2014.04.25 18:38:50.235,1.41374,1.41379,2.07,1.50
2014.04.25 18:38:52.738,1.41373,1.41377,1.00,1.00
2014.04.25 18:38:52.789,1.4137,1.41376,1.32,1.00
2014.04.25 18:38:52.840,1.41369,1.41374,2.07,1.00
2014.04.25 18:38:53.143,1.41368,1.41374,1.00,1.50
2014.04.25 18:38:53.693,1.41367,1.41374,1.25,1.50
2014.04.25 18:38:56.586,1.41366,1.41374,2.44,1.69
2014.04.25 18:38:57.143,1.41366,1.41374,2.44,1.69
2014.04.25 18:38:57.429,1.41366,1.41372,2.44,1.00
2014.04.25 18:38:57.732,1.41366,1.4137,1.00,1.25
2014.04.25 18:38:58.137,1.41368,1.41372,1.00,1.69
2014.04.25 18:38:58.440,1.4137,1.41374,1.00,1.19
2014.04.25 18:38:58.997,1.41368,1.41374,2.07,1.19
2014.04.25 18:38:59.659,1.41368,1.41375,2.07,3.57
2014.04.25 18:39:01.195,1.41367,1.41374,2.25,2.07
2014.04.25 18:39:01.246,1.41367,1.41372,1.25,1.00
2014.04.25 18:39:01.296,1.41367,1.41371,1.00,1.32
2014.04.25 18:39:01.347,1.41364,1.41371,2.25,2.07
2014.04.25 18:39:01.452,1.41362,1.41369,1.13,2.82
2014.04.25 18:39:01.956,1.41361,1.41367,1.50,1.50
2014.04.25 18:39:03.928,1.41361,1.41369,2.63,3.19
2014.04.25 18:39:04.543,1.41361,1.41369,2.63,2.44
2014.04.25 18:39:05.268,1.41361,1.41369,3.75,2.44
2014.04.25 18:39:05.774,1.41361,1.41369,3.00,2.44
2014.04.25 18:39:06.375,1.41361,1.41369,4.13,2.82
2014.04.25 18:39:06.880,1.41361,1.41369,3.38,1.69
2014.04.25 18:39:10.383,1.41366,1.4137,1.38,1.00
2014.04.25 18:39:10.586,1.4137,1.41373,1.50,2.44
2014.04.25 18:39:12.323,1.4137,1.41376,1.50,1.69
2014.04.25 18:39:12.475,1.41372,1.41375,1.13,1.50
2014.04.25 18:39:12.879,1.41369,1.41375,1.50,1.50
2014.04.25 18:39:12.929,1.41368,1.41375,1.25,2.63
2014.04.25 18:39:13.232,1.41366,1.41369,1.13,1.50
2014.04.25 18:39:13.434,1.41364,1.41369,1.13,1.50
2014.04.25 18:39:13.829,1.41364,1.41367,1.00,1.00
2014.04.25 18:39:14.336,1.41362,1.41367,1.00,1.88
2014.04.25 18:39:14.955,1.41362,1.41367,1.38,1.13
2014.04.25 18:39:15.507,1.41362,1.41368,1.88,1.25
2014.04.25 18:39:15.597,1.41362,1.41368,1.88,1.25
2014.04.25 18:39:15.900,1.41369,1.41373,2.25,2.25
2014.04.25 18:39:16.410,1.41369,1.41374,1.75,1.13
2014.04.25 18:39:17.007,1.41371,1.41375,1.00,1.69
2014.04.25 18:39:17.059,1.41369,1.41375,1.00,1.69
2014.04.25 18:39:17.221,1.41368,1.41375,1.13,3.19
2014.04.25 18:39:17.825,1.41367,1.41372,1.38,1.50
2014.04.25 18:39:18.128,1.41369,1.41373,1.38,1.25
2014.04.25 18:39:18.673,1.41369,1.41373,1.38,1.25
2014.04.25 18:39:19.669,1.41369,1.41374,1.38,1.69
2014.04.25 18:39:19.770,1.41367,1.41371,1.00,1.50
2014.04.25 18:39:19.821,1.41364,1.41369,1.25,1.00
2014.04.25 18:39:20.274,1.41361,1.41369,2.82,1.69
2014.04.25 18:39:20.805,1.41361,1.41368,2.25,1.00
2014.04.25 18:39:21.360,1.41361,1.41367,1.00,1.50
2014.04.25 18:39:24.095,1.41361,1.41367,1.69,2.44
2014.04.25 18:39:24.399,1.41369,1.41371,1.50,1.00
2014.04.25 18:39:24.702,1.4137,1.41372,1.00,1.00
2014.04.25 18:39:25.424,1.4137,1.41375,3.00,2.44
2014.04.25 18:39:25.576,1.41372,1.41375,1.38,2.44
2014.04.25 18:39:26.081,1.41371,1.41375,1.38,2.44
2014.04.25 18:39:26.601,1.41371,1.41375,1.38,1.50
2014.04.25 18:39:29.154,1.4137,1.41377,3.00,3.19
2014.04.25 18:39:32.277,1.4137,1.41376,2.63,1.25
2014.04.25 18:39:32.378,1.4137,1.41375,1.00,1.88
2014.04.25 18:39:32.681,1.41364,1.41369,1.38,1.69
2014.04.25 18:39:32.956,1.41364,1.41369,1.00,1.69
2014.04.25 18:39:33.071,1.41361,1.41369,1.88,1.69
2014.04.25 18:39:34.501,1.41361,1.41369,1.88,2.82
2014.04.25 18:39:35.048,1.41361,1.41368,1.50,1.32
2014.04.25 18:39:36.878,1.4136,1.41367,1.13,1.69
2014.04.25 18:39:39.609,1.4136,1.41367,1.13,2.44
2014.04.25 18:39:41.049,1.4136,1.41367,1.13,2.44
2014.04.25 18:39:42.741,1.41362,1.41367,1.00,1.25
2014.04.25 18:39:43.952,1.41362,1.41367,1.00,2.44
2014.04.25 18:39:54.341,1.4136,1.41365,1.00,1.50
2014.04.25 18:39:54.442,1.4136,1.41363,1.00,1.38
2014.04.25 18:39:54.544,1.41357,1.41363,1.13,2.82
2014.04.25 18:39:59.151,1.41356,1.41363,2.07,3.19
2014.04.25 18:40:01.282,1.41356,1.41363,2.07,2.07
2014.04.25 18:40:02.169,1.41356,1.41363,2.07,1.69
2014.04.25 18:40:02.731,1.41356,1.41363,1.88,2.07
2014.04.25 18:40:05.288,1.41356,1.41363,1.88,1.69
2014.04.25 18:40:05.338,1.41356,1.41363,2.63,1.69
2014.04.25 18:40:05.885,1.41358,1.41363,1.38,2.44
2014.04.25 18:40:06.863,1.41357,1.41365,3.00,2.82
2014.04.25 18:40:08.252,1.41358,1.41365,1.88,2.44
2014.04.25 18:40:08.354,1.41359,1.41365,1.88,1.25
2014.04.25 18:40:08.506,1.41361,1.41367,2.07,1.13
2014.04.25 18:40:08.557,1.41361,1.41367,2.07,1.13
2014.04.25 18:40:09.062,1.41361,1.41369,2.07,3.94
2014.04.25 18:40:09.889,1.41362,1.41369,1.38,3.57
2014.04.25 18:40:10.583,1.41366,1.41369,1.00,2.82
2014.04.25 18:40:11.099,1.41367,1.41369,1.00,2.44
2014.04.25 18:40:11.473,1.41367,1.41369,1.00,2.44
2014.04.25 18:40:11.776,1.41369,1.41372,1.00,1.25
2014.04.25 18:40:11.827,1.41368,1.41373,1.00,3.79
2014.04.25 18:40:12.368,1.41369,1.41373,1.00,3.42
2014.04.25 18:40:14.533,1.41369,1.41371,1.00,1.50
2014.04.25 18:40:14.962,1.41367,1.41371,1.00,1.50
2014.04.25 18:40:18.024,1.41368,1.41371,1.00,1.50
2014.04.25 18:40:21.423,1.41368,1.41373,1.00,3.57
2014.04.25 18:40:22.459,1.41368,1.41373,1.00,2.07
2014.04.25 18:40:25.539,1.41368,1.41373,1.00,1.69
2014.04.25 18:40:26.843,1.41365,1.41372,2.44,1.69
2014.04.25 18:40:26.894,1.41365,1.41368,2.44,1.00
2014.04.25 18:40:27.046,1.41362,1.41366,1.00,1.25
2014.04.25 18:40:27.182,1.41361,1.41364,1.00,1.00
2014.04.25 18:40:27.488,1.41357,1.41362,1.13,1.00
2014.04.25 18:40:27.640,1.41355,1.41362,1.13,1.88
2014.04.25 18:40:30.244,1.41356,1.41362,1.00,1.00
2014.04.25 18:40:31.021,1.41356,1.41363,1.50,2.25
2014.04.25 18:40:31.807,1.41356,1.41363,1.50,2.44
2014.04.25 18:40:32.325,1.41356,1.41363,1.50,2.07
2014.04.25 18:40:33.851,1.41356,1.41363,1.50,2.44
2014.04.25 18:40:34.255,1.41354,1.41362,2.25,1.50
2014.04.25 18:40:36.569,1.41354,1.41362,1.50,4.32
2014.04.25 18:40:37.982,1.41354,1.41362,1.50,3.19
2014.04.25 18:40:39.917,1.41354,1.41362,2.44,3.94
2014.04.25 18:40:42.527,1.41354,1.41362,2.25,3.19
2014.04.25 18:40:47.979,1.41354,1.41362,2.82,3.57
2014.04.25 18:40:51.871,1.41354,1.41362,2.63,3.38
2014.04.25 18:40:52.806,1.41354,1.4136,1.00,1.50
2014.04.25 18:40:53.109,1.41354,1.4136,1.00,3.19
2014.04.25 18:41:00.588,1.41352,1.41359,2.63,1.32
2014.04.25 18:41:01.317,1.41352,1.41358,1.00,2.44
2014.04.25 18:41:08.635,1.41352,1.41358,1.00,2.07
2014.04.25 18:41:08.738,1.41356,1.4136,1.00,1.25
2014.04.25 18:41:09.041,1.41353,1.41361,2.25,2.07
2014.04.25 18:41:09.545,1.41354,1.41361,1.00,1.69
2014.04.25 18:41:12.188,1.41354,1.4136,1.00,1.00
2014.04.25 18:41:12.339,1.41353,1.41359,1.00,1.88
2014.04.25 18:41:18.051,1.41353,1.41359,1.25,1.50
2014.04.25 18:41:18.555,1.41354,1.41361,1.88,1.32
2014.04.25 18:41:19.118,1.41354,1.41361,1.88,1.00
2014.04.25 18:41:20.934,1.41354,1.41362,1.88,5.07
2014.04.25 18:41:21.701,1.41354,1.41362,1.50,5.07
2014.04.25 18:41:22.498,1.41354,1.41362,1.69,5.07
2014.04.25 18:41:23.222,1.41354,1.41362,1.50,4.69
2014.04.25 18:41:27.695,1.41354,1.4136,1.00,1.50
2014.04.25 18:41:28.149,1.41354,1.4136,1.00,2.25
2014.04.25 18:41:28.655,1.41354,1.4136,1.00,2.44
2014.04.25 18:41:29.172,1.41354,1.4136,1.00,3.57
2014.04.25 18:41:32.732,1.41352,1.41355,1.50,1.00
2014.04.25 18:41:32.919,1.41349,1.41354,1.00,2.69
2014.04.25 18:41:33.023,1.41347,1.41351,1.50,3.57
2014.04.25 18:41:33.175,1.41343,1.4135,6.19,1.13
2014.04.25 18:41:33.688,1.41343,1.4135,1.50,1.13
2014.04.25 18:41:33.840,1.41343,1.41349,1.00,1.69
2014.04.25 18:41:33.891,1.41341,1.41349,1.50,2.82
2014.04.25 18:41:34.093,1.41343,1.41351,1.88,4.32
2014.04.25 18:41:35.132,1.41343,1.41351,1.88,3.94
2014.04.25 18:41:35.436,1.41346,1.41352,1.00,1.50
2014.04.25 18:41:35.740,1.41349,1.41352,1.00,1.00
2014.04.25 18:41:36.261,1.41348,1.41352,2.63,1.00
2014.04.25 18:41:36.312,1.41348,1.41356,2.63,2.63
2014.04.25 18:41:36.884,1.41349,1.41356,1.38,1.50
2014.04.25 18:41:39.197,1.41349,1.41356,1.88,1.50
2014.04.25 18:41:39.702,1.41352,1.41358,1.00,3.19
2014.04.25 18:41:40.212,1.4135,1.41357,1.50,1.25
2014.04.25 18:41:40.314,1.4135,1.41357,1.50,2.82
2014.04.25 18:41:40.618,1.41342,1.4135,3.90,2.25
2014.04.25 18:41:40.670,1.41342,1.4135,3.75,2.25
2014.04.25 18:41:41.190,1.41342,1.4135,1.88,2.25
2014.04.25 18:41:42.014,1.41342,1.41349,1.88,1.00
2014.04.25 18:41:42.221,1.41342,1.41347,1.50,1.00
2014.04.25 18:41:42.272,1.4134,1.41347,2.25,1.00
2014.04.25 18:41:45.379,1.4134,1.41347,1.50,1.69
2014.04.25 18:41:47.424,1.4134,1.41347,1.69,1.25
2014.04.25 18:41:53.281,1.4134,1.41347,1.50,1.69
2014.04.25 18:42:03.477,1.41339,1.41346,2.07,1.69
2014.04.25 18:42:04.215,1.41339,1.41346,1.32,1.50
2014.04.25 18:42:15.449,1.41339,1.41346,1.38,1.50
2014.04.25 18:42:15.601,1.41341,1.41349,2.82,3.38
2014.04.25 18:42:15.803,1.41342,1.41349,2.07,2.63
2014.04.25 18:42:16.717,1.41341,1.41349,1.88,1.50
2014.04.25 18:42:21.614,1.41343,1.41349,1.00,1.50
2014.04.25 18:42:23.921,1.41344,1.41349,1.00,1.50
2014.04.25 18:42:24.023,1.41343,1.41351,1.88,1.50
2014.04.25 18:42:24.326,1.41343,1.41349,1.00,1.00
2014.04.25 18:42:24.874,1.41342,1.41349,1.13,1.50
2014.04.25 18:42:30.136,1.41343,1.41349,1.00,1.00
2014.04.25 18:42:30.187,1.41343,1.41351,1.50,1.50
2014.04.25 18:42:39.824,1.41343,1.41351,1.88,2.07
2014.04.25 18:42:39.875,1.41341,1.41348,2.63,1.50
2014.04.25 18:42:41.789,1.41345,1.41348,1.50,1.00
2014.04.25 18:42:41.839,1.41345,1.41351,2.25,1.00
2014.04.25 18:42:41.890,1.41345,1.41353,2.25,2.44
2014.04.25 18:42:55.830,1.41345,1.41349,1.00,1.00
2014.04.25 18:42:56.033,1.41342,1.41347,1.00,1.88
2014.04.25 18:42:56.339,1.41339,1.41347,2.44,1.88
2014.04.25 18:42:59.374,1.41339,1.41347,2.25,1.88
2014.04.25 18:43:00.582,1.41339,1.41347,3.00,1.88
2014.04.25 18:43:00.785,1.41342,1.41347,1.00,1.13
2014.04.25 18:43:01.108,1.41342,1.41346,1.50,1.69
2014.04.25 18:43:01.313,1.41336,1.4134,1.88,1.38
2014.04.25 18:43:01.365,1.41333,1.4134,1.00,1.88
2014.04.25 18:43:01.875,1.41334,1.4134,1.00,1.00
2014.04.25 18:43:01.926,1.41334,1.41342,1.50,1.69
2014.04.25 18:43:02.541,1.41335,1.41342,1.00,1.69
2014.04.25 18:43:02.591,1.41335,1.41342,1.88,1.50
2014.04.25 18:43:02.693,1.41337,1.41345,3.57,2.10
2014.04.25 18:43:03.273,1.41339,1.41347,2.82,3.98
2014.04.25 18:43:05.381,1.41339,1.4134,1.00,1.00
2014.04.25 18:43:05.432,1.41337,1.4134,1.69,1.00
2014.04.25 18:43:05.534,1.41335,1.41341,1.00,2.25
2014.04.25 18:43:05.635,1.41333,1.41341,3.57,2.63
2014.04.25 18:43:06.166,1.41333,1.41339,1.50,1.00
2014.04.25 18:43:06.317,1.41331,1.41339,2.82,2.25
2014.04.25 18:43:06.823,1.41331,1.41338,2.07,1.00
2014.04.25 18:43:07.328,1.41331,1.41339,2.07,1.50
2014.04.25 18:43:07.954,1.41332,1.41339,1.00,1.50
2014.04.25 18:43:08.157,1.41333,1.41341,2.25,2.07
2014.04.25 18:43:09.025,1.41333,1.41341,2.07,1.50
2014.04.25 18:43:10.521,1.41333,1.41341,2.44,2.25
2014.04.25 18:43:11.665,1.41333,1.4134,1.50,1.32
2014.04.25 18:43:13.040,1.41333,1.41341,1.50,4.13
2014.04.25 18:43:13.395,1.41331,1.41336,1.50,1.13
2014.04.25 18:43:13.895,1.41331,1.41335,1.50,1.38
2014.04.25 18:43:14.148,1.41329,1.41335,1.50,1.38
2014.04.25 18:43:14.401,1.41327,1.41334,2.25,1.88
2014.04.25 18:43:15.809,1.41327,1.41332,1.50,1.00
2014.04.25 18:43:19.108,1.41327,1.41334,1.50,2.07
2014.04.25 18:43:21.969,1.41327,1.41332,1.50,1.00
2014.04.25 18:43:22.643,1.41327,1.41334,1.50,1.88
2014.04.25 18:43:23.602,1.41327,1.41334,1.50,1.13
2014.04.25 18:43:24.169,1.41327,1.41335,1.50,3.57
2014.04.25 18:43:24.908,1.41327,1.41334,1.50,1.00
2014.04.25 18:43:28.876,1.41327,1.41335,1.50,3.38
2014.04.25 18:43:32.979,1.41328,1.41335,1.88,1.50
2014.04.25 18:43:33.131,1.41329,1.41337,3.19,2.63
2014.04.25 18:43:33.741,1.41331,1.41339,1.50,2.25
2014.04.25 18:43:34.373,1.41331,1.41339,1.50,2.63
2014.04.25 18:43:37.203,1.41331,1.41339,3.57,1.50
2014.04.25 18:43:37.507,1.41335,1.41341,1.50,1.50
2014.04.25 18:43:38.034,1.41335,1.41343,1.88,2.10
2014.04.25 18:43:44.201,1.41335,1.41342,1.50,1.73
2014.04.25 18:43:44.503,1.41331,1.41335,2.25,2.63
2014.04.25 18:43:44.605,1.41331,1.41335,1.00,2.63
2014.04.25 18:43:44.757,1.41327,1.41335,1.50,2.63
2014.04.25 18:43:45.295,1.41327,1.41335,1.50,3.38
2014.04.25 18:43:45.806,1.41327,1.41335,1.69,2.25
2014.04.25 18:43:47.168,1.41327,1.41335,3.57,1.50
2014.04.25 18:43:48.341,1.41329,1.41335,1.00,1.50
2014.04.25 18:43:54.372,1.4133,1.41335,1.00,1.50
2014.04.25 18:43:54.423,1.4133,1.41335,1.38,1.50
2014.04.25 18:43:54.524,1.41333,1.4134,1.13,1.69
2014.04.25 18:43:55.393,1.41332,1.4134,3.00,1.88
2014.04.25 18:43:56.670,1.4133,1.41338,3.75,1.88
2014.04.25 18:43:58.360,1.4133,1.41338,2.25,1.88
2014.04.25 18:43:59.779,1.4133,1.41337,1.50,2.44
2014.04.25 18:44:01.645,1.41332,1.41337,1.00,1.88
2014.04.25 18:44:21.728,1.41331,1.41338,1.50,2.82
2014.04.25 18:44:22.922,1.41331,1.41338,1.50,2.82
2014.04.25 18:44:23.430,1.41331,1.41338,1.50,2.82
2014.04.25 18:44:26.915,1.41331,1.41338,1.50,2.82
2014.04.25 18:44:29.468,1.41331,1.41338,1.50,2.82
2014.04.25 18:44:35.291,1.41331,1.41337,1.50,2.07
2014.04.25 18:44:43.237,1.41331,1.41337,1.50,1.63
2014.04.25 18:44:43.930,1.41331,1.41338,1.50,2.44
2014.04.25 18:44:44.233,1.41337,1.41341,1.50,2.48
2014.04.25 18:44:44.747,1.41338,1.41341,1.50,2.10
2014.04.25 18:44:45.027,1.41338,1.41346,1.50,1.88
2014.04.25 18:44:54.440,1.41338,1.41346,1.88,1.88
2014.04.25 18:44:54.592,1.41341,1.41348,1.00,2.63
2014.04.25 18:44:54.643,1.41343,1.41348,1.00,1.50
2014.04.25 18:44:54.794,1.41343,1.41351,1.50,2.82
2014.04.25 18:44:56.968,1.41343,1.41351,1.50,3.00
2014.04.25 18:44:57.070,1.4134,1.41348,2.63,2.63
2014.04.25 18:44:57.650,1.4134,1.41348,1.50,3.38
2014.04.25 18:44:58.699,1.41338,1.41346,1.50,1.50
2014.04.25 18:45:00.368,1.41338,1.41346,1.50,1.88
2014.04.25 18:45:00.469,1.41336,1.41344,1.69,1.50
2014.04.25 18:45:01.318,1.41337,1.41344,1.88,1.50
2014.04.25 18:45:01.420,1.41342,1.41348,1.38,1.69
2014.04.25 18:45:01.924,1.41343,1.41348,1.38,1.50
2014.04.25 18:45:02.177,1.41343,1.4135,1.69,2.25
2014.04.25 18:45:02.329,1.41344,1.41352,1.88,1.50
2014.04.25 18:45:04.724,1.41344,1.41349,1.00,1.00
2014.04.25 18:45:05.245,1.41342,1.41349,3.57,1.50
2014.04.25 18:45:05.548,1.41341,1.41345,1.57,1.50
2014.04.25 18:45:05.650,1.4134,1.41345,1.00,1.50
2014.04.25 18:45:05.868,1.41339,1.41347,2.25,1.88
2014.04.25 18:45:05.920,1.41339,1.41347,2.63,1.50
2014.04.25 18:45:06.456,1.41342,1.41347,2.25,1.50
2014.04.25 18:45:06.915,1.41342,1.41347,1.13,1.88
2014.04.25 18:45:07.016,1.41339,1.41347,2.44,2.63
2014.04.25 18:45:07.067,1.41339,1.41345,1.25,1.50
2014.04.25 18:45:07.420,1.41337,1.41345,3.00,1.50
2014.04.25 18:45:08.268,1.41337,1.41345,3.00,1.50
2014.04.25 18:45:08.319,1.41337,1.41345,3.75,1.50
2014.04.25 18:45:08.471,1.41342,1.41348,1.13,1.50
2014.04.25 18:45:08.673,1.41343,1.41346,1.00,1.00
2014.04.25 18:45:08.774,1.41339,1.41346,1.00,1.50
2014.04.25 18:45:09.467,1.41338,1.41346,2.44,1.50
2014.04.25 18:45:12.089,1.41338,1.41346,2.63,1.50
2014.04.25 18:45:12.840,1.41338,1.41346,2.25,1.50
2014.04.25 18:45:17.064,1.41338,1.41346,2.07,1.50
2014.04.25 18:45:17.644,1.41338,1.41346,1.69,1.88
2014.04.25 18:45:20.229,1.4134,1.41346,1.00,1.13
2014.04.25 18:45:20.532,1.41341,1.41348,1.38,1.50
2014.04.25 18:45:21.297,1.41342,1.4135,2.63,1.50
2014.04.25 18:45:21.499,1.41342,1.4135,3.00,1.50
2014.04.25 18:45:21.702,1.41345,1.41352,2.82,1.00
2014.04.25 18:45:22.214,1.41346,1.41353,1.50,1.50
2014.04.25 18:45:22.729,1.41346,1.41353,1.50,1.50
2014.04.25 18:45:24.457,1.41346,1.41353,1.69,1.50
2014.04.25 18:45:24.967,1.41346,1.41353,1.69,1.50
2014.04.25 18:45:25.476,1.41346,1.41353,2.44,1.50
2014.04.25 18:45:26.766,1.41345,1.41351,3.57,1.75
2014.04.25 18:45:27.019,1.41341,1.41347,1.00,1.88
2014.04.25 18:45:27.069,1.41339,1.41345,1.00,1.50
2014.04.25 18:45:27.570,1.41338,1.41345,1.00,1.50
2014.04.25 18:45:28.380,1.41341,1.41348,1.50,1.50
2014.04.25 18:45:28.482,1.41342,1.4135,2.63,1.50
2014.04.25 18:45:28.533,1.41342,1.4135,2.63,1.50
2014.04.25 18:45:28.976,1.41343,1.4135,1.13,1.50
2014.04.25 18:45:29.499,1.41342,1.4135,1.50,1.88
2014.04.25 18:45:29.701,1.41344,1.41348,1.00,1.50
2014.04.25 18:45:29.802,1.41344,1.4135,1.00,2.25
2014.04.25 18:45:31.868,1.41343,1.4135,1.32,1.50
2014.04.25 18:45:32.747,1.41343,1.4135,1.38,1.50
2014.04.25 18:45:38.109,1.41342,1.4135,2.82,1.88
2014.04.25 18:45:38.160,1.41342,1.41347,1.32,1.50
2014.04.25 18:45:38.362,1.41339,1.41345,1.09,1.00
2014.04.25 18:45:39.318,1.41337,1.41345,2.63,1.50
2014.04.25 18:45:46.001,1.41337,1.41343,1.13,1.00
2014.04.25 18:45:46.939,1.41336,1.41343,2.07,1.50
2014.04.25 18:45:47.831,1.41336,1.41343,1.13,1.50
2014.04.25 18:45:48.932,1.41335,1.41343,2.82,1.50
2014.04.25 18:45:52.651,1.41335,1.41343,2.82,1.50
2014.04.25 18:45:56.190,1.41335,1.41343,2.82,1.50
2014.04.25 18:45:57.962,1.41337,1.41343,1.69,1.50
2014.04.25 18:45:58.621,1.41337,1.41343,1.69,1.50
2014.04.25 18:46:05.379,1.41337,1.41343,1.13,1.50
2014.04.25 18:46:05.983,1.41338,1.41343,1.13,1.50
2014.04.25 18:46:06.704,1.41338,1.41344,1.13,1.50
2014.04.25 18:46:19.240,1.41341,1.41344,1.00,1.50
2014.04.25 18:46:19.342,1.41339,1.41344,1.00,1.50
2014.04.25 18:46:19.904,1.41338,1.41344,1.69,1.50
2014.04.25 18:46:25.910,1.41338,1.41344,2.07,1.50
2014.04.25 18:46:26.750,1.41338,1.41344,1.50,1.50
2014.04.25 18:46:26.902,1.41336,1.41343,1.00,2.25
2014.04.25 18:46:27.512,1.41335,1.41343,2.10,2.25
2014.04.25 18:46:47.728,1.41335,1.41342,1.00,1.00
2014.04.25 18:46:48.241,1.41334,1.41342,2.07,1.50
2014.04.25 18:46:48.752,1.41334,1.41342,1.69,1.50
2014.04.25 18:46:50.557,1.41335,1.41342,1.69,1.50
2014.04.25 18:46:50.608,1.41338,1.41344,1.88,1.25
2014.04.25 18:46:50.668,1.41341,1.41346,1.00,3.19
2014.04.25 18:46:50.721,1.41341,1.41348,3.00,1.38
2014.04.25 18:46:50.873,1.41342,1.41349,1.50,1.50
2014.04.25 18:46:54.357,1.41342,1.41349,1.00,1.50
2014.04.25 18:47:02.681,1.41341,1.41349,4.32,1.50
2014.04.25 18:47:04.641,1.41343,1.41349,2.44,1.50
2014.04.25 18:47:05.149,1.41343,1.41349,2.25,1.50
2014.04.25 18:47:05.653,1.41342,1.41349,1.25,1.88
2014.04.25 18:47:05.807,1.41338,1.41346,1.88,1.88
2014.04.25 18:47:05.908,1.41338,1.41344,1.38,1.00
2014.04.25 18:47:06.059,1.41337,1.41344,1.00,1.50
2014.04.25 18:47:06.801,1.41336,1.41344,1.50,1.50
2014.04.25 18:47:08.393,1.4134,1.41344,1.38,1.00
2014.04.25 18:47:08.444,1.4134,1.41347,1.38,1.00
2014.04.25 18:47:08.955,1.4134,1.41348,2.82,1.00
2014.04.25 18:47:09.162,1.4134,1.41348,2.82,1.00
2014.04.25 18:47:09.263,1.4134,1.41348,1.69,1.38
2014.04.25 18:47:09.365,1.4134,1.41348,1.69,1.13
2014.04.25 18:47:09.887,1.4134,1.41348,1.69,1.88
2014.04.25 18:47:10.398,1.41338,1.41346,3.04,1.00
2014.04.25 18:47:10.649,1.41338,1.41346,2.10,1.00
2014.04.25 18:47:13.195,1.41338,1.41346,2.10,1.00
2014.04.25 18:47:16.206,1.41338,1.41346,1.88,1.00
2014.04.25 18:47:18.702,1.4134,1.41348,2.63,1.50
2014.04.25 18:47:18.855,1.41342,1.41348,1.00,1.00
2014.04.25 18:47:19.108,1.41342,1.4135,1.88,1.50
2014.04.25 18:47:19.598,1.41344,1.4135,1.00,1.00
2014.04.25 18:47:19.703,1.41344,1.41352,1.50,1.50
2014.04.25 18:47:19.907,1.41347,1.41352,1.38,1.50
2014.04.25 18:47:19.959,1.41349,1.41356,1.88,2.07
2014.04.25 18:47:20.010,1.4135,1.41357,1.13,1.88
2014.04.25 18:47:20.212,1.4135,1.41357,1.88,1.88
2014.04.25 18:47:20.729,1.41352,1.41357,1.13,1.00
2014.04.25 18:47:20.780,1.41352,1.41359,1.13,1.50
2014.04.25 18:47:21.299,1.41352,1.41359,3.19,1.50
2014.04.25 18:47:22.392,1.41352,1.41359,2.25,1.50
2014.04.25 18:47:30.647,1.41352,1.41357,1.13,1.00
2014.04.25 18:47:30.951,1.41349,1.41353,1.50,1.00
2014.04.25 18:47:31.203,1.41347,1.41353,1.00,1.50
2014.04.25 18:47:34.552,1.41346,1.41353,1.35,1.50
2014.04.25 18:47:34.807,1.41349,1.41353,1.00,1.50
2014.04.25 18:47:34.858,1.41345,1.41353,6.23,1.88
2014.04.25 18:47:40.333,1.41346,1.41353,1.00,1.88
2014.04.25 18:47:40.384,1.41345,1.41351,1.50,1.00
2014.04.25 18:47:43.323,1.41344,1.41351,1.50,1.50
2014.04.25 18:47:44.476,1.41343,1.41349,1.13,1.00
2014.04.25 18:47:45.510,1.41342,1.41349,3.04,1.50
2014.04.25 18:47:46.065,1.41342,1.41347,2.85,1.00
2014.04.25 18:47:46.659,1.41342,1.41347,2.85,1.88
2014.04.25 18:47:47.236,1.41342,1.41347,2.10,1.50
2014.04.25 18:47:53.533,1.41342,1.41347,2.10,1.88
2014.04.25 18:47:54.039,1.41342,1.41345,2.10,1.50
2014.04.25 18:47:54.089,1.41342,1.41347,2.10,2.25
2014.04.25 18:47:55.251,1.41342,1.41345,2.10,1.00
2014.04.25 18:48:12.645,1.41342,1.41347,2.10,1.00
2014.04.25 18:48:13.205,1.41342,1.41348,2.10,1.50
2014.04.25 18:48:19.150,1.41341,1.41348,1.32,1.50
2014.04.25 18:48:23.342,1.41341,1.41348,2.07,1.50
2014.04.25 18:48:23.845,1.41341,1.41348,1.63,1.50
2014.04.25 18:48:25.619,1.41342,1.4135,1.88,1.50
2014.04.25 18:48:37.126,1.41342,1.4135,1.50,1.69
2014.04.25 18:48:38.253,1.41342,1.4135,1.50,1.88
2014.04.25 18:48:44.908,1.41341,1.41348,1.00,1.50
2014.04.25 18:48:54.204,1.41342,1.41348,1.00,1.50
2014.04.25 18:49:02.674,1.41342,1.41348,1.32,1.50
2014.04.25 18:49:05.524,1.41342,1.4135,2.82,1.69
2014.04.25 18:49:07.133,1.41342,1.4135,2.44,2.07
2014.04.25 18:49:07.666,1.41342,1.41348,1.25,1.50
2014.04.25 18:49:10.088,1.41342,1.4135,2.44,1.69
2014.04.25 18:49:10.608,1.41342,1.41348,1.25,1.50
2014.04.25 18:49:11.136,1.41342,1.4135,2.44,2.07
2014.04.25 18:49:11.750,1.41342,1.4135,3.57,1.69
2014.04.25 18:49:29.836,1.41345,1.41351,1.00,2.07
2014.04.25 18:49:30.139,1.41347,1.41351,1.00,1.00
2014.04.25 18:49:30.613,1.41343,1.4135,1.69,1.50
2014.04.25 18:49:31.053,1.41342,1.4135,2.82,1.88
2014.04.25 18:49:31.156,1.41342,1.41348,1.13,1.50
2014.04.25 18:49:35.885,1.41341,1.41348,1.25,1.50
2014.04.25 18:49:36.191,1.41341,1.41346,1.00,1.50
2014.04.25 18:49:38.728,1.41342,1.41346,1.00,1.50
2014.04.25 18:49:41.149,1.41342,1.41348,1.00,1.50
2014.04.25 18:49:44.873,1.41341,1.41348,1.25,1.50
2014.04.25 18:49:46.021,1.41341,1.41348,1.19,1.50
2014.04.25 18:49:48.664,1.41341,1.41348,1.25,1.69
2014.04.25 18:49:52.630,1.41341,1.41348,1.19,1.50
2014.04.25 18:50:04.027,1.41343,1.41348,1.00,1.50
2014.04.25 18:50:05.941,1.41343,1.4135,1.25,2.82
2014.04.25 18:50:15.673,1.41342,1.4135,2.25,2.82
2014.04.25 18:50:19.708,1.41342,1.41348,1.00,1.50
2014.04.25 18:50:22.354,1.41343,1.41348,1.00,1.50
2014.04.25 18:50:27.754,1.41346,1.41348,1.00,1.50
2014.04.25 18:50:27.855,1.41346,1.4135,1.00,3.19
2014.04.25 18:50:32.039,1.41348,1.4135,1.00,1.00
2014.04.25 18:50:32.342,1.41353,1.41355,1.00,1.00
2014.04.25 18:50:32.393,1.41354,1.41358,1.00,2.25
2014.04.25 18:50:32.494,1.41355,1.41358,1.00,2.25
2014.04.25 18:50:33.036,1.41356,1.41359,1.00,1.50
2014.04.25 18:50:35.575,1.41357,1.41359,1.00,1.50
2014.04.25 18:50:35.930,1.41354,1.41359,1.13,1.50
2014.04.25 18:50:36.032,1.41351,1.41357,1.32,1.00
2014.04.25 18:50:36.235,1.41354,1.41357,1.00,1.50
2014.04.25 18:50:36.539,1.41354,1.41359,1.00,1.50
2014.04.25 18:50:37.907,1.41352,1.41359,1.00,1.50
2014.04.25 18:50:38.008,1.41351,1.41358,2.44,1.38
2014.04.25 18:50:38.290,1.41348,1.41354,1.13,2.63
2014.04.25 18:50:38.800,1.41349,1.41354,1.00,1.50
2014.04.25 18:50:39.103,1.41346,1.41353,1.50,1.00
2014.04.25 18:50:39.925,1.41344,1.41352,1.69,1.50
2014.04.25 18:50:40.472,1.41344,1.41352,1.50,1.50
2014.04.25 18:50:44.161,1.41347,1.41352,1.38,1.00
2014.04.25 18:50:44.364,1.41348,1.41354,1.38,2.25
2014.04.25 18:50:44.843,1.4135,1.41356,1.63,1.00
2014.04.25 18:50:44.944,1.41353,1.41357,1.00,1.50
2014.04.25 18:50:45.449,1.41354,1.41357,1.00,1.50
2014.04.25 18:50:56.186,1.41354,1.41359,1.00,2.25
