2014.05.26 16:00:01.487,1.39055,1.3906,1.00,1.38
2014.05.26 16:00:01.695,1.3905,1.39056,5.07,1.00
2014.05.26 16:00:02.175,1.39053,1.39055,1.00,1.00
2014.05.26 16:00:02.227,1.39053,1.39056,1.00,1.00
2014.05.26 16:00:03.741,1.39053,1.39055,1.00,1.00
2014.05.26 16:00:04.208,1.39053,1.39057,1.13,1.00
2014.05.26 16:00:05.153,1.39053,1.39056,1.13,1.00
2014.05.26 16:00:06.186,1.39051,1.39055,2.44,1.00
2014.05.26 16:00:06.289,1.3905,1.39053,1.50,1.00
2014.05.26 16:00:06.797,1.39049,1.39052,1.69,1.00
2014.05.26 16:00:07.164,1.39049,1.39051,1.50,1.00
2014.05.26 16:00:07.468,1.39047,1.39049,1.50,1.00
2014.05.26 16:00:07.519,1.39045,1.3905,1.00,1.00
2014.05.26 16:00:08.056,1.39046,1.3905,1.00,1.00
2014.05.26 16:00:08.564,1.39046,1.39051,1.00,3.00
2014.05.26 16:00:10.696,1.39046,1.39051,1.00,3.38
2014.05.26 16:00:10.900,1.39042,1.39048,1.19,1.00
2014.05.26 16:00:11.897,1.39041,1.39048,5.07,1.00
2014.05.26 16:00:12.753,1.39041,1.39047,4.32,1.00
2014.05.26 16:00:13.007,1.39044,1.39051,1.00,3.94
2014.05.26 16:00:13.802,1.39044,1.39051,1.19,3.75
2014.05.26 16:00:14.445,1.39046,1.39051,1.00,3.00
2014.05.26 16:00:17.073,1.39043,1.3905,3.94,1.00
2014.05.26 16:00:17.632,1.39043,1.3905,3.94,1.00
2014.05.26 16:00:19.462,1.39044,1.39051,1.25,3.75
2014.05.26 16:00:25.663,1.39043,1.39048,1.69,1.00
2014.05.26 16:00:26.118,1.39045,1.39049,1.00,1.50
2014.05.26 16:00:26.320,1.39045,1.39051,1.00,4.32
2014.05.26 16:00:27.967,1.39043,1.39049,2.82,1.00
2014.05.26 16:00:28.068,1.39044,1.39051,1.19,3.75
2014.05.26 16:00:28.321,1.39043,1.39049,2.82,1.00
2014.05.26 16:00:28.422,1.39044,1.39051,1.19,4.13
2014.05.26 16:00:28.965,1.39046,1.39051,1.00,1.50
2014.05.26 16:00:31.742,1.39044,1.39051,2.07,2.63
2014.05.26 16:00:31.995,1.39046,1.39049,1.00,1.00
2014.05.26 16:00:32.096,1.39043,1.39049,1.50,1.50
2014.05.26 16:00:32.353,1.39046,1.39049,1.00,1.88
2014.05.26 16:00:32.584,1.39043,1.39049,1.00,3.00
2014.05.26 16:00:33.090,1.39043,1.39048,1.00,1.00
2014.05.26 16:00:34.246,1.39044,1.39049,1.00,3.38
2014.05.26 16:00:35.812,1.39043,1.39049,1.00,3.57
2014.05.26 16:00:36.556,1.39043,1.39049,1.00,3.94
2014.05.26 16:00:37.248,1.39042,1.39049,1.00,3.19
2014.05.26 16:00:38.201,1.39041,1.39049,2.82,3.94
2014.05.26 16:00:39.816,1.39041,1.39048,2.82,1.25
2014.05.26 16:00:39.869,1.39043,1.39048,1.00,1.25
2014.05.26 16:00:40.391,1.39042,1.39049,1.00,5.82
2014.05.26 16:00:40.896,1.39042,1.39046,1.00,2.25
2014.05.26 16:00:41.431,1.39041,1.39046,1.00,2.63
2014.05.26 16:00:42.062,1.39039,1.39046,1.13,4.13
2014.05.26 16:00:42.713,1.3904,1.39044,1.00,1.50
2014.05.26 16:00:53.623,1.39041,1.39044,1.00,1.50
2014.05.26 16:01:00.447,1.39037,1.39044,1.25,2.25
2014.05.26 16:01:00.901,1.39036,1.39042,2.44,1.00
2014.05.26 16:01:01.802,1.39036,1.39042,2.07,1.00
2014.05.26 16:01:02.997,1.39038,1.39043,1.00,1.50
2014.05.26 16:01:04.865,1.39039,1.39043,1.00,1.50
2014.05.26 16:01:05.117,1.39039,1.39045,1.00,1.69
2014.05.26 16:01:05.623,1.3904,1.39046,1.00,2.44
2014.05.26 16:01:06.126,1.39041,1.39046,1.00,1.00
2014.05.26 16:01:06.227,1.39041,1.39048,1.00,3.00
2014.05.26 16:01:26.348,1.39042,1.39049,1.00,2.44
2014.05.26 16:01:28.070,1.39043,1.39049,1.00,1.50
2014.05.26 16:01:29.561,1.39045,1.39049,1.00,1.00
2014.05.26 16:01:30.146,1.39045,1.3905,1.50,1.00
2014.05.26 16:01:30.453,1.39047,1.39051,1.00,1.69
2014.05.26 16:01:32.447,1.39047,1.39051,1.50,1.00
2014.05.26 16:01:40.387,1.39045,1.39051,2.25,1.25
2014.05.26 16:01:44.041,1.39046,1.39053,1.00,5.07
2014.05.26 16:01:44.954,1.39047,1.39053,1.50,2.44
2014.05.26 16:01:48.792,1.39047,1.39052,1.50,1.19
2014.05.26 16:01:53.210,1.39047,1.39052,1.50,1.25
2014.05.26 16:01:54.284,1.39047,1.39052,1.50,1.32
2014.05.26 16:01:58.267,1.39045,1.39052,3.00,2.07
2014.05.26 16:02:01.883,1.39045,1.39049,1.50,1.00
2014.05.26 16:02:02.195,1.39045,1.39047,1.50,1.00
2014.05.26 16:02:03.511,1.39045,1.39048,1.50,1.00
2014.05.26 16:02:12.234,1.39045,1.39046,1.50,1.00
2014.05.26 16:02:12.386,1.39042,1.39046,1.50,1.00
2014.05.26 16:02:18.503,1.39042,1.39044,1.50,1.00
2014.05.26 16:02:18.611,1.3904,1.39044,1.50,1.00
2014.05.26 16:02:19.116,1.39038,1.39043,2.25,1.00
2014.05.26 16:02:21.272,1.39038,1.39042,1.50,1.00
2014.05.26 16:02:21.424,1.39036,1.39042,2.44,1.00
2014.05.26 16:02:25.784,1.39038,1.39043,1.00,1.19
2014.05.26 16:02:26.138,1.39036,1.39043,2.63,1.69
2014.05.26 16:02:26.651,1.39036,1.39041,1.50,1.00
2014.05.26 16:02:30.323,1.39037,1.39043,1.00,1.00
2014.05.26 16:02:30.425,1.39036,1.39041,2.82,1.00
2014.05.26 16:02:35.269,1.39037,1.39043,1.00,1.25
2014.05.26 16:02:37.271,1.39036,1.39043,3.57,1.50
2014.05.26 16:02:41.300,1.39036,1.3904,2.63,1.00
2014.05.26 16:02:42.256,1.39037,1.3904,1.00,1.00
2014.05.26 16:02:43.280,1.39037,1.39041,1.50,1.00
2014.05.26 16:02:43.619,1.39037,1.39043,2.25,1.25
2014.05.26 16:02:44.002,1.39038,1.39045,1.00,3.00
2014.05.26 16:02:49.010,1.39037,1.39042,1.69,1.00
2014.05.26 16:02:51.584,1.39037,1.39044,2.82,1.00
2014.05.26 16:02:55.494,1.39037,1.39044,2.82,1.00
2014.05.26 16:02:57.624,1.39037,1.39043,2.44,1.00
2014.05.26 16:02:57.918,1.39038,1.39045,1.25,2.25
2014.05.26 16:02:58.436,1.39039,1.39045,1.13,1.50
2014.05.26 16:02:58.799,1.39041,1.39045,1.00,1.50
2014.05.26 16:02:58.901,1.39041,1.39048,1.00,3.19
2014.05.26 16:02:59.404,1.39041,1.39048,1.00,3.19
2014.05.26 16:03:01.938,1.39041,1.39047,1.00,1.00
2014.05.26 16:03:03.089,1.3904,1.39044,1.50,1.00
2014.05.26 16:03:03.697,1.39038,1.39045,3.94,1.00
2014.05.26 16:03:04.231,1.39038,1.39045,2.82,1.00
2014.05.26 16:03:08.950,1.39038,1.39045,2.82,1.00
2014.05.26 16:03:12.434,1.39038,1.39045,2.44,1.00
2014.05.26 16:03:14.889,1.39038,1.39044,1.69,1.00
2014.05.26 16:03:15.583,1.39038,1.39044,2.07,1.00
2014.05.26 16:03:16.477,1.39038,1.39044,1.69,1.00
2014.05.26 16:03:17.067,1.39038,1.39044,1.69,1.00
2014.05.26 16:03:19.417,1.39038,1.39042,1.69,1.00
2014.05.26 16:03:19.950,1.39037,1.39041,1.19,1.00
2014.05.26 16:03:20.819,1.39036,1.39041,1.50,1.00
2014.05.26 16:03:26.023,1.39036,1.39043,2.25,1.63
2014.05.26 16:03:32.726,1.39036,1.39043,2.25,2.82
2014.05.26 16:03:32.929,1.39034,1.3904,2.44,1.00
2014.05.26 16:03:33.443,1.39035,1.39042,1.00,4.32
2014.05.26 16:03:34.003,1.39035,1.39042,1.00,4.32
2014.05.26 16:03:34.675,1.39035,1.39041,1.00,1.63
2014.05.26 16:03:34.777,1.39032,1.39038,2.25,1.13
2014.05.26 16:03:35.282,1.39031,1.39038,1.32,2.63
2014.05.26 16:03:39.324,1.39033,1.3904,1.00,4.69
2014.05.26 16:03:40.317,1.39033,1.3904,1.00,3.94
2014.05.26 16:03:41.473,1.39033,1.3904,1.00,3.19
2014.05.26 16:03:42.981,1.39032,1.39039,2.25,1.25
2014.05.26 16:03:46.332,1.39032,1.39039,2.25,1.69
2014.05.26 16:03:48.768,1.39033,1.39039,1.00,1.19
2014.05.26 16:03:49.910,1.39033,1.3904,1.00,3.94
2014.05.26 16:03:52.936,1.39033,1.3904,1.00,4.69
2014.05.26 16:03:53.457,1.39034,1.39039,1.50,1.00
2014.05.26 16:03:54.000,1.39034,1.3904,1.50,2.25
2014.05.26 16:04:03.798,1.39034,1.39039,1.50,1.00
2014.05.26 16:04:08.699,1.39034,1.3904,1.69,1.00
2014.05.26 16:04:12.131,1.39034,1.39041,2.44,2.07
2014.05.26 16:04:24.756,1.39034,1.39039,1.69,1.00
2014.05.26 16:04:29.630,1.39036,1.39042,1.50,1.38
2014.05.26 16:04:29.934,1.39042,1.39044,1.50,1.00
2014.05.26 16:04:29.985,1.39042,1.39046,1.50,1.00
2014.05.26 16:04:30.511,1.39042,1.39047,1.50,1.25
2014.05.26 16:04:31.185,1.39042,1.39046,1.50,1.00
2014.05.26 16:04:31.387,1.39044,1.39046,1.50,1.00
2014.05.26 16:04:32.236,1.39044,1.39047,1.50,1.13
2014.05.26 16:04:35.316,1.39044,1.39048,1.50,1.13
2014.05.26 16:04:48.387,1.39044,1.3905,1.50,1.32
2014.05.26 16:04:52.277,1.39045,1.3905,1.00,1.00
2014.05.26 16:05:04.643,1.39045,1.3905,1.50,1.63
2014.05.26 16:05:04.947,1.39047,1.3905,1.50,1.32
2014.05.26 16:05:09.727,1.39045,1.3905,2.25,1.00
2014.05.26 16:05:17.169,1.39045,1.39049,1.69,1.00
2014.05.26 16:05:29.934,1.39045,1.39052,2.44,2.82
2014.05.26 16:05:30.086,1.39047,1.39051,1.50,1.00
2014.05.26 16:05:30.188,1.39047,1.39053,1.50,1.00
2014.05.26 16:05:30.339,1.39049,1.39052,1.00,1.00
2014.05.26 16:05:30.693,1.39049,1.39054,2.25,1.25
2014.05.26 16:05:30.845,1.39051,1.39054,1.50,1.25
2014.05.26 16:05:31.793,1.39051,1.39056,1.50,1.88
2014.05.26 16:05:32.972,1.39051,1.39053,1.50,1.00
2014.05.26 16:05:36.702,1.39051,1.39055,1.50,1.00
2014.05.26 16:05:45.274,1.39051,1.39057,1.50,1.63
2014.05.26 16:06:08.808,1.39051,1.39057,1.50,1.38
2014.05.26 16:06:17.540,1.39051,1.39057,1.50,2.82
2014.05.26 16:06:23.868,1.39051,1.39057,1.50,1.38
2014.05.26 16:06:24.737,1.39051,1.39058,2.25,2.07
2014.05.26 16:06:25.042,1.39053,1.39059,2.25,2.07
2014.05.26 16:06:26.874,1.39054,1.39059,1.00,1.63
2014.05.26 16:06:30.156,1.39053,1.39059,1.50,2.07
2014.05.26 16:06:30.694,1.39053,1.39056,1.50,1.13
2014.05.26 16:06:36.155,1.39053,1.39059,1.50,2.82
2014.05.26 16:06:45.472,1.39052,1.39059,2.25,2.82
2014.05.26 16:06:56.496,1.39052,1.39058,1.50,1.32
2014.05.26 16:06:58.377,1.39052,1.39058,1.69,1.13
2014.05.26 16:07:00.077,1.39052,1.39059,2.44,1.13
2014.05.26 16:07:00.597,1.39054,1.39059,1.50,1.13
2014.05.26 16:07:09.697,1.39054,1.39059,1.50,1.38
2014.05.26 16:07:12.222,1.39054,1.39059,1.50,1.38
2014.05.26 16:07:12.728,1.39052,1.39059,2.44,2.63
2014.05.26 16:07:13.279,1.39052,1.39059,2.44,1.88
2014.05.26 16:07:14.334,1.39052,1.39059,2.44,2.07
2014.05.26 16:07:15.579,1.39052,1.39059,2.44,2.07
2014.05.26 16:07:16.096,1.39052,1.39056,1.50,1.88
2014.05.26 16:07:26.481,1.39052,1.39057,1.50,3.94
2014.05.26 16:07:27.143,1.39052,1.39057,1.50,3.94
2014.05.26 16:07:31.789,1.3905,1.39057,4.13,3.94
2014.05.26 16:08:06.424,1.3905,1.39057,2.63,5.07
2014.05.26 16:08:08.193,1.3905,1.39052,1.88,1.00
2014.05.26 16:08:08.446,1.39048,1.39051,1.19,1.00
2014.05.26 16:08:08.750,1.39045,1.39051,4.32,1.00
2014.05.26 16:08:10.029,1.39045,1.39051,3.19,1.00
2014.05.26 16:08:12.417,1.39047,1.39053,1.00,2.07
2014.05.26 16:08:13.028,1.39047,1.39053,1.00,2.82
2014.05.26 16:08:19.070,1.39047,1.39053,1.00,2.82
2014.05.26 16:08:23.068,1.39047,1.39053,1.00,3.94
2014.05.26 16:08:23.590,1.39047,1.3905,1.00,1.00
2014.05.26 16:08:25.384,1.39045,1.3905,3.19,1.00
2014.05.26 16:08:32.473,1.39045,1.3905,1.69,1.00
2014.05.26 16:08:33.083,1.39045,1.39049,1.19,1.00
2014.05.26 16:08:33.766,1.39045,1.39049,1.25,1.00
2014.05.26 16:08:34.325,1.39044,1.39046,2.82,1.00
2014.05.26 16:08:34.737,1.39044,1.39049,1.19,1.38
2014.05.26 16:08:35.477,1.39042,1.39049,2.44,1.38
2014.05.26 16:08:36.523,1.39042,1.39049,2.44,1.63
2014.05.26 16:08:42.505,1.39042,1.39049,2.44,1.25
2014.05.26 16:08:48.017,1.39042,1.39049,2.25,1.19
2014.05.26 16:08:48.682,1.39042,1.39049,2.25,1.00
2014.05.26 16:08:54.781,1.39044,1.3905,1.00,2.44
2014.05.26 16:08:55.285,1.39044,1.3905,2.44,1.00
2014.05.26 16:08:57.645,1.39044,1.3905,2.44,1.00
2014.05.26 16:09:06.014,1.39044,1.39049,1.69,1.00
2014.05.26 16:09:14.663,1.39045,1.3905,1.00,1.00
2014.05.26 16:09:20.093,1.39043,1.39049,1.69,1.00
2014.05.26 16:09:22.421,1.39043,1.39049,1.69,1.00
2014.05.26 16:09:30.660,1.39043,1.39049,2.07,1.00
2014.05.26 16:09:37.370,1.39043,1.39049,1.69,1.00
2014.05.26 16:09:38.139,1.39045,1.3905,1.00,1.25
2014.05.26 16:09:39.761,1.39043,1.3905,2.44,1.50
2014.05.26 16:09:40.579,1.39043,1.3905,3.19,1.25
2014.05.26 16:09:44.195,1.39043,1.3905,3.19,1.00
2014.05.26 16:09:45.294,1.39043,1.3905,3.19,1.25
2014.05.26 16:09:53.235,1.39043,1.3905,3.19,1.00
2014.05.26 16:10:15.453,1.39044,1.39051,2.44,1.25
2014.05.26 16:10:16.230,1.39044,1.39051,2.44,1.00
2014.05.26 16:10:26.067,1.39044,1.39051,2.44,1.25
2014.05.26 16:10:29.276,1.39044,1.39051,2.82,1.00
2014.05.26 16:10:36.095,1.39044,1.39051,1.50,2.44
2014.05.26 16:10:36.632,1.39043,1.3905,1.13,1.69
2014.05.26 16:10:37.261,1.39043,1.3905,1.13,1.69
2014.05.26 16:10:40.872,1.39043,1.3905,1.13,1.69
2014.05.26 16:10:41.875,1.39043,1.3905,1.13,1.69
2014.05.26 16:10:44.153,1.39043,1.3905,1.50,1.69
2014.05.26 16:10:44.456,1.39046,1.39052,2.07,1.00
2014.05.26 16:10:44.610,1.39046,1.39054,2.82,2.25
2014.05.26 16:10:52.253,1.39047,1.39054,1.38,2.25
2014.05.26 16:10:53.962,1.39047,1.39054,1.13,2.25
2014.05.26 16:10:54.465,1.39047,1.39054,1.38,2.25
2014.05.26 16:11:00.421,1.39047,1.39054,1.69,1.50
2014.05.26 16:11:00.970,1.39049,1.39055,1.50,1.00
2014.05.26 16:11:21.313,1.39048,1.39055,2.07,1.00
2014.05.26 16:11:21.822,1.39048,1.39054,2.07,1.00
2014.05.26 16:11:25.557,1.39048,1.39054,2.07,1.00
2014.05.26 16:11:26.065,1.39048,1.39054,2.07,1.00
2014.05.26 16:11:26.578,1.39048,1.39054,2.07,1.00
2014.05.26 16:11:27.947,1.39048,1.39054,2.07,1.00
2014.05.26 16:11:30.029,1.39048,1.39054,1.88,1.00
2014.05.26 16:11:35.162,1.39048,1.39054,1.88,1.00
2014.05.26 16:11:40.164,1.39048,1.39054,2.07,1.00
2014.05.26 16:11:40.666,1.39048,1.39054,2.07,1.00
2014.05.26 16:11:41.258,1.39049,1.39054,1.00,1.00
2014.05.26 16:11:43.502,1.39049,1.39056,2.07,1.00
2014.05.26 16:11:44.017,1.39051,1.39058,2.25,1.69
2014.05.26 16:11:44.703,1.39051,1.39058,2.25,1.00
2014.05.26 16:11:47.502,1.39051,1.39056,1.50,1.00
2014.05.26 16:11:47.707,1.39051,1.39058,2.25,1.00
2014.05.26 16:12:16.307,1.39051,1.39057,1.50,1.00
2014.05.26 16:12:16.459,1.39053,1.39057,1.00,1.00
2014.05.26 16:12:17.581,1.39055,1.39057,1.38,1.00
2014.05.26 16:12:17.733,1.39057,1.39063,1.88,1.50
2014.05.26 16:12:17.784,1.39059,1.39063,1.00,1.00
2014.05.26 16:12:18.088,1.39062,1.39065,1.00,1.00
2014.05.26 16:12:18.341,1.39063,1.39067,1.50,1.50
2014.05.26 16:12:18.960,1.39063,1.39066,1.50,1.00
2014.05.26 16:12:21.093,1.39063,1.39067,1.50,1.00
2014.05.26 16:12:26.091,1.39063,1.39068,1.50,1.00
2014.05.26 16:12:33.520,1.39063,1.39069,1.50,1.50
2014.05.26 16:12:36.981,1.39063,1.39069,1.50,1.19
2014.05.26 16:12:38.284,1.39062,1.39069,2.25,1.19
2014.05.26 16:12:39.097,1.39062,1.39069,2.25,1.25
2014.05.26 16:12:43.006,1.39062,1.39069,2.25,1.69
2014.05.26 16:12:44.430,1.39062,1.39069,2.25,1.00
2014.05.26 16:12:45.991,1.39062,1.39068,2.25,1.00
2014.05.26 16:12:51.694,1.39064,1.39068,1.00,1.25
2014.05.26 16:13:00.349,1.39062,1.39068,2.44,1.00
2014.05.26 16:13:29.147,1.39062,1.39069,1.50,2.25
2014.05.26 16:13:30.143,1.39062,1.39065,1.00,1.00
2014.05.26 16:13:30.194,1.39059,1.39064,2.25,1.00
2014.05.26 16:13:30.648,1.39059,1.39066,1.50,1.50
2014.05.26 16:13:31.189,1.39059,1.39065,1.50,1.00
2014.05.26 16:13:37.158,1.39059,1.39066,1.50,1.50
2014.05.26 16:13:40.335,1.39059,1.39065,1.50,1.00
2014.05.26 16:13:50.275,1.3906,1.39065,1.00,1.00
2014.05.26 16:13:52.546,1.39058,1.39065,3.00,1.00
2014.05.26 16:13:56.780,1.39058,1.39066,4.13,3.00
2014.05.26 16:13:57.109,1.3906,1.39066,1.50,1.50
2014.05.26 16:13:57.855,1.3906,1.39064,1.50,1.00
2014.05.26 16:14:03.375,1.39058,1.39064,2.63,1.00
2014.05.26 16:14:06.358,1.39058,1.39064,3.38,1.00
2014.05.26 16:14:06.909,1.39058,1.39064,3.38,1.00
2014.05.26 16:14:07.214,1.39059,1.39066,1.88,2.25
2014.05.26 16:14:08.678,1.3906,1.39067,2.63,1.00
2014.05.26 16:14:09.930,1.3906,1.39067,3.57,1.00
2014.05.26 16:14:11.252,1.3906,1.39067,3.94,1.00
2014.05.26 16:14:15.922,1.3906,1.39067,3.19,1.00
2014.05.26 16:14:16.024,1.3906,1.39065,2.44,1.00
2014.05.26 16:14:16.757,1.3906,1.39066,2.07,1.00
2014.05.26 16:14:17.769,1.3906,1.39066,2.07,1.00
2014.05.26 16:14:18.072,1.39062,1.39066,1.50,1.00
2014.05.26 16:14:26.258,1.3906,1.39065,1.50,1.00
2014.05.26 16:14:26.360,1.39058,1.39064,1.00,1.50
2014.05.26 16:14:26.462,1.39056,1.39062,2.25,1.00
2014.05.26 16:14:26.970,1.39056,1.39063,1.50,1.00
2014.05.26 16:14:28.795,1.39056,1.39062,1.50,1.00
2014.05.26 16:14:31.843,1.39056,1.39062,1.88,1.50
2014.05.26 16:14:32.045,1.39057,1.39064,1.38,2.25
2014.05.26 16:14:38.978,1.39061,1.39064,1.00,1.00
2014.05.26 16:14:39.497,1.39062,1.39064,1.50,1.00
2014.05.26 16:14:41.143,1.3906,1.39064,1.50,1.00
2014.05.26 16:14:42.416,1.3906,1.39066,1.50,1.00
2014.05.26 16:14:42.468,1.3906,1.39066,1.88,1.00
2014.05.26 16:14:42.974,1.3906,1.39066,2.63,1.00
2014.05.26 16:14:43.483,1.3906,1.39066,3.38,1.00
2014.05.26 16:14:44.308,1.3906,1.39066,1.50,1.88
2014.05.26 16:14:44.410,1.39059,1.39063,1.00,1.00
2014.05.26 16:14:44.951,1.39058,1.39062,1.50,1.00
2014.05.26 16:14:45.477,1.39058,1.39063,1.50,1.00
2014.05.26 16:14:48.602,1.39058,1.39064,1.50,1.69
2014.05.26 16:14:48.805,1.39058,1.39066,2.25,3.75
2014.05.26 16:14:56.579,1.3906,1.39066,1.50,1.00
2014.05.26 16:15:11.000,1.3906,1.39067,1.69,1.00
2014.05.26 16:15:15.961,1.39061,1.39068,1.00,2.25
2014.05.26 16:15:32.652,1.39061,1.39068,1.00,2.63
2014.05.26 16:15:32.804,1.39061,1.39068,1.00,2.25
2014.05.26 16:15:32.854,1.3906,1.39068,3.19,2.63
2014.05.26 16:15:33.057,1.3906,1.39068,3.19,2.25
2014.05.26 16:15:38.182,1.39061,1.39068,1.00,1.50
2014.05.26 16:15:44.453,1.39061,1.39066,1.50,1.00
2014.05.26 16:15:50.201,1.39061,1.39067,1.50,1.00
2014.05.26 16:15:54.467,1.3906,1.39067,2.07,2.25
2014.05.26 16:15:59.088,1.3906,1.39067,2.82,2.25
2014.05.26 16:16:04.509,1.3906,1.39067,2.07,2.25
2014.05.26 16:16:05.028,1.39061,1.39067,1.50,1.00
2014.05.26 16:16:24.062,1.39061,1.39068,2.07,1.00
2014.05.26 16:16:25.067,1.39061,1.39068,2.07,1.00
2014.05.26 16:16:30.130,1.39061,1.39068,2.07,1.00
2014.05.26 16:16:32.511,1.39062,1.39069,1.00,1.50
2014.05.26 16:16:33.018,1.39063,1.3907,2.25,1.00
2014.05.26 16:16:33.474,1.39065,1.39072,1.50,1.00
2014.05.26 16:16:39.137,1.39065,1.39072,2.44,1.00
2014.05.26 16:16:39.642,1.39066,1.39073,3.23,2.25
2014.05.26 16:16:39.975,1.39068,1.39075,1.13,2.82
2014.05.26 16:16:40.738,1.39067,1.39074,1.88,1.00
2014.05.26 16:16:43.992,1.39068,1.39075,1.13,2.07
2014.05.26 16:16:44.648,1.39069,1.39075,1.13,2.07
2014.05.26 16:16:46.254,1.39069,1.39075,1.13,2.07
2014.05.26 16:16:52.527,1.3907,1.39074,1.00,1.00
2014.05.26 16:16:52.629,1.3907,1.39076,1.50,1.00
2014.05.26 16:16:52.882,1.3907,1.39078,2.63,2.25
2014.05.26 16:16:53.188,1.39072,1.39078,1.00,1.50
2014.05.26 16:16:53.492,1.39075,1.3908,1.00,1.69
2014.05.26 16:16:53.809,1.39073,1.3908,1.00,1.69
2014.05.26 16:16:54.587,1.39073,1.3908,1.00,1.50
2014.05.26 16:16:55.564,1.39074,1.3908,1.00,1.50
2014.05.26 16:16:55.766,1.39074,1.39082,2.25,3.57
2014.05.26 16:16:57.434,1.39076,1.39082,1.13,1.50
2014.05.26 16:16:57.737,1.39077,1.39085,3.00,2.25
2014.05.26 16:16:58.196,1.39077,1.39083,2.25,1.00
2014.05.26 16:17:00.032,1.39075,1.39083,3.57,2.25
2014.05.26 16:17:03.758,1.39075,1.39081,2.44,1.00
2014.05.26 16:17:05.440,1.39075,1.39081,1.25,1.50
2014.05.26 16:17:09.511,1.39074,1.39081,1.25,1.50
2014.05.26 16:17:10.380,1.39074,1.39081,1.19,1.50
2014.05.26 16:17:24.361,1.39074,1.39082,3.57,2.25
2014.05.26 16:17:30.441,1.39074,1.39082,5.82,2.25
2014.05.26 16:17:30.643,1.39074,1.39082,4.69,2.25
2014.05.26 16:17:31.203,1.39075,1.39082,1.19,2.25
2014.05.26 16:17:34.361,1.3908,1.39082,1.00,1.50
2014.05.26 16:17:34.412,1.3908,1.39084,1.00,1.50
2014.05.26 16:17:34.715,1.39076,1.39082,3.94,1.00
2014.05.26 16:17:35.679,1.39076,1.39081,1.19,1.00
2014.05.26 16:17:36.035,1.39074,1.39081,2.82,1.00
2014.05.26 16:17:36.238,1.39074,1.39078,1.25,1.00
2014.05.26 16:17:36.491,1.3907,1.39076,5.82,1.00
2014.05.26 16:17:37.138,1.3907,1.39077,5.07,1.00
2014.05.26 16:17:39.907,1.3907,1.39077,2.07,1.00
2014.05.26 16:17:41.067,1.3907,1.39076,2.07,1.00
2014.05.26 16:17:44.877,1.39071,1.39076,1.00,1.00
2014.05.26 16:17:45.384,1.39071,1.39076,1.38,1.00
2014.05.26 16:17:46.081,1.39071,1.39076,1.32,1.00
2014.05.26 16:17:49.778,1.39071,1.39077,1.32,1.00
2014.05.26 16:17:55.060,1.39071,1.39076,1.25,1.00
2014.05.26 16:17:55.670,1.39071,1.39076,1.63,1.00
2014.05.26 16:18:06.523,1.39071,1.39076,2.07,1.00
2014.05.26 16:18:07.235,1.39071,1.39076,1.88,1.00
2014.05.26 16:18:15.042,1.39071,1.39076,1.69,1.00
2014.05.26 16:18:15.539,1.39069,1.39076,3.38,1.00
2014.05.26 16:18:16.462,1.39071,1.39076,1.50,1.00
2014.05.26 16:18:18.917,1.39071,1.39075,1.50,1.00
2014.05.26 16:18:25.444,1.39071,1.39077,1.50,1.00
2014.05.26 16:18:31.054,1.39071,1.39075,1.50,1.00
2014.05.26 16:18:33.146,1.39071,1.39074,1.50,1.00
2014.05.26 16:18:37.952,1.39071,1.39077,1.50,1.00
2014.05.26 16:18:43.890,1.39071,1.39076,1.88,1.00
2014.05.26 16:18:44.394,1.39071,1.39077,1.50,1.00
2014.05.26 16:18:55.828,1.39069,1.39076,2.44,1.50
2014.05.26 16:19:03.831,1.39069,1.39076,1.88,1.50
2014.05.26 16:19:04.365,1.3907,1.39077,1.88,1.00
2014.05.26 16:19:06.588,1.3907,1.39078,2.44,2.25
2014.05.26 16:19:13.264,1.39071,1.39078,1.00,1.50
2014.05.26 16:19:17.365,1.3907,1.39076,1.88,1.00
2014.05.26 16:19:17.567,1.3907,1.39078,2.25,2.25
2014.05.26 16:19:25.303,1.3907,1.39077,1.50,1.00
2014.05.26 16:19:33.359,1.3907,1.39076,1.00,1.00
2014.05.26 16:19:43.442,1.39069,1.39075,1.50,1.00
2014.05.26 16:19:46.346,1.39068,1.39075,2.63,1.00
2014.05.26 16:19:49.916,1.39068,1.39075,2.63,1.00
2014.05.26 16:19:50.560,1.39068,1.39076,3.38,3.00
2014.05.26 16:19:51.842,1.39069,1.39076,1.38,3.00
2014.05.26 16:19:52.347,1.3907,1.39077,3.38,1.00
2014.05.26 16:19:53.362,1.3907,1.39078,4.88,2.25
2014.05.26 16:19:53.819,1.3907,1.39078,5.07,2.25
2014.05.26 16:20:06.887,1.39072,1.39078,3.38,1.00
2014.05.26 16:20:20.485,1.39072,1.39078,1.50,3.00
2014.05.26 16:20:20.536,1.39072,1.39076,1.50,1.00
2014.05.26 16:20:20.688,1.39069,1.39076,1.13,1.50
2014.05.26 16:20:21.915,1.39068,1.39076,2.25,2.25
2014.05.26 16:20:22.067,1.39068,1.39073,1.50,1.00
2014.05.26 16:20:25.435,1.39068,1.39075,1.88,1.00
2014.05.26 16:20:35.251,1.39068,1.39074,1.88,1.00
2014.05.26 16:20:37.869,1.39068,1.39075,1.50,1.00
2014.05.26 16:20:41.326,1.39068,1.39074,1.13,1.00
2014.05.26 16:20:42.089,1.39068,1.39075,2.63,1.00
2014.05.26 16:20:42.593,1.39068,1.39076,4.13,2.25
2014.05.26 16:20:44.981,1.39069,1.39076,1.00,1.50
2014.05.26 16:20:45.489,1.39068,1.39075,1.88,1.00
2014.05.26 16:21:11.104,1.39069,1.39075,1.00,1.50
2014.05.26 16:21:43.322,1.39069,1.39076,1.50,1.69
2014.05.26 16:21:55.440,1.39069,1.39076,1.50,1.69
2014.05.26 16:21:58.958,1.39069,1.39076,1.50,1.69
2014.05.26 16:22:20.147,1.39068,1.39075,2.25,1.00
2014.05.26 16:22:20.450,1.39067,1.39072,1.13,2.25
2014.05.26 16:22:28.791,1.39065,1.39072,1.00,1.69
2014.05.26 16:22:29.044,1.39063,1.3907,1.13,1.50
2014.05.26 16:22:29.383,1.39063,1.39068,1.13,1.88
2014.05.26 16:22:45.426,1.39061,1.39068,2.07,1.50
2014.05.26 16:22:49.172,1.3906,1.39068,2.82,3.00
2014.05.26 16:22:49.730,1.3906,1.39067,1.13,1.50
2014.05.26 16:23:05.131,1.3906,1.39067,1.38,1.50
2014.05.26 16:23:05.649,1.39062,1.39067,1.00,1.50
2014.05.26 16:23:06.184,1.39061,1.39067,1.32,1.50
2014.05.26 16:23:09.329,1.39061,1.39068,1.00,2.25
2014.05.26 16:23:16.660,1.39062,1.39068,1.00,2.44
2014.05.26 16:23:30.262,1.39062,1.39067,1.00,1.50
2014.05.26 16:23:36.885,1.39062,1.39069,1.50,3.19
2014.05.26 16:23:43.612,1.39062,1.39069,1.50,3.94
2014.05.26 16:23:53.945,1.39062,1.39068,1.00,1.19
2014.05.26 16:23:56.755,1.39062,1.39068,1.00,1.25
2014.05.26 16:24:00.010,1.3906,1.39067,2.82,1.00
2014.05.26 16:24:29.945,1.3906,1.39067,2.82,1.00
2014.05.26 16:24:30.991,1.3906,1.39067,2.82,1.00
2014.05.26 16:24:37.369,1.3906,1.39067,2.82,1.00
2014.05.26 16:24:40.231,1.3906,1.39067,1.32,4.13
2014.05.26 16:24:40.282,1.3906,1.39065,1.32,1.50
2014.05.26 16:24:42.847,1.39059,1.39065,1.00,1.50
2014.05.26 16:24:43.150,1.39057,1.39063,1.13,1.50
2014.05.26 16:24:43.709,1.39057,1.39063,1.38,2.25
2014.05.26 16:24:45.770,1.39057,1.39063,1.13,2.25
2014.05.26 16:25:05.239,1.39057,1.39063,1.73,2.25
2014.05.26 16:25:05.747,1.39057,1.39063,1.35,1.50
2014.05.26 16:25:14.883,1.39057,1.39063,1.54,1.50
2014.05.26 16:25:15.404,1.39057,1.39063,1.35,1.50
2014.05.26 16:25:22.555,1.39058,1.39063,1.38,1.50
2014.05.26 16:25:24.317,1.39058,1.39064,1.38,2.25
2014.05.26 16:25:33.751,1.39058,1.39064,1.00,1.50
2014.05.26 16:25:39.378,1.39058,1.39064,1.38,1.50
2014.05.26 16:25:46.716,1.39058,1.39065,3.60,1.50
2014.05.26 16:25:47.020,1.39056,1.39064,3.00,2.25
2014.05.26 16:25:47.653,1.39058,1.39064,1.00,1.50
2014.05.26 16:25:49.218,1.39058,1.39065,2.25,1.50
2014.05.26 16:25:50.282,1.39058,1.39064,1.00,1.50
2014.05.26 16:26:11.334,1.39058,1.39065,1.00,3.19
2014.05.26 16:26:16.656,1.39058,1.39065,1.00,3.19
2014.05.26 16:26:20.178,1.39058,1.39065,1.00,3.19
2014.05.26 16:26:22.871,1.39059,1.39065,1.00,3.19
2014.05.26 16:26:41.211,1.39061,1.39065,1.00,2.25
2014.05.26 16:26:41.764,1.39061,1.39066,1.00,1.13
2014.05.26 16:26:50.922,1.39059,1.39066,2.63,1.13
2014.05.26 16:26:51.495,1.3906,1.39066,1.00,1.13
2014.05.26 16:26:52.154,1.39059,1.39066,2.25,1.13
2014.05.26 16:26:52.815,1.3906,1.39066,1.00,1.13
2014.05.26 16:27:05.994,1.3906,1.39066,1.00,3.00
2014.05.26 16:27:06.095,1.39057,1.39064,1.00,2.63
2014.05.26 16:27:06.196,1.39059,1.39064,1.00,3.00
2014.05.26 16:27:06.500,1.39057,1.39061,1.00,1.13
2014.05.26 16:27:17.049,1.39057,1.39062,1.13,1.32
2014.05.26 16:27:19.827,1.39058,1.39062,1.00,1.13
2014.05.26 16:27:21.418,1.39058,1.39062,1.00,2.25
2014.05.26 16:27:21.570,1.39053,1.3906,1.88,1.88
2014.05.26 16:27:21.621,1.39053,1.39056,1.19,1.00
2014.05.26 16:27:21.723,1.39051,1.39056,1.50,1.00
2014.05.26 16:27:22.228,1.39051,1.39057,1.13,1.13
2014.05.26 16:27:22.736,1.39051,1.39057,1.38,1.13
2014.05.26 16:27:31.367,1.39052,1.39058,1.13,2.63
2014.05.26 16:27:34.255,1.39053,1.39058,1.00,2.63
2014.05.26 16:27:47.837,1.39053,1.39058,1.38,1.00
2014.05.26 16:27:48.353,1.39055,1.39059,1.00,2.44
2014.05.26 16:28:21.525,1.39055,1.3906,1.00,1.32
2014.05.26 16:28:21.998,1.39053,1.39059,2.07,1.00
2014.05.26 16:28:24.407,1.39053,1.39059,1.00,1.88
2014.05.26 16:28:26.484,1.39051,1.39058,1.88,1.88
2014.05.26 16:28:27.234,1.39051,1.39058,1.88,1.88
2014.05.26 16:28:37.624,1.39051,1.39059,2.63,4.32
2014.05.26 16:28:40.161,1.39051,1.39059,2.63,4.32
2014.05.26 16:28:42.266,1.39051,1.39058,1.88,1.00
2014.05.26 16:29:01.791,1.39053,1.39058,1.00,1.50
2014.05.26 16:29:02.097,1.39053,1.3906,1.00,3.19
2014.05.26 16:29:09.038,1.39053,1.3906,1.13,3.19
2014.05.26 16:29:11.851,1.39054,1.3906,1.50,2.44
2014.05.26 16:29:12.351,1.39055,1.39062,1.00,4.69
2014.05.26 16:29:13.068,1.39055,1.39062,1.25,4.32
2014.05.26 16:29:13.637,1.39054,1.39061,2.82,1.00
2014.05.26 16:29:14.175,1.39054,1.39061,3.19,1.00
2014.05.26 16:29:14.890,1.39054,1.39059,2.07,1.00
2014.05.26 16:29:15.443,1.39054,1.39059,3.19,1.00
2014.05.26 16:29:17.406,1.39054,1.39059,2.82,1.00
2014.05.26 16:29:18.307,1.39054,1.39059,2.07,1.00
2014.05.26 16:29:21.493,1.39055,1.39059,1.00,1.00
2014.05.26 16:29:21.812,1.39057,1.39059,1.00,1.00
2014.05.26 16:29:21.863,1.39055,1.39059,1.00,1.00
2014.05.26 16:29:22.066,1.39056,1.39059,1.88,1.00
2014.05.26 16:29:22.319,1.39058,1.39061,1.88,1.13
2014.05.26 16:29:22.521,1.39057,1.39061,1.00,1.00
2014.05.26 16:29:23.040,1.39056,1.39061,1.00,1.00
2014.05.26 16:29:23.315,1.39054,1.3906,1.00,2.25
2014.05.26 16:29:23.923,1.39053,1.3906,1.50,3.19
2014.05.26 16:29:30.065,1.39053,1.39059,1.25,1.00
2014.05.26 16:29:31.623,1.39052,1.39058,2.44,1.00
2014.05.26 16:29:32.229,1.39052,1.39057,1.00,1.00
2014.05.26 16:29:32.280,1.39051,1.39054,1.00,1.50
2014.05.26 16:29:32.431,1.39047,1.39053,1.88,1.00
2014.05.26 16:29:32.634,1.39051,1.39053,1.00,1.00
2014.05.26 16:29:32.684,1.39051,1.39055,1.00,1.00
2014.05.26 16:29:33.195,1.39051,1.39056,1.50,1.00
2014.05.26 16:29:33.455,1.39051,1.39054,1.50,1.00
2014.05.26 16:29:33.859,1.39051,1.39056,1.50,1.00
2014.05.26 16:29:34.213,1.39051,1.39059,1.50,4.50
2014.05.26 16:29:34.537,1.39053,1.39059,1.00,1.88
2014.05.26 16:29:35.043,1.39053,1.39061,1.50,3.19
2014.05.26 16:29:35.549,1.39053,1.39061,2.25,2.25
2014.05.26 16:29:37.325,1.39053,1.39061,2.63,2.25
2014.05.26 16:29:37.837,1.39055,1.39061,1.00,1.50
2014.05.26 16:29:38.179,1.39061,1.39063,1.00,1.50
2014.05.26 16:29:38.281,1.39057,1.39064,1.50,1.00
2014.05.26 16:29:38.790,1.39056,1.39063,1.00,1.50
2014.05.26 16:29:40.176,1.39056,1.39063,1.38,1.69
2014.05.26 16:29:40.430,1.39062,1.39068,2.63,1.00
2014.05.26 16:29:40.481,1.39065,1.39068,1.00,1.00
2014.05.26 16:29:40.683,1.39066,1.3907,1.00,1.88
2014.05.26 16:29:40.987,1.39067,1.39073,1.00,2.44
2014.05.26 16:29:41.145,1.39065,1.39073,3.00,2.44
2014.05.26 16:29:41.658,1.39065,1.39072,2.25,1.19
2014.05.26 16:29:42.264,1.39065,1.39071,1.50,2.44
2014.05.26 16:29:42.365,1.39063,1.39069,1.50,1.50
2014.05.26 16:29:42.897,1.39061,1.39069,2.25,2.25
2014.05.26 16:29:45.971,1.39061,1.39069,1.88,3.19
2014.05.26 16:29:46.073,1.39061,1.39069,1.88,3.19
2014.05.26 16:29:47.291,1.39063,1.39069,1.38,1.50
2014.05.26 16:29:47.849,1.39063,1.39069,1.13,1.50
2014.05.26 16:29:50.258,1.39064,1.39069,1.00,1.50
2014.05.26 16:29:50.410,1.39064,1.39071,1.13,2.44
2014.05.26 16:29:50.511,1.39066,1.39071,1.00,1.69
2014.05.26 16:29:51.837,1.39068,1.39071,1.00,1.00
2014.05.26 16:29:51.939,1.39068,1.39073,1.50,1.50
2014.05.26 16:29:52.091,1.39068,1.39075,2.25,1.25
2014.05.26 16:29:53.153,1.39068,1.39074,1.50,1.00
2014.05.26 16:29:53.255,1.39071,1.39074,1.00,1.50
2014.05.26 16:29:53.663,1.39069,1.39074,1.00,1.50
2014.05.26 16:29:54.371,1.39069,1.39076,1.00,3.00
2014.05.26 16:29:54.472,1.39071,1.39076,1.00,3.00
2014.05.26 16:29:54.789,1.39069,1.39076,1.00,3.00
2014.05.26 16:29:55.214,1.39071,1.39076,1.00,3.00
2014.05.26 16:29:59.671,1.39071,1.39077,2.25,1.69
2014.05.26 16:30:01.290,1.39071,1.39077,2.25,1.69
2014.05.26 16:30:06.116,1.39071,1.39077,1.50,2.07
2014.05.26 16:30:09.996,1.39071,1.39077,1.50,2.07
2014.05.26 16:30:11.125,1.39071,1.39077,1.50,1.69
2014.05.26 16:30:15.026,1.39071,1.39075,1.50,1.00
2014.05.26 16:30:16.015,1.39071,1.39077,1.50,1.69
2014.05.26 16:30:17.624,1.39071,1.39077,1.50,1.69
2014.05.26 16:30:20.219,1.39071,1.39075,1.50,1.00
2014.05.26 16:30:21.077,1.39071,1.39077,1.50,1.25
2014.05.26 16:30:22.444,1.39071,1.39078,1.50,1.69
2014.05.26 16:30:26.706,1.39071,1.39078,1.50,1.69
2014.05.26 16:30:28.360,1.39071,1.39076,1.00,1.63
2014.05.26 16:30:28.562,1.39068,1.39074,2.25,1.00
2014.05.26 16:30:28.714,1.39068,1.3907,1.00,1.00
2014.05.26 16:30:28.765,1.39066,1.3907,2.25,1.00
2014.05.26 16:30:28.817,1.39063,1.39067,1.00,1.00
2014.05.26 16:30:29.332,1.39062,1.39068,1.50,1.00
2014.05.26 16:30:33.730,1.39062,1.39068,1.50,1.38
2014.05.26 16:30:34.235,1.39061,1.39068,1.00,3.38
2014.05.26 16:30:34.800,1.39061,1.39067,1.00,1.38
2014.05.26 16:30:35.305,1.3906,1.39065,2.25,1.00
2014.05.26 16:30:54.229,1.39061,1.39065,1.00,1.00
2014.05.26 16:31:02.915,1.39061,1.39064,1.50,1.00
2014.05.26 16:31:05.794,1.3906,1.39064,1.00,1.00
2014.05.26 16:31:09.085,1.3906,1.39065,1.00,1.00
2014.05.26 16:31:21.517,1.39061,1.39065,1.00,1.00
2014.05.26 16:31:42.205,1.3906,1.39065,2.25,1.00
2014.05.26 16:31:44.224,1.3906,1.39066,2.25,1.13
2014.05.26 16:31:44.729,1.3906,1.39067,2.25,1.13
2014.05.26 16:31:45.739,1.3906,1.39065,2.25,1.00
2014.05.26 16:31:47.068,1.3906,1.39067,2.25,1.00
2014.05.26 16:31:47.169,1.39062,1.39067,1.00,1.00
2014.05.26 16:31:52.320,1.3906,1.39067,2.25,1.00
2014.05.26 16:31:54.885,1.39061,1.39068,1.00,1.50
2014.05.26 16:31:55.406,1.39062,1.39068,1.00,1.50
2014.05.26 16:31:56.219,1.3906,1.39067,3.79,1.00
2014.05.26 16:31:57.879,1.39062,1.39069,1.50,1.50
2014.05.26 16:32:09.624,1.39063,1.3907,1.00,2.82
2014.05.26 16:32:11.351,1.39063,1.3907,1.00,2.44
2014.05.26 16:32:12.199,1.39062,1.39068,2.44,1.00
2014.05.26 16:32:17.480,1.39062,1.39069,2.25,1.00
2014.05.26 16:32:18.184,1.39063,1.39069,1.00,1.00
2014.05.26 16:32:18.781,1.39063,1.39071,2.63,3.00
2014.05.26 16:32:18.883,1.39065,1.39071,1.50,1.50
2014.05.26 16:32:28.648,1.39065,1.3907,1.00,1.50
2014.05.26 16:32:36.253,1.39063,1.3907,2.48,1.50
2014.05.26 16:32:39.671,1.39063,1.3907,2.29,1.50
2014.05.26 16:32:40.190,1.39064,1.3907,1.00,1.50
2014.05.26 16:32:50.999,1.39064,1.39071,1.32,2.07
2014.05.26 16:32:51.342,1.39063,1.39068,3.42,1.00
2014.05.26 16:32:54.906,1.39063,1.3907,3.42,1.32
2014.05.26 16:32:57.690,1.39063,1.3907,3.42,1.38
2014.05.26 16:33:00.252,1.39063,1.39067,3.23,1.00
2014.05.26 16:33:00.658,1.39063,1.39065,1.50,1.00
2014.05.26 16:33:06.135,1.39063,1.39067,1.50,1.00
2014.05.26 16:33:06.641,1.39063,1.39068,1.88,1.00
2014.05.26 16:33:06.792,1.39065,1.39068,1.00,1.00
2014.05.26 16:33:07.109,1.39068,1.3907,1.50,1.00
2014.05.26 16:33:08.833,1.39067,1.3907,2.25,1.00
2014.05.26 16:33:09.571,1.39067,1.39071,1.50,1.13
2014.05.26 16:33:11.714,1.39067,1.39072,1.50,1.13
2014.05.26 16:33:38.086,1.39067,1.3907,1.50,1.00
2014.05.26 16:33:38.409,1.39065,1.39068,1.00,1.00
2014.05.26 16:33:40.831,1.39067,1.39069,1.50,1.00
2014.05.26 16:33:46.672,1.39065,1.39069,1.50,1.13
2014.05.26 16:33:58.992,1.39067,1.39069,1.00,1.00
2014.05.26 16:34:00.641,1.39065,1.39069,1.00,1.00
2014.05.26 16:34:00.814,1.39065,1.39067,1.50,1.00
2014.05.26 16:34:04.417,1.39065,1.3907,1.50,1.00
2014.05.26 16:34:06.030,1.39065,1.39072,1.88,1.50
2014.05.26 16:34:10.762,1.39065,1.39069,1.50,1.00
2014.05.26 16:34:14.849,1.39065,1.3907,1.69,1.00
2014.05.26 16:34:18.159,1.39065,1.39071,1.69,1.00
2014.05.26 16:34:19.256,1.39065,1.39073,2.82,3.75
2014.05.26 16:34:19.307,1.39068,1.39073,1.00,1.50
2014.05.26 16:34:19.560,1.39069,1.39076,1.00,2.63
2014.05.26 16:34:37.288,1.39071,1.39076,1.00,1.00
2014.05.26 16:34:37.783,1.39071,1.39074,1.50,1.00
2014.05.26 16:34:47.109,1.39071,1.39076,1.50,1.00
2014.05.26 16:34:47.362,1.39071,1.39078,2.25,1.73
2014.05.26 16:34:48.442,1.39073,1.39079,1.00,4.13
2014.05.26 16:34:50.200,1.39073,1.39079,1.50,2.25
2014.05.26 16:34:50.604,1.39075,1.3908,1.00,1.13
2014.05.26 16:34:51.131,1.39075,1.39079,1.50,1.00
2014.05.26 16:34:51.436,1.39073,1.39077,1.50,1.00
2014.05.26 16:34:51.953,1.39073,1.39077,1.88,1.00
2014.05.26 16:34:55.894,1.39073,1.39079,1.88,1.13
2014.05.26 16:34:56.413,1.39073,1.39079,2.25,1.00
2014.05.26 16:34:56.464,1.39075,1.39079,1.00,1.00
2014.05.26 16:34:59.299,1.39075,1.39077,1.50,1.00
2014.05.26 16:34:59.630,1.39075,1.39079,1.50,1.00
2014.05.26 16:35:02.975,1.39075,1.39077,1.50,1.00
2014.05.26 16:35:08.148,1.39075,1.39078,1.50,1.00
2014.05.26 16:35:08.483,1.39075,1.3908,1.50,1.13
2014.05.26 16:35:13.032,1.39075,1.39082,1.50,3.00
2014.05.26 16:35:15.964,1.39075,1.39081,1.50,1.00
2014.05.26 16:35:17.101,1.39076,1.39081,1.00,1.25
2014.05.26 16:35:17.788,1.39076,1.3908,1.50,1.00
2014.05.26 16:35:18.142,1.39076,1.39082,1.50,3.00
2014.05.26 16:35:25.752,1.39074,1.39082,3.00,4.50
2014.05.26 16:35:26.071,1.39074,1.39077,1.50,1.00
2014.05.26 16:35:26.843,1.39074,1.39079,1.88,1.00
2014.05.26 16:35:31.745,1.39076,1.39079,1.00,1.00
2014.05.26 16:35:41.317,1.39076,1.39079,1.88,1.00
2014.05.26 16:35:41.368,1.39078,1.39082,1.00,1.00
2014.05.26 16:35:41.520,1.39078,1.39086,1.50,4.50
2014.05.26 16:35:42.030,1.3908,1.39086,1.00,3.00
2014.05.26 16:35:45.229,1.3908,1.39084,1.50,1.00
2014.05.26 16:35:52.058,1.39078,1.39081,2.25,1.00
2014.05.26 16:35:52.162,1.39078,1.39082,2.25,1.00
2014.05.26 16:35:55.649,1.39076,1.39082,1.50,1.00
2014.05.26 16:35:59.647,1.39076,1.39081,1.50,1.00
2014.05.26 16:35:59.977,1.39078,1.39084,1.00,2.25
2014.05.26 16:36:02.461,1.39078,1.39082,1.50,1.00
2014.05.26 16:36:02.770,1.39078,1.3908,1.00,1.00
2014.05.26 16:36:02.873,1.39076,1.39079,2.63,1.00
2014.05.26 16:36:07.816,1.39076,1.39077,1.50,1.00
2014.05.26 16:36:08.119,1.39069,1.39073,1.50,1.00
2014.05.26 16:36:08.659,1.39069,1.39072,1.88,1.00
2014.05.26 16:36:09.647,1.39067,1.39072,3.57,1.00
2014.05.26 16:36:10.155,1.39067,1.39072,2.63,1.00
2014.05.26 16:36:10.711,1.39067,1.39072,2.63,1.00
2014.05.26 16:36:11.519,1.39069,1.39072,1.00,1.00
2014.05.26 16:36:13.826,1.39067,1.39072,1.13,1.00
2014.05.26 16:36:19.667,1.39066,1.3907,5.44,1.00
2014.05.26 16:36:21.358,1.39066,1.39069,3.38,1.00
2014.05.26 16:36:26.835,1.39066,1.3907,3.57,1.00
2014.05.26 16:36:27.389,1.39066,1.3907,3.94,1.00
2014.05.26 16:36:30.462,1.39066,1.3907,3.94,1.00
2014.05.26 16:36:31.522,1.39066,1.3907,3.57,1.00
2014.05.26 16:36:34.387,1.39066,1.39069,3.19,1.00
2014.05.26 16:36:35.439,1.39066,1.39069,3.57,1.00
2014.05.26 16:36:36.094,1.39066,1.39074,3.57,2.63
2014.05.26 16:36:38.779,1.39066,1.3907,3.57,1.00
2014.05.26 16:36:39.158,1.39066,1.3907,3.57,1.00
2014.05.26 16:36:40.180,1.39067,1.3907,1.00,1.00
2014.05.26 16:36:40.919,1.39067,1.39072,1.88,1.00
2014.05.26 16:36:44.218,1.39067,1.39071,1.88,1.00
2014.05.26 16:36:52.714,1.39066,1.39071,1.25,1.00
2014.05.26 16:36:57.499,1.39066,1.39071,1.19,1.00
2014.05.26 16:37:02.445,1.39066,1.39071,1.25,1.00
2014.05.26 16:37:08.584,1.39066,1.39071,1.19,1.00
2014.05.26 16:37:09.549,1.39066,1.39071,1.25,1.00
2014.05.26 16:37:10.745,1.39067,1.3907,1.00,1.00
2014.05.26 16:37:10.847,1.39069,1.3907,1.00,1.00
2014.05.26 16:37:10.948,1.39067,1.39071,1.50,1.00
2014.05.26 16:37:11.099,1.39064,1.39071,1.00,2.63
2014.05.26 16:37:11.258,1.39063,1.39068,1.69,1.00
2014.05.26 16:37:14.340,1.39063,1.3907,2.25,1.00
2014.05.26 16:37:16.512,1.39063,1.39068,2.25,1.00
2014.05.26 16:37:22.415,1.39066,1.39068,1.00,1.00
2014.05.26 16:37:28.244,1.39065,1.39068,1.00,1.00
2014.05.26 16:37:28.754,1.39063,1.39068,2.48,1.00
2014.05.26 16:37:29.260,1.39062,1.39068,3.04,1.13
2014.05.26 16:37:34.298,1.39065,1.39068,1.00,1.88
2014.05.26 16:37:35.957,1.39065,1.39068,1.38,1.88
2014.05.26 16:37:36.728,1.39065,1.39068,1.00,1.88
2014.05.26 16:37:37.770,1.39064,1.39068,1.73,1.88
2014.05.26 16:37:39.454,1.39065,1.39068,1.00,1.13
2014.05.26 16:37:43.051,1.39066,1.39068,1.00,1.00
2014.05.26 16:37:53.319,1.39066,1.3907,1.00,1.38
2014.05.26 16:38:01.598,1.39065,1.3907,1.00,1.63
2014.05.26 16:38:01.750,1.39065,1.39069,1.00,1.38
2014.05.26 16:38:05.667,1.39066,1.39069,1.00,1.88
2014.05.26 16:38:06.173,1.39067,1.3907,1.00,1.38
2014.05.26 16:38:06.644,1.39065,1.39071,1.00,2.63
2014.05.26 16:38:12.108,1.39067,1.39071,1.00,2.63
2014.05.26 16:38:32.348,1.39066,1.39069,1.30,1.13
2014.05.26 16:38:40.044,1.39063,1.39069,1.54,1.13
2014.05.26 16:39:04.913,1.39062,1.39069,2.29,3.38
2014.05.26 16:39:09.967,1.39061,1.39069,3.94,3.38
2014.05.26 16:39:10.477,1.39063,1.39069,1.00,3.38
2014.05.26 16:39:12.383,1.39063,1.39068,1.00,1.38
2014.05.26 16:39:13.170,1.39063,1.39068,1.19,1.38
2014.05.26 16:39:13.779,1.39063,1.39068,1.00,1.38
2014.05.26 16:39:14.477,1.39063,1.39069,1.13,4.13
2014.05.26 16:39:15.811,1.39063,1.39069,1.13,4.13
2014.05.26 16:39:16.927,1.39065,1.39069,1.00,3.38
2014.05.26 16:39:17.079,1.39065,1.39069,1.00,1.88
2014.05.26 16:39:17.943,1.39065,1.3907,1.00,2.07
2014.05.26 16:39:21.854,1.39063,1.3907,2.63,2.82
2014.05.26 16:39:21.904,1.39063,1.3907,2.63,2.82
2014.05.26 16:39:22.208,1.39065,1.39069,1.00,1.13
2014.05.26 16:39:22.730,1.39065,1.3907,2.25,1.13
2014.05.26 16:39:27.887,1.39064,1.3907,1.00,1.13
2014.05.26 16:39:46.510,1.39064,1.3907,1.00,1.88
2014.05.26 16:39:48.537,1.39066,1.3907,1.00,3.57
2014.05.26 16:39:49.100,1.39066,1.3907,1.00,3.38
2014.05.26 16:39:50.316,1.39066,1.3907,1.00,3.38
2014.05.26 16:39:53.886,1.39062,1.3907,3.19,4.13
2014.05.26 16:39:55.025,1.39062,1.39069,1.69,1.13
2014.05.26 16:40:00.683,1.39062,1.3907,2.44,4.13
2014.05.26 16:40:01.221,1.39062,1.3907,2.44,3.38
2014.05.26 16:40:01.478,1.39064,1.3907,1.00,2.63
2014.05.26 16:40:06.877,1.39064,1.3907,1.00,2.63
2014.05.26 16:40:07.428,1.39064,1.3907,1.00,2.63
2014.05.26 16:40:08.393,1.39064,1.3907,1.00,1.38
2014.05.26 16:40:11.810,1.39064,1.3907,1.00,1.38
2014.05.26 16:40:12.534,1.39063,1.3907,2.25,1.38
2014.05.26 16:40:16.049,1.39063,1.3907,2.25,1.63
2014.05.26 16:40:16.826,1.39064,1.3907,1.00,1.63
2014.05.26 16:40:17.369,1.39064,1.3907,1.00,1.13
2014.05.26 16:40:18.108,1.39064,1.3907,1.00,1.38
2014.05.26 16:40:22.173,1.39064,1.3907,1.00,1.63
2014.05.26 16:40:22.739,1.39064,1.39071,1.00,4.32
2014.05.26 16:40:24.468,1.39064,1.3907,1.00,1.38
2014.05.26 16:40:25.042,1.39065,1.3907,1.00,1.63
2014.05.26 16:40:25.631,1.39065,1.3907,1.00,2.07
2014.05.26 16:40:27.770,1.39064,1.3907,1.00,2.07
2014.05.26 16:40:28.320,1.39064,1.3907,1.00,1.63
2014.05.26 16:40:28.887,1.39063,1.39066,1.50,1.00
2014.05.26 16:40:36.587,1.39063,1.39069,1.50,1.63
2014.05.26 16:40:38.052,1.39062,1.39069,1.00,2.07
2014.05.26 16:40:38.612,1.39064,1.39069,1.00,1.88
2014.05.26 16:40:39.273,1.39064,1.39069,1.00,1.88
2014.05.26 16:40:45.418,1.39062,1.39069,1.00,3.38
2014.05.26 16:40:45.804,1.39061,1.39066,1.50,1.38
2014.05.26 16:40:46.435,1.39061,1.39066,1.50,1.00
2014.05.26 16:40:46.957,1.39065,1.39067,1.00,1.88
2014.05.26 16:40:47.833,1.39062,1.39067,1.88,1.88
2014.05.26 16:40:47.884,1.39062,1.39067,1.88,1.88
2014.05.26 16:40:48.425,1.39059,1.39067,4.69,2.63
2014.05.26 16:41:02.319,1.39059,1.39066,3.94,1.38
2014.05.26 16:41:06.675,1.39059,1.39066,3.94,1.00
2014.05.26 16:41:06.730,1.39064,1.39067,1.00,2.07
2014.05.26 16:41:09.366,1.39065,1.39068,1.00,1.88
2014.05.26 16:41:09.887,1.39065,1.39068,1.00,1.88
2014.05.26 16:41:10.581,1.39066,1.3907,1.00,2.63
2014.05.26 16:41:18.941,1.39066,1.3907,1.00,1.88
2014.05.26 16:41:21.194,1.39066,1.3907,1.00,1.88
2014.05.26 16:41:22.676,1.39067,1.3907,1.00,1.88
2014.05.26 16:41:23.227,1.39067,1.3907,1.00,1.88
2014.05.26 16:41:32.594,1.39067,1.39072,1.00,3.19
2014.05.26 16:41:33.347,1.39067,1.39072,1.00,3.19
2014.05.26 16:41:40.936,1.39067,1.39071,1.00,1.38
2014.05.26 16:41:43.135,1.39068,1.39072,1.00,3.00
2014.05.26 16:41:44.544,1.39068,1.39071,1.00,1.38
2014.05.26 16:41:44.595,1.39066,1.39071,1.00,1.38
2014.05.26 16:41:44.825,1.39064,1.3907,2.25,1.13
2014.05.26 16:41:44.875,1.39064,1.3907,2.25,1.38
2014.05.26 16:41:47.603,1.39064,1.3907,3.00,1.88
2014.05.26 16:41:50.064,1.39066,1.3907,1.00,1.88
2014.05.26 16:41:56.198,1.39066,1.3907,1.00,2.07
2014.05.26 16:41:56.402,1.39062,1.39069,2.44,2.63
2014.05.26 16:41:56.904,1.39063,1.39069,1.50,2.63
2014.05.26 16:41:57.414,1.39061,1.39069,2.82,3.38
2014.05.26 16:41:58.053,1.39061,1.39069,2.82,3.38
2014.05.26 16:41:58.663,1.39061,1.39069,2.82,4.13
2014.05.26 16:42:00.800,1.39061,1.39069,2.63,4.13
2014.05.26 16:42:00.901,1.39063,1.39068,1.00,1.38
2014.05.26 16:42:02.734,1.39065,1.39068,1.00,1.38
2014.05.26 16:42:05.415,1.39062,1.39069,1.00,3.57
2014.05.26 16:42:08.695,1.39062,1.39069,1.00,3.57
2014.05.26 16:42:10.660,1.39062,1.39069,1.25,2.82
2014.05.26 16:42:15.395,1.39062,1.39069,1.25,2.82
2014.05.26 16:42:16.312,1.39064,1.39069,1.00,2.63
2014.05.26 16:42:16.996,1.39063,1.3907,1.50,3.38
2014.05.26 16:42:19.086,1.39063,1.3907,1.50,3.38
2014.05.26 16:42:19.389,1.39065,1.3907,1.00,1.13
2014.05.26 16:42:24.548,1.39066,1.3907,1.00,1.00
2014.05.26 16:42:24.700,1.39066,1.39073,1.50,2.25
2014.05.26 16:42:25.205,1.39067,1.39073,1.00,1.50
2014.05.26 16:42:33.754,1.39066,1.39073,1.00,1.50
2014.05.26 16:42:34.347,1.39067,1.39073,1.00,1.50
2014.05.26 16:42:37.053,1.3907,1.39073,1.00,1.50
2014.05.26 16:42:45.292,1.39071,1.39074,1.00,1.50
2014.05.26 16:42:49.482,1.39071,1.39074,1.00,1.88
2014.05.26 16:42:50.583,1.39069,1.39074,1.00,1.88
2014.05.26 16:42:51.761,1.39069,1.39074,1.00,1.88
2014.05.26 16:42:52.323,1.3907,1.39074,1.00,3.38
2014.05.26 16:42:52.374,1.39067,1.39074,1.13,3.38
2014.05.26 16:42:55.753,1.39069,1.39074,1.00,2.63
2014.05.26 16:42:56.284,1.3907,1.39074,1.00,2.63
2014.05.26 16:42:56.793,1.39069,1.39074,1.00,2.63
2014.05.26 16:42:58.213,1.3907,1.39074,1.00,2.63
2014.05.26 16:42:58.418,1.39066,1.39074,3.38,2.63
2014.05.26 16:42:58.967,1.39067,1.39074,1.13,1.88
2014.05.26 16:43:03.405,1.39068,1.39074,1.00,2.82
2014.05.26 16:43:04.099,1.39066,1.39074,2.63,3.38
2014.05.26 16:43:25.232,1.39067,1.39073,1.13,1.88
2014.05.26 16:43:27.519,1.39067,1.39073,1.13,1.63
2014.05.26 16:43:38.270,1.39066,1.39073,3.00,1.38
2014.05.26 16:43:41.752,1.39068,1.39073,1.00,1.38
2014.05.26 16:43:46.579,1.39068,1.39074,1.00,2.82
2014.05.26 16:43:47.749,1.39068,1.39074,1.00,2.63
2014.05.26 16:43:51.907,1.39068,1.39073,1.00,1.32
2014.05.26 16:43:52.424,1.39069,1.39073,1.00,2.82
2014.05.26 16:43:53.382,1.39069,1.39074,1.00,2.63
2014.05.26 16:43:53.895,1.39068,1.39074,1.00,2.63
2014.05.26 16:43:59.728,1.39069,1.39074,1.00,2.44
2014.05.26 16:44:02.933,1.39069,1.39075,1.00,3.00
2014.05.26 16:44:03.638,1.39069,1.39074,1.00,1.50
2014.05.26 16:44:06.202,1.39067,1.39074,1.13,1.50
2014.05.26 16:44:10.622,1.39068,1.39074,1.00,1.00
2014.05.26 16:44:11.232,1.39068,1.39075,1.50,3.00
2014.05.26 16:44:12.551,1.39069,1.39075,1.00,2.25
2014.05.26 16:44:15.212,1.39068,1.39075,2.25,1.50
2014.05.26 16:44:18.052,1.3907,1.39075,1.00,1.50
2014.05.26 16:44:19.251,1.39069,1.39075,1.00,1.50
2014.05.26 16:44:22.661,1.39068,1.39075,2.25,1.25
2014.05.26 16:44:28.133,1.39068,1.39076,2.25,3.94
2014.05.26 16:44:28.437,1.39068,1.39074,2.25,1.00
2014.05.26 16:44:29.742,1.39069,1.39076,1.00,3.75
2014.05.26 16:44:30.375,1.3907,1.39076,1.50,1.50
2014.05.26 16:44:36.980,1.39071,1.39076,1.00,1.50
2014.05.26 16:44:37.619,1.39072,1.39076,1.00,1.00
2014.05.26 16:44:40.812,1.39073,1.39076,1.00,1.50
2014.05.26 16:44:42.940,1.39072,1.39076,1.00,1.50
2014.05.26 16:44:43.815,1.39073,1.39076,1.00,1.00
2014.05.26 16:44:44.020,1.3907,1.39076,1.50,1.00
2014.05.26 16:44:44.897,1.39071,1.39076,1.00,1.00
2014.05.26 16:44:45.588,1.3907,1.39076,2.25,1.00
2014.05.26 16:44:45.895,1.39073,1.39076,1.00,1.00
2014.05.26 16:44:46.557,1.39072,1.39076,1.00,1.00
2014.05.26 16:44:47.072,1.39073,1.39077,1.00,1.32
2014.05.26 16:44:47.580,1.39072,1.39077,1.00,2.07
2014.05.26 16:44:48.085,1.39073,1.39077,1.00,1.13
2014.05.26 16:44:48.186,1.3907,1.39077,1.50,1.13
2014.05.26 16:44:48.700,1.3907,1.39077,2.25,1.88
2014.05.26 16:44:50.028,1.39069,1.39077,1.50,4.69
2014.05.26 16:44:50.130,1.39071,1.39077,1.50,2.82
2014.05.26 16:45:00.076,1.39071,1.39077,1.50,2.07
2014.05.26 16:45:01.386,1.39071,1.39077,1.50,2.07
2014.05.26 16:45:01.795,1.39068,1.39075,2.25,1.13
2014.05.26 16:45:09.800,1.39068,1.39075,2.44,2.25
2014.05.26 16:45:09.901,1.39068,1.39073,1.50,1.38
2014.05.26 16:45:10.406,1.39068,1.39075,1.50,3.94
2014.05.26 16:45:11.336,1.39068,1.39074,1.50,1.63
2014.05.26 16:45:14.021,1.39066,1.39073,2.63,1.38
2014.05.26 16:45:15.712,1.39066,1.39073,1.50,1.25
2014.05.26 16:45:15.922,1.39066,1.39073,1.88,1.63
2014.05.26 16:45:16.448,1.39066,1.39073,1.88,1.69
2014.05.26 16:45:17.793,1.39066,1.39073,1.88,2.07
2014.05.26 16:45:18.304,1.39067,1.39073,1.00,1.88
2014.05.26 16:45:18.843,1.39067,1.39073,1.00,1.88
2014.05.26 16:45:19.369,1.39067,1.39074,1.00,2.82
2014.05.26 16:45:19.918,1.39066,1.39073,2.63,1.38
2014.05.26 16:45:20.532,1.39066,1.39073,2.63,1.38
2014.05.26 16:45:21.575,1.39066,1.39072,2.25,1.50
2014.05.26 16:45:24.072,1.39066,1.39072,2.25,1.50
2014.05.26 16:45:34.222,1.39067,1.39072,1.00,1.13
2014.05.26 16:45:58.573,1.39065,1.39072,2.25,1.13
2014.05.26 16:46:28.761,1.39065,1.39071,2.44,1.00
2014.05.26 16:46:34.630,1.39065,1.39072,1.50,2.25
2014.05.26 16:46:34.731,1.39063,1.39068,1.88,1.50
2014.05.26 16:46:35.598,1.39063,1.39069,1.00,1.00
2014.05.26 16:46:36.205,1.39063,1.3907,1.00,2.25
2014.05.26 16:46:36.787,1.39063,1.39068,1.00,1.50
2014.05.26 16:46:37.091,1.39062,1.39066,1.00,1.00
2014.05.26 16:46:37.141,1.3906,1.39067,1.88,1.00
2014.05.26 16:46:37.343,1.39062,1.39067,1.00,1.00
2014.05.26 16:46:37.495,1.3906,1.39067,1.50,1.50
2014.05.26 16:46:37.905,1.39062,1.39067,1.00,1.00
2014.05.26 16:46:39.243,1.3906,1.39066,1.50,1.00
2014.05.26 16:46:39.445,1.39058,1.39065,3.00,1.00
2014.05.26 16:46:39.968,1.39058,1.39066,2.63,3.00
2014.05.26 16:46:40.499,1.39059,1.39066,1.00,3.00
2014.05.26 16:46:54.136,1.3906,1.39066,1.00,1.50
2014.05.26 16:46:54.187,1.39062,1.39066,1.00,1.00
2014.05.26 16:46:54.289,1.39062,1.39068,1.00,3.00
2014.05.26 16:46:55.864,1.3906,1.39068,3.38,3.75
2014.05.26 16:46:56.728,1.39061,1.39068,1.00,3.00
2014.05.26 16:47:00.243,1.39062,1.39068,1.00,2.25
2014.05.26 16:47:00.748,1.39062,1.39067,1.50,1.13
2014.05.26 16:47:04.168,1.39062,1.39068,1.50,2.25
2014.05.26 16:47:04.689,1.39062,1.39067,1.50,1.00
2014.05.26 16:47:05.262,1.39062,1.39068,2.25,1.00
2014.05.26 16:47:09.491,1.39062,1.39068,2.25,1.38
2014.05.26 16:47:10.005,1.39062,1.39068,2.25,1.25
2014.05.26 16:47:11.490,1.39063,1.39068,1.00,1.00
2014.05.26 16:47:12.195,1.39063,1.39069,1.00,1.69
2014.05.26 16:47:12.854,1.39064,1.39069,1.00,1.69
2014.05.26 16:47:15.082,1.39065,1.39069,1.00,1.00
2014.05.26 16:47:17.078,1.39065,1.3907,1.00,2.63
2014.05.26 16:47:17.607,1.39064,1.3907,1.00,1.88
2014.05.26 16:47:18.135,1.39064,1.3907,1.00,1.00
2014.05.26 16:47:19.904,1.39064,1.3907,1.00,1.38
2014.05.26 16:47:20.930,1.39064,1.39067,1.00,1.50
2014.05.26 16:47:30.194,1.39065,1.39067,1.00,1.50
2014.05.26 16:47:30.345,1.39065,1.39069,1.00,1.00
2014.05.26 16:47:31.167,1.39065,1.3907,1.00,3.38
2014.05.26 16:47:38.608,1.39065,1.3907,1.00,3.57
2014.05.26 16:47:40.114,1.39065,1.3907,1.00,3.57
2014.05.26 16:47:41.356,1.39065,1.3907,1.00,3.57
2014.05.26 16:47:44.179,1.39065,1.3907,1.00,3.19
2014.05.26 16:47:50.630,1.39065,1.39069,1.00,1.00
2014.05.26 16:47:54.202,1.39065,1.3907,1.00,1.13
2014.05.26 16:47:55.488,1.39064,1.39071,1.00,2.82
2014.05.26 16:47:56.009,1.39065,1.39069,1.00,1.88
2014.05.26 16:48:03.010,1.39064,1.39069,1.00,1.50
2014.05.26 16:48:03.262,1.39066,1.3907,1.00,1.13
2014.05.26 16:48:08.619,1.39065,1.39071,1.50,1.88
2014.05.26 16:48:13.458,1.39066,1.39071,1.00,1.88
2014.05.26 16:48:17.369,1.39066,1.39071,1.00,1.88
2014.05.26 16:48:17.881,1.39066,1.39071,1.00,1.88
2014.05.26 16:48:18.448,1.39066,1.39071,1.00,1.88
2014.05.26 16:48:18.969,1.39066,1.39071,1.00,1.88
2014.05.26 16:48:20.497,1.39066,1.39071,1.00,1.88
2014.05.26 16:48:21.831,1.39065,1.39071,1.00,2.63
2014.05.26 16:48:22.380,1.39066,1.39071,1.00,2.63
2014.05.26 16:48:23.028,1.39066,1.39071,1.00,1.88
2014.05.26 16:48:38.099,1.39068,1.39071,1.00,1.38
2014.05.26 16:48:38.151,1.39068,1.39072,1.00,2.82
2014.05.26 16:48:38.253,1.39069,1.39072,1.00,1.50
2014.05.26 16:48:40.081,1.39069,1.39072,1.00,1.50
2014.05.26 16:48:40.350,1.39069,1.39074,1.00,3.57
2014.05.26 16:48:41.153,1.39069,1.39074,1.00,3.57
2014.05.26 16:48:48.130,1.39069,1.39074,1.00,3.57
2014.05.26 16:48:49.258,1.39069,1.39074,1.00,3.57
2014.05.26 16:48:58.259,1.39069,1.39074,1.00,3.57
2014.05.26 16:49:01.070,1.39069,1.39074,1.00,2.82
2014.05.26 16:49:17.050,1.39069,1.39073,1.00,1.32
2014.05.26 16:49:18.125,1.39069,1.39074,1.00,3.57
2014.05.26 16:49:50.519,1.39069,1.39073,1.00,1.69
2014.05.26 16:49:52.123,1.39069,1.39073,1.00,1.00
2014.05.26 16:50:04.716,1.39069,1.39074,1.00,1.13
2014.05.26 16:50:06.759,1.3907,1.39074,1.00,1.13
2014.05.26 16:50:09.110,1.39071,1.39074,1.00,1.25
2014.05.26 16:50:09.313,1.39072,1.39074,1.00,1.00
2014.05.26 16:50:09.365,1.39072,1.39076,1.00,2.63
2014.05.26 16:50:10.959,1.39073,1.39077,1.00,1.25
2014.05.26 16:50:13.751,1.39073,1.39078,1.00,3.57
2014.05.26 16:50:14.915,1.39073,1.39078,1.00,4.32
2014.05.26 16:50:15.125,1.39073,1.39078,1.00,3.57
2014.05.26 16:50:15.757,1.39073,1.39078,1.00,4.32
2014.05.26 16:50:19.161,1.39073,1.39078,1.00,3.57
2014.05.26 16:50:20.935,1.39073,1.39078,1.00,3.57
2014.05.26 16:50:22.488,1.39072,1.39078,2.25,2.07
2014.05.26 16:50:24.153,1.39071,1.39078,1.00,4.32
2014.05.26 16:50:24.658,1.39072,1.39077,1.00,1.25
2014.05.26 16:50:25.178,1.39072,1.39077,1.00,1.69
2014.05.26 16:50:25.586,1.39073,1.39078,1.00,3.75
2014.05.26 16:50:26.091,1.39074,1.39081,1.50,2.07
2014.05.26 16:50:26.625,1.39074,1.39081,2.25,1.32
2014.05.26 16:50:27.289,1.39076,1.39081,1.50,1.57
2014.05.26 16:50:29.674,1.39076,1.39082,1.50,2.82
2014.05.26 16:50:34.958,1.39076,1.39081,1.50,1.32
2014.05.26 16:50:36.365,1.39074,1.39082,2.25,2.07
2014.05.26 16:50:36.906,1.39074,1.39082,2.25,2.82
2014.05.26 16:50:38.230,1.39074,1.39082,2.63,1.88
2014.05.26 16:50:38.331,1.39077,1.39082,1.00,1.00
2014.05.26 16:50:38.872,1.39078,1.39084,1.50,1.40
2014.05.26 16:50:40.502,1.39078,1.39085,2.25,1.65
2014.05.26 16:50:40.805,1.39076,1.39082,1.00,2.63
2014.05.26 16:50:41.336,1.39077,1.39082,1.00,2.63
2014.05.26 16:50:41.854,1.39077,1.39082,1.00,2.82
2014.05.26 16:50:42.503,1.39077,1.3908,1.00,1.88
2014.05.26 16:50:42.655,1.39075,1.3908,1.00,1.88
2014.05.26 16:50:42.807,1.39075,1.3908,1.00,3.38
2014.05.26 16:50:42.958,1.39073,1.39078,1.00,1.88
2014.05.26 16:50:43.316,1.39071,1.39078,1.00,1.88
2014.05.26 16:50:43.367,1.39071,1.39076,1.00,1.00
2014.05.26 16:50:45.360,1.39071,1.39077,1.00,1.00
2014.05.26 16:50:48.475,1.39071,1.39076,1.00,1.00
2014.05.26 16:51:08.244,1.39071,1.39076,1.00,2.44
2014.05.26 16:51:14.279,1.39071,1.39076,1.00,2.25
2014.05.26 16:51:14.827,1.39072,1.39076,1.00,2.25
2014.05.26 16:51:20.848,1.39073,1.39076,1.00,2.25
2014.05.26 16:51:35.486,1.39072,1.39076,1.00,1.50
2014.05.26 16:51:48.530,1.39072,1.39077,1.00,1.25
2014.05.26 16:51:57.164,1.39072,1.39077,1.00,1.69
2014.05.26 16:52:00.163,1.39072,1.39077,1.00,1.69
2014.05.26 16:52:06.725,1.39072,1.39077,1.00,1.19
2014.05.26 16:52:14.327,1.39072,1.39077,1.00,2.44
2014.05.26 16:52:45.515,1.3907,1.39077,1.00,2.25
2014.05.26 16:52:46.546,1.39071,1.39077,1.00,2.25
2014.05.26 16:52:48.887,1.39071,1.39077,1.38,2.25
2014.05.26 16:52:49.040,1.39076,1.3908,1.00,1.50
2014.05.26 16:52:49.295,1.39072,1.39078,1.00,1.50
2014.05.26 16:52:49.447,1.39072,1.39076,1.00,1.50
2014.05.26 16:52:49.650,1.3907,1.39076,1.25,1.50
2014.05.26 16:52:51.024,1.39069,1.39076,1.00,1.88
2014.05.26 16:52:51.176,1.39071,1.39074,1.00,1.50
2014.05.26 16:52:55.716,1.39071,1.39076,1.00,1.50
2014.05.26 16:52:57.394,1.39069,1.39076,1.88,1.50
2014.05.26 16:53:01.671,1.3907,1.39078,1.50,3.57
2014.05.26 16:53:02.289,1.3907,1.39076,1.00,1.00
2014.05.26 16:53:02.803,1.39069,1.39076,1.50,1.50
2014.05.26 16:53:03.492,1.39068,1.39076,2.63,2.25
2014.05.26 16:53:05.428,1.39069,1.39076,1.00,1.50
2014.05.26 16:53:05.581,1.39071,1.39077,1.00,1.25
2014.05.26 16:53:06.180,1.39071,1.39077,1.50,1.63
2014.05.26 16:53:06.714,1.39071,1.39078,1.00,3.57
2014.05.26 16:53:07.761,1.3907,1.39078,1.50,3.57
2014.05.26 16:53:09.716,1.3907,1.39077,1.50,1.38
2014.05.26 16:53:10.240,1.3907,1.39077,1.50,1.32
2014.05.26 16:53:10.566,1.39072,1.39077,1.00,2.07
2014.05.26 16:53:15.586,1.39072,1.39077,1.00,1.38
2014.05.26 16:53:15.687,1.3907,1.39074,1.00,1.13
2014.05.26 16:53:16.214,1.3907,1.39073,1.00,1.50
2014.05.26 16:53:16.827,1.3907,1.39073,1.00,1.50
2014.05.26 16:53:17.827,1.3907,1.39075,1.00,2.63
2014.05.26 16:53:20.147,1.3907,1.39073,1.00,1.00
2014.05.26 16:53:21.593,1.3907,1.39073,1.00,1.50
2014.05.26 16:53:23.605,1.39071,1.39073,1.00,1.00
2014.05.26 16:53:24.267,1.39071,1.39075,1.00,2.63
2014.05.26 16:53:25.550,1.39071,1.39075,1.00,2.63
2014.05.26 16:53:33.943,1.39071,1.39075,1.00,1.50
2014.05.26 16:53:41.181,1.39072,1.39075,1.00,1.50
2014.05.26 16:53:48.765,1.39071,1.39075,1.00,1.50
2014.05.26 16:53:48.897,1.39072,1.39075,1.00,1.88
2014.05.26 16:53:49.000,1.39071,1.39075,1.00,1.50
2014.05.26 16:53:49.504,1.3907,1.39075,1.00,1.50
2014.05.26 16:53:52.522,1.39072,1.39075,1.00,1.50
2014.05.26 16:53:56.122,1.39073,1.39076,1.00,1.13
2014.05.26 16:54:00.207,1.39073,1.39075,1.00,1.00
2014.05.26 16:54:01.777,1.3907,1.39075,1.00,2.63
2014.05.26 16:54:02.131,1.39072,1.39075,1.00,1.50
2014.05.26 16:54:02.255,1.39071,1.39075,1.00,1.50
2014.05.26 16:54:03.627,1.39071,1.39077,1.00,2.07
2014.05.26 16:54:06.274,1.39072,1.39077,1.00,1.88
2014.05.26 16:54:07.193,1.3907,1.39077,1.00,1.88
2014.05.26 16:54:07.345,1.39071,1.39075,1.00,1.38
2014.05.26 16:54:09.494,1.39071,1.39073,1.00,1.00
2014.05.26 16:54:11.093,1.39071,1.39074,1.00,1.13
2014.05.26 16:54:15.323,1.3907,1.39074,1.00,1.00
2014.05.26 16:54:18.924,1.39069,1.39074,1.00,1.00
2014.05.26 16:54:24.282,1.39069,1.39074,1.00,1.69
2014.05.26 16:54:24.804,1.3907,1.39074,1.00,1.50
2014.05.26 16:54:41.046,1.3907,1.39073,1.00,1.00
2014.05.26 16:54:45.163,1.39068,1.39073,1.00,1.25
2014.05.26 16:54:50.884,1.39068,1.39074,1.00,3.19
2014.05.26 16:54:51.885,1.39068,1.39074,1.00,3.57
2014.05.26 16:54:55.520,1.3907,1.39074,1.00,3.57
2014.05.26 16:54:56.069,1.39067,1.39074,1.00,3.94
2014.05.26 16:54:56.493,1.39067,1.39071,1.00,1.00
2014.05.26 16:54:56.997,1.39067,1.3907,1.00,1.50
2014.05.26 16:54:57.563,1.39067,1.39072,1.00,3.19
2014.05.26 16:54:58.073,1.39067,1.39071,1.00,1.25
2014.05.26 16:54:59.996,1.39067,1.39072,1.00,1.69
2014.05.26 16:55:02.364,1.39066,1.39072,1.00,1.69
2014.05.26 16:55:05.431,1.39066,1.39071,1.00,1.00
2014.05.26 16:55:05.939,1.39067,1.39073,1.00,1.19
2014.05.26 16:55:11.676,1.39066,1.39073,2.25,1.69
2014.05.26 16:55:12.213,1.39066,1.39073,2.25,1.69
2014.05.26 16:55:13.643,1.39066,1.39073,2.25,1.69
2014.05.26 16:55:14.773,1.39068,1.39074,1.00,4.32
2014.05.26 16:55:15.651,1.39068,1.39074,1.00,3.57
2014.05.26 16:55:20.494,1.39068,1.39074,1.00,3.57
2014.05.26 16:55:20.797,1.39068,1.39072,1.00,1.00
2014.05.26 16:55:21.606,1.39068,1.39074,1.00,3.57
2014.05.26 16:55:26.034,1.39068,1.39074,1.00,3.57
2014.05.26 16:55:28.357,1.39068,1.39074,1.00,1.88
2014.05.26 16:55:28.932,1.39068,1.39072,1.00,1.00
2014.05.26 16:55:29.478,1.39068,1.39071,1.00,1.50
2014.05.26 16:55:43.247,1.39068,1.39073,1.00,1.19
2014.05.26 16:55:43.599,1.39068,1.39074,1.00,2.82
2014.05.26 16:55:44.106,1.39068,1.39072,1.00,1.50
2014.05.26 16:55:52.249,1.39067,1.39072,1.00,1.69
2014.05.26 16:55:55.393,1.39069,1.39072,1.00,1.69
2014.05.26 16:55:57.510,1.39068,1.39072,1.00,1.69
2014.05.26 16:55:59.787,1.39068,1.39074,1.00,3.94
2014.05.26 16:56:00.687,1.39068,1.39074,1.00,3.57
2014.05.26 16:56:01.653,1.39068,1.39074,1.00,3.57
2014.05.26 16:56:02.211,1.39067,1.39072,1.00,1.50
2014.05.26 16:56:06.271,1.39067,1.39074,1.50,2.82
2014.05.26 16:56:09.784,1.39067,1.39074,1.50,2.82
2014.05.26 16:56:14.683,1.39067,1.39072,1.00,1.00
2014.05.26 16:56:15.232,1.39066,1.39072,1.69,1.00
2014.05.26 16:56:18.904,1.39065,1.39072,1.50,2.25
2014.05.26 16:56:29.097,1.39066,1.39072,1.00,2.25
2014.05.26 16:56:39.416,1.39068,1.39072,1.00,1.50
2014.05.26 16:56:40.213,1.39068,1.39074,1.00,3.94
2014.05.26 16:56:43.097,1.39068,1.39072,1.00,1.00
2014.05.26 16:56:44.942,1.39066,1.39072,1.50,1.50
2014.05.26 16:56:49.341,1.39068,1.39072,1.00,1.25
2014.05.26 16:56:49.644,1.39066,1.39073,3.00,1.69
2014.05.26 16:56:50.364,1.39066,1.39073,3.00,2.63
2014.05.26 16:56:50.415,1.39068,1.39073,1.00,1.88
2014.05.26 16:56:50.920,1.39068,1.39075,2.25,1.50
2014.05.26 16:57:04.256,1.3907,1.39075,1.00,1.63
2014.05.26 16:57:05.522,1.39072,1.39078,2.25,1.50
2014.05.26 16:57:06.036,1.39072,1.39077,1.50,1.00
2014.05.26 16:57:06.564,1.39071,1.39078,1.50,2.25
2014.05.26 16:57:10.788,1.39072,1.39078,1.00,1.69
2014.05.26 16:57:12.631,1.39071,1.39078,1.50,2.44
2014.05.26 16:57:18.380,1.39071,1.39078,1.00,3.94
2014.05.26 16:57:20.211,1.39071,1.39076,1.00,1.50
2014.05.26 16:57:20.262,1.3907,1.39076,1.00,1.88
2014.05.26 16:57:21.531,1.3907,1.39076,1.00,3.19
2014.05.26 16:57:22.798,1.3907,1.39076,1.00,2.25
2014.05.26 16:57:23.608,1.3907,1.39075,1.00,1.00
2014.05.26 16:57:26.975,1.3907,1.39072,1.00,1.00
2014.05.26 16:57:27.026,1.39068,1.39072,2.25,1.00
2014.05.26 16:57:40.083,1.39068,1.39073,1.50,1.69
2014.05.26 16:57:40.749,1.39067,1.39073,1.00,2.44
2014.05.26 16:57:41.398,1.39067,1.39072,1.00,1.00
2014.05.26 16:57:41.670,1.39065,1.39071,1.00,2.25
2014.05.26 16:57:47.954,1.39064,1.39071,1.13,1.50
2014.05.26 16:57:50.515,1.39063,1.39069,1.13,1.50
2014.05.26 16:57:58.177,1.39062,1.39069,3.57,2.25
2014.05.26 16:57:58.698,1.39065,1.39069,1.00,1.50
2014.05.26 16:58:00.391,1.39062,1.39069,3.57,1.50
2014.05.26 16:58:01.182,1.39063,1.39069,1.13,1.50
2014.05.26 16:58:03.476,1.39064,1.39069,1.00,1.50
2014.05.26 16:58:04.038,1.39065,1.39069,1.00,1.50
2014.05.26 16:58:09.394,1.39065,1.39067,1.00,1.00
2014.05.26 16:58:09.445,1.39063,1.39067,1.00,1.50
2014.05.26 16:58:11.062,1.39062,1.39067,1.00,1.50
2014.05.26 16:58:16.357,1.39063,1.39067,1.00,1.50
2014.05.26 16:58:16.458,1.39061,1.39071,2.59,2.25
2014.05.26 16:58:19.217,1.3906,1.39067,2.07,1.00
2014.05.26 16:58:20.140,1.3906,1.39067,1.88,1.50
2014.05.26 16:58:20.729,1.3906,1.39067,2.25,1.00
2014.05.26 16:58:22.220,1.3906,1.39067,1.50,1.50
2014.05.26 16:58:23.093,1.3906,1.39066,1.13,1.00
2014.05.26 16:58:23.664,1.39059,1.39065,1.00,1.50
2014.05.26 16:58:28.059,1.3906,1.39065,1.00,1.50
2014.05.26 16:58:28.605,1.39059,1.39065,3.00,1.00
2014.05.26 16:58:28.882,1.39059,1.39067,4.50,2.25
2014.05.26 16:58:29.350,1.39059,1.39065,3.75,1.00
2014.05.26 16:58:30.080,1.39059,1.39065,2.25,1.50
2014.05.26 16:58:57.838,1.39058,1.39065,2.25,1.50
2014.05.26 16:59:06.943,1.39058,1.39063,1.00,1.00
2014.05.26 16:59:08.517,1.39057,1.39063,1.00,1.50
2014.05.26 16:59:15.459,1.39059,1.39063,1.00,1.50
2014.05.26 16:59:22.512,1.39058,1.39063,1.13,1.50
2014.05.26 16:59:23.128,1.3906,1.39063,1.00,1.50
2014.05.26 16:59:23.899,1.39061,1.39063,1.00,1.50
2014.05.26 16:59:26.945,1.39061,1.39065,1.00,1.50
2014.05.26 16:59:27.655,1.39062,1.39065,1.00,1.50
2014.05.26 16:59:27.757,1.39063,1.39065,1.00,1.00
2014.05.26 16:59:27.810,1.39064,1.39067,1.00,1.50
2014.05.26 16:59:29.867,1.39062,1.39067,1.00,1.50
2014.05.26 16:59:30.170,1.3906,1.39067,1.00,1.50
2014.05.26 16:59:30.272,1.3906,1.39065,1.00,1.00
2014.05.26 16:59:30.625,1.39058,1.39065,1.50,2.25
2014.05.26 16:59:31.130,1.3906,1.39065,1.00,1.50
2014.05.26 16:59:32.579,1.3906,1.39063,1.00,1.00
2014.05.26 16:59:33.387,1.39059,1.39063,1.00,1.50
2014.05.26 16:59:40.127,1.39058,1.39063,1.00,1.50
2014.05.26 16:59:42.108,1.39059,1.39063,1.00,1.50
2014.05.26 16:59:42.661,1.39058,1.39063,1.00,1.50
2014.05.26 16:59:42.914,1.39056,1.39063,1.88,2.63
2014.05.26 16:59:42.964,1.39056,1.39061,1.88,1.00
2014.05.26 16:59:43.268,1.39053,1.39059,2.07,1.50
2014.05.26 16:59:43.895,1.39053,1.39059,1.00,1.50
2014.05.26 16:59:45.880,1.39054,1.39059,1.00,1.50
2014.05.26 16:59:46.514,1.39055,1.39059,1.00,1.50
2014.05.26 16:59:47.527,1.39053,1.39059,1.00,1.50
2014.05.26 16:59:47.679,1.39053,1.39057,1.00,1.50
2014.05.26 16:59:47.984,1.39055,1.39057,1.00,1.50
2014.05.26 16:59:48.136,1.39055,1.39059,1.00,1.00
2014.05.26 16:59:48.706,1.39055,1.3906,1.00,1.50
2014.05.26 16:59:55.543,1.39058,1.3906,1.00,1.50
2014.05.26 16:59:56.107,1.39057,1.3906,1.00,1.50
2014.05.26 16:59:56.360,1.39057,1.39062,1.00,1.50
2014.05.26 16:59:56.563,1.3906,1.39062,1.00,1.50
2014.05.26 16:59:56.765,1.39058,1.39062,1.00,1.50
2014.05.26 16:59:56.997,1.3906,1.39062,1.00,1.50
2014.05.26 16:59:57.300,1.39055,1.39061,1.35,1.00
2014.05.26 16:59:57.826,1.39055,1.3906,1.35,1.50
2014.05.26 16:59:58.098,1.39057,1.3906,1.00,1.50
2014.05.26 16:59:58.606,1.39058,1.3906,1.00,1.50
2014.05.26 16:59:58.926,1.39054,1.39058,1.60,1.50
2014.05.26 16:59:58.977,1.39056,1.39058,1.00,1.50
2014.05.26 16:59:59.181,1.39055,1.39058,1.00,1.50
2014.05.26 16:59:59.384,1.39053,1.39058,1.00,1.50
2014.05.26 16:59:59.434,1.39053,1.39056,1.00,1.50
2014.05.26 16:59:59.987,1.39052,1.39056,1.35,1.50
