2014.08.05 06:00:00.006,1.37579,1.37585,1.50,1.50
2014.08.05 06:00:02.497,1.37578,1.37585,1.00,1.88
2014.08.05 06:00:09.677,1.37577,1.37584,2.25,1.00
2014.08.05 06:00:13.140,1.37578,1.37584,1.00,1.00
2014.08.05 06:00:17.844,1.37577,1.37584,1.50,1.00
2014.08.05 06:00:20.441,1.37578,1.37584,1.00,1.00
2014.08.05 06:00:20.744,1.37581,1.37585,1.13,1.50
2014.08.05 06:00:20.795,1.37581,1.37587,1.50,1.50
2014.08.05 06:00:21.299,1.37581,1.37588,1.58,1.00
2014.08.05 06:00:21.805,1.37582,1.37588,1.50,1.00
2014.08.05 06:00:21.956,1.37583,1.37588,1.50,1.00
2014.08.05 06:00:22.475,1.37583,1.37588,1.00,1.00
2014.08.05 06:00:23.020,1.37583,1.37589,1.00,3.38
2014.08.05 06:00:24.386,1.37582,1.37589,2.40,1.00
2014.08.05 06:00:24.891,1.37582,1.37588,1.00,1.13
2014.08.05 06:00:25.396,1.37582,1.37588,2.85,1.00
2014.08.05 06:00:25.800,1.37583,1.37588,2.25,1.00
2014.08.05 06:00:25.951,1.37584,1.3759,1.13,1.00
2014.08.05 06:00:26.977,1.37584,1.3759,1.38,1.00
2014.08.05 06:00:27.494,1.37587,1.3759,1.00,1.00
2014.08.05 06:00:27.646,1.37589,1.37595,1.13,1.00
2014.08.05 06:00:27.999,1.37589,1.37597,1.88,3.75
2014.08.05 06:00:30.056,1.37589,1.37597,1.88,4.13
2014.08.05 06:00:30.568,1.37589,1.37596,1.13,1.00
2014.08.05 06:00:33.274,1.37589,1.37596,1.88,1.00
2014.08.05 06:00:35.242,1.3759,1.37596,1.00,1.38
2014.08.05 06:00:35.444,1.37588,1.37595,2.25,1.38
2014.08.05 06:00:38.125,1.37588,1.37595,1.00,3.00
2014.08.05 06:00:42.399,1.37588,1.37595,1.00,3.38
2014.08.05 06:00:42.943,1.37588,1.37595,1.00,2.25
2014.08.05 06:00:47.054,1.37588,1.37596,1.13,2.63
2014.08.05 06:00:47.571,1.37589,1.37596,1.13,2.25
2014.08.05 06:00:48.121,1.3759,1.37596,1.00,2.25
2014.08.05 06:00:50.187,1.3759,1.37596,3.08,1.50
2014.08.05 06:00:50.389,1.37593,1.37598,1.13,1.50
2014.08.05 06:00:50.893,1.37593,1.37599,1.88,1.88
2014.08.05 06:00:51.416,1.37594,1.376,1.00,2.63
2014.08.05 06:00:52.143,1.37595,1.376,1.00,2.25
2014.08.05 06:00:52.244,1.37595,1.37601,1.00,1.50
2014.08.05 06:00:53.127,1.37595,1.37601,1.88,1.13
2014.08.05 06:00:53.379,1.37596,1.37603,1.13,2.63
2014.08.05 06:00:53.884,1.37596,1.37604,1.38,2.63
2014.08.05 06:00:54.742,1.37596,1.37604,1.13,2.63
2014.08.05 06:00:55.279,1.37596,1.37603,1.13,1.50
2014.08.05 06:00:57.725,1.37595,1.37603,4.13,1.88
2014.08.05 06:00:58.028,1.37595,1.37601,3.00,1.50
2014.08.05 06:00:58.331,1.37592,1.37599,6.00,1.00
2014.08.05 06:00:58.839,1.37591,1.37599,3.38,1.50
2014.08.05 06:01:01.049,1.37591,1.37599,3.75,4.50
2014.08.05 06:01:01.589,1.37591,1.37599,1.50,4.50
2014.08.05 06:01:02.132,1.37591,1.37598,2.25,1.00
2014.08.05 06:01:02.334,1.37593,1.37599,1.00,1.50
2014.08.05 06:01:02.486,1.37594,1.37601,1.50,1.13
2014.08.05 06:01:03.140,1.37595,1.37601,1.00,1.13
2014.08.05 06:01:04.219,1.37595,1.37601,1.00,2.63
2014.08.05 06:01:04.522,1.37593,1.37599,1.00,1.50
2014.08.05 06:01:05.702,1.37594,1.37599,1.50,1.00
2014.08.05 06:01:06.216,1.37594,1.376,2.25,2.07
2014.08.05 06:01:12.701,1.37593,1.37601,4.88,1.32
2014.08.05 06:01:15.873,1.37594,1.37601,1.00,1.32
2014.08.05 06:01:16.641,1.37593,1.37601,4.13,1.32
2014.08.05 06:01:17.364,1.37593,1.376,1.00,1.63
2014.08.05 06:01:17.566,1.37591,1.37599,1.50,1.57
2014.08.05 06:01:18.101,1.37592,1.37599,1.00,3.57
2014.08.05 06:01:21.190,1.37591,1.37597,1.00,1.13
2014.08.05 06:01:22.624,1.3759,1.37597,5.70,1.13
2014.08.05 06:01:22.927,1.37589,1.37594,1.00,1.13
2014.08.05 06:01:23.230,1.37588,1.37591,1.50,1.27
2014.08.05 06:01:24.037,1.37586,1.37591,1.50,1.10
2014.08.05 06:01:24.340,1.37588,1.37591,1.50,1.00
2014.08.05 06:01:24.504,1.37588,1.37593,1.50,1.00
2014.08.05 06:01:25.009,1.37589,1.37594,1.00,2.25
2014.08.05 06:01:25.853,1.3759,1.37594,1.00,1.00
2014.08.05 06:01:26.738,1.3759,1.37597,1.13,1.13
2014.08.05 06:01:28.779,1.37591,1.37597,1.00,1.13
2014.08.05 06:01:28.981,1.37591,1.37595,1.00,1.13
2014.08.05 06:01:30.918,1.37591,1.37597,1.00,1.13
2014.08.05 06:01:39.290,1.37591,1.37595,1.00,1.13
2014.08.05 06:01:41.917,1.37591,1.37594,1.00,1.00
2014.08.05 06:01:42.484,1.37592,1.37594,1.00,1.00
2014.08.05 06:01:42.636,1.3759,1.37594,1.00,1.13
2014.08.05 06:01:42.737,1.37588,1.37594,2.25,1.88
2014.08.05 06:01:42.838,1.37588,1.37591,1.00,1.00
2014.08.05 06:01:45.806,1.37588,1.37592,1.00,1.13
2014.08.05 06:01:47.039,1.37589,1.37592,1.00,1.13
2014.08.05 06:01:47.557,1.37588,1.37592,1.00,1.00
2014.08.05 06:01:48.783,1.37587,1.37592,1.00,1.00
2014.08.05 06:01:49.494,1.37588,1.37592,1.00,1.00
2014.08.05 06:01:49.747,1.37589,1.37595,1.00,2.63
2014.08.05 06:01:49.899,1.37589,1.37595,1.50,2.72
2014.08.05 06:01:50.100,1.3759,1.37595,1.00,1.00
2014.08.05 06:01:50.628,1.37591,1.37595,1.00,1.00
2014.08.05 06:01:50.830,1.3759,1.37597,3.45,1.88
2014.08.05 06:01:51.334,1.37591,1.37597,1.00,2.25
2014.08.05 06:01:51.648,1.37589,1.37596,1.95,3.38
2014.08.05 06:01:51.801,1.37588,1.37594,1.13,1.38
2014.08.05 06:01:52.340,1.37587,1.37594,3.00,1.73
2014.08.05 06:01:52.849,1.37588,1.37595,1.00,3.00
2014.08.05 06:01:53.354,1.37589,1.37595,1.00,5.40
2014.08.05 06:01:53.405,1.3759,1.37595,1.00,5.25
2014.08.05 06:01:53.910,1.37589,1.37595,1.00,1.00
2014.08.05 06:01:54.948,1.3759,1.37595,1.00,1.00
2014.08.05 06:01:56.175,1.37589,1.37595,1.00,1.00
2014.08.05 06:01:56.692,1.37588,1.37595,2.63,1.00
2014.08.05 06:01:57.484,1.37589,1.37595,1.00,1.00
2014.08.05 06:01:58.005,1.3759,1.37595,1.00,1.00
2014.08.05 06:01:59.112,1.37589,1.37595,1.00,1.00
2014.08.05 06:02:01.227,1.3759,1.37595,1.00,1.00
2014.08.05 06:02:01.777,1.37589,1.37595,1.50,1.00
2014.08.05 06:02:04.794,1.37589,1.37595,1.50,1.38
2014.08.05 06:02:05.299,1.37589,1.37593,1.00,1.00
2014.08.05 06:02:05.832,1.3759,1.37593,1.00,1.00
2014.08.05 06:02:06.702,1.3759,1.37595,1.00,2.25
2014.08.05 06:02:08.475,1.37589,1.37595,1.00,2.25
2014.08.05 06:02:09.087,1.37588,1.37595,3.83,2.25
2014.08.05 06:02:09.239,1.3759,1.37595,1.00,2.25
2014.08.05 06:02:11.445,1.37589,1.37595,1.88,2.25
2014.08.05 06:02:13.425,1.37591,1.37595,1.00,2.25
2014.08.05 06:02:13.983,1.3759,1.37595,1.00,2.25
2014.08.05 06:02:14.501,1.37589,1.37595,1.88,2.25
2014.08.05 06:02:16.293,1.3759,1.37595,1.00,2.25
2014.08.05 06:02:16.704,1.37592,1.37595,1.00,2.25
2014.08.05 06:02:17.264,1.37591,1.37595,1.00,2.25
2014.08.05 06:02:19.589,1.37589,1.37595,1.88,2.40
2014.08.05 06:02:20.103,1.3759,1.37595,1.00,2.25
2014.08.05 06:02:22.240,1.37589,1.37595,1.50,2.25
2014.08.05 06:02:23.228,1.37588,1.37595,1.20,2.63
2014.08.05 06:02:23.746,1.37588,1.37592,1.00,1.00
2014.08.05 06:02:27.037,1.37588,1.37592,1.00,1.88
2014.08.05 06:02:27.189,1.37586,1.3759,2.25,1.38
2014.08.05 06:02:27.491,1.37584,1.37589,1.20,2.25
2014.08.05 06:02:27.995,1.37583,1.37587,1.00,2.25
2014.08.05 06:02:28.541,1.37583,1.37586,1.00,1.00
2014.08.05 06:02:28.818,1.37581,1.37586,1.00,1.00
2014.08.05 06:02:30.033,1.37583,1.37586,1.00,1.00
2014.08.05 06:02:30.537,1.37582,1.37587,1.00,2.25
2014.08.05 06:02:31.473,1.37582,1.37586,1.00,1.00
2014.08.05 06:02:31.978,1.37581,1.37586,1.20,1.13
2014.08.05 06:02:33.888,1.37583,1.37586,1.00,1.00
2014.08.05 06:02:34.393,1.37583,1.37587,1.00,2.25
2014.08.05 06:02:34.847,1.37581,1.37585,2.70,1.00
2014.08.05 06:02:35.351,1.3758,1.37585,1.00,2.25
2014.08.05 06:02:35.971,1.37582,1.37585,1.00,1.50
2014.08.05 06:02:36.173,1.37583,1.37587,1.00,3.00
2014.08.05 06:02:36.678,1.37582,1.37587,1.50,1.50
2014.08.05 06:02:37.194,1.37582,1.37587,1.00,3.00
2014.08.05 06:02:37.245,1.3758,1.37586,3.00,1.13
2014.08.05 06:02:41.684,1.37582,1.37586,1.00,1.00
2014.08.05 06:02:43.907,1.37583,1.37586,1.00,1.00
2014.08.05 06:02:49.964,1.37581,1.37586,2.25,1.00
2014.08.05 06:02:50.166,1.37583,1.37586,1.00,1.00
2014.08.05 06:02:50.904,1.37583,1.37587,1.00,1.50
2014.08.05 06:02:53.867,1.37583,1.37586,1.00,1.00
2014.08.05 06:02:55.649,1.37584,1.37586,1.00,1.00
2014.08.05 06:02:55.906,1.37584,1.37588,1.00,1.50
2014.08.05 06:02:56.411,1.37585,1.37588,1.00,1.00
2014.08.05 06:02:56.613,1.37585,1.37591,1.00,3.00
2014.08.05 06:02:58.214,1.37586,1.37591,1.00,1.50
2014.08.05 06:03:01.384,1.37585,1.37591,1.00,1.88
2014.08.05 06:03:02.373,1.37586,1.3759,1.00,1.00
2014.08.05 06:03:05.548,1.37585,1.3759,1.00,1.00
2014.08.05 06:03:11.071,1.37586,1.3759,1.00,1.00
2014.08.05 06:03:11.965,1.37588,1.3759,1.00,1.00
2014.08.05 06:03:12.420,1.37588,1.37592,1.00,2.25
2014.08.05 06:03:12.925,1.37589,1.37591,1.00,1.13
2014.08.05 06:03:13.785,1.37588,1.3759,1.00,1.00
2014.08.05 06:03:14.306,1.37588,1.3759,1.00,1.00
2014.08.05 06:03:14.851,1.37589,1.3759,1.00,1.00
2014.08.05 06:03:14.952,1.37589,1.37592,1.00,1.00
2014.08.05 06:03:15.680,1.37588,1.37592,1.00,1.00
2014.08.05 06:03:16.189,1.37588,1.3759,1.00,1.00
2014.08.05 06:03:16.340,1.37586,1.3759,1.50,1.00
2014.08.05 06:03:16.844,1.37585,1.37589,1.00,1.38
2014.08.05 06:03:17.347,1.37584,1.37588,1.00,1.13
2014.08.05 06:03:20.405,1.37585,1.37588,1.00,1.00
2014.08.05 06:03:20.909,1.37585,1.37588,1.00,1.00
2014.08.05 06:03:25.362,1.37584,1.37588,1.00,1.13
2014.08.05 06:03:39.218,1.37583,1.37588,1.00,1.13
2014.08.05 06:03:51.116,1.37584,1.37588,1.00,1.00
2014.08.05 06:03:51.934,1.37584,1.37587,1.00,1.00
2014.08.05 06:03:52.454,1.37583,1.37587,1.00,1.00
2014.08.05 06:03:56.168,1.37581,1.37587,1.95,1.13
2014.08.05 06:03:56.269,1.37584,1.37587,1.00,1.00
2014.08.05 06:03:56.622,1.37586,1.37587,1.00,1.00
2014.08.05 06:03:57.278,1.37583,1.37587,1.00,1.00
2014.08.05 06:03:58.565,1.37584,1.37587,1.00,1.00
2014.08.05 06:03:58.919,1.37586,1.37588,1.00,1.00
2014.08.05 06:03:59.020,1.37586,1.37591,1.00,2.25
2014.08.05 06:03:59.525,1.37586,1.37592,2.25,1.13
2014.08.05 06:04:01.726,1.37586,1.37591,1.50,2.63
2014.08.05 06:04:02.238,1.37587,1.37591,1.00,1.00
2014.08.05 06:04:02.547,1.37585,1.37591,1.00,1.00
2014.08.05 06:04:02.649,1.37587,1.37591,1.00,1.00
2014.08.05 06:04:03.165,1.37587,1.37592,1.00,1.00
2014.08.05 06:04:03.677,1.37588,1.37592,3.00,1.00
2014.08.05 06:04:04.190,1.37587,1.37592,3.00,1.00
2014.08.05 06:04:04.493,1.37587,1.37594,1.50,3.75
2014.08.05 06:04:04.644,1.37587,1.37593,2.25,1.38
2014.08.05 06:04:04.997,1.37587,1.37594,1.00,2.63
2014.08.05 06:04:05.503,1.37588,1.37594,1.00,2.63
2014.08.05 06:04:06.008,1.37588,1.37593,1.00,1.00
2014.08.05 06:04:06.595,1.37587,1.37593,1.00,1.00
2014.08.05 06:04:06.849,1.37588,1.37594,2.70,1.00
2014.08.05 06:04:07.353,1.37588,1.37595,3.83,1.50
2014.08.05 06:04:11.464,1.37591,1.37596,1.00,1.50
2014.08.05 06:04:11.767,1.37589,1.37594,1.50,1.00
2014.08.05 06:04:12.644,1.37591,1.37594,1.00,1.00
2014.08.05 06:04:13.350,1.37589,1.37594,1.00,1.00
2014.08.05 06:04:13.554,1.37591,1.37594,1.00,1.00
2014.08.05 06:04:14.010,1.37589,1.37594,1.00,1.00
2014.08.05 06:04:14.527,1.37591,1.37593,1.00,1.00
2014.08.05 06:04:14.628,1.37588,1.37593,3.83,1.00
2014.08.05 06:04:14.880,1.37591,1.37593,1.00,1.00
2014.08.05 06:04:15.183,1.37593,1.37595,1.00,1.50
2014.08.05 06:04:15.435,1.37591,1.37595,3.08,1.50
2014.08.05 06:04:15.537,1.37593,1.37595,1.00,1.50
2014.08.05 06:04:15.990,1.37591,1.37595,1.20,1.50
2014.08.05 06:04:16.803,1.37591,1.37597,1.20,1.13
2014.08.05 06:04:17.044,1.37593,1.37597,1.00,1.13
2014.08.05 06:04:18.284,1.37594,1.37597,1.00,1.00
2014.08.05 06:04:19.003,1.37594,1.37599,1.00,4.13
2014.08.05 06:04:19.507,1.37594,1.37599,1.00,2.63
2014.08.05 06:04:20.011,1.37594,1.37599,1.00,1.88
2014.08.05 06:04:21.273,1.37595,1.37599,1.00,2.25
2014.08.05 06:04:22.096,1.37595,1.37598,1.00,1.00
2014.08.05 06:04:22.656,1.37594,1.37598,1.00,1.00
2014.08.05 06:04:23.864,1.37595,1.37598,1.00,1.00
2014.08.05 06:04:25.416,1.37594,1.37598,1.00,1.00
2014.08.05 06:04:28.897,1.37594,1.376,1.88,3.00
2014.08.05 06:04:29.201,1.37602,1.37604,1.00,1.00
2014.08.05 06:04:29.352,1.37603,1.37606,1.00,1.00
2014.08.05 06:04:29.867,1.37602,1.37606,1.50,1.00
2014.08.05 06:04:30.484,1.376,1.37606,3.45,1.00
2014.08.05 06:04:30.988,1.37598,1.37606,1.00,2.25
2014.08.05 06:04:31.139,1.37597,1.37602,1.50,1.00
2014.08.05 06:04:31.644,1.37596,1.37602,1.00,1.88
2014.08.05 06:04:32.148,1.37597,1.37602,1.50,1.00
2014.08.05 06:04:34.204,1.37599,1.37603,1.00,2.25
2014.08.05 06:04:34.563,1.37597,1.37604,1.50,3.38
2014.08.05 06:04:34.765,1.37599,1.37604,1.00,1.13
2014.08.05 06:04:37.727,1.37597,1.37604,1.00,2.63
2014.08.05 06:04:37.884,1.37599,1.37604,1.00,2.63
2014.08.05 06:04:38.854,1.37596,1.37604,1.58,2.63
2014.08.05 06:04:40.479,1.37597,1.37604,1.00,3.38
2014.08.05 06:04:40.983,1.37597,1.37604,1.20,3.38
2014.08.05 06:04:42.142,1.37596,1.37603,1.88,1.00
2014.08.05 06:04:42.343,1.37596,1.37603,1.13,3.38
2014.08.05 06:04:42.848,1.37595,1.37602,2.33,1.50
2014.08.05 06:04:43.456,1.37594,1.37601,1.13,1.13
2014.08.05 06:04:44.278,1.37594,1.37601,1.69,1.13
2014.08.05 06:04:44.581,1.37592,1.37598,2.70,1.00
2014.08.05 06:04:44.682,1.3759,1.37596,3.75,1.50
2014.08.05 06:04:44.784,1.37591,1.37594,1.00,1.00
2014.08.05 06:04:45.238,1.37588,1.37594,1.45,1.00
2014.08.05 06:04:45.843,1.37589,1.37593,1.20,1.00
2014.08.05 06:04:46.498,1.37588,1.37591,1.00,2.25
2014.08.05 06:04:46.599,1.37587,1.37589,1.00,1.13
2014.08.05 06:04:46.650,1.37584,1.37589,3.00,1.50
2014.08.05 06:04:47.313,1.37586,1.37589,1.00,1.13
2014.08.05 06:04:48.943,1.37584,1.37591,1.10,5.63
2014.08.05 06:04:57.764,1.37583,1.3759,3.45,1.00
2014.08.05 06:04:58.268,1.37585,1.3759,3.00,1.00
2014.08.05 06:04:58.527,1.37586,1.37593,1.00,1.00
2014.08.05 06:05:03.058,1.37585,1.37592,3.45,1.00
2014.08.05 06:05:06.359,1.37586,1.37593,1.00,2.25
2014.08.05 06:05:06.864,1.37586,1.37593,1.00,2.25
2014.08.05 06:05:07.737,1.37586,1.37592,1.00,1.00
2014.08.05 06:05:08.242,1.37587,1.37593,1.00,1.88
2014.08.05 06:05:09.276,1.37587,1.37594,2.25,4.50
2014.08.05 06:05:11.785,1.37587,1.37594,2.25,3.68
2014.08.05 06:05:12.290,1.37587,1.37594,1.50,5.25
2014.08.05 06:05:12.794,1.37587,1.37594,1.50,4.60
2014.08.05 06:05:13.836,1.37587,1.37594,1.50,1.22
2014.08.05 06:05:19.946,1.37587,1.37593,1.50,1.00
2014.08.05 06:05:25.056,1.37587,1.3759,1.50,1.00
2014.08.05 06:05:25.511,1.37585,1.37588,3.00,1.00
2014.08.05 06:05:25.814,1.37584,1.37587,1.50,1.00
2014.08.05 06:05:26.168,1.37581,1.37585,2.70,1.50
2014.08.05 06:05:26.672,1.37581,1.37585,2.70,1.50
2014.08.05 06:05:29.914,1.37581,1.37586,6.08,1.50
2014.08.05 06:05:30.083,1.37584,1.37587,1.00,1.50
2014.08.05 06:05:30.611,1.37584,1.37588,1.00,1.50
2014.08.05 06:05:31.122,1.37583,1.37588,1.50,1.50
2014.08.05 06:05:32.508,1.37582,1.37588,1.95,1.50
2014.08.05 06:05:33.591,1.37582,1.37587,1.95,1.50
2014.08.05 06:05:39.211,1.37581,1.37584,2.70,1.00
2014.08.05 06:05:39.514,1.37578,1.37583,1.50,1.50
2014.08.05 06:05:40.019,1.37577,1.37582,1.50,1.50
2014.08.05 06:05:40.574,1.37577,1.37583,1.88,1.50
2014.08.05 06:05:40.776,1.37578,1.37585,1.13,1.50
2014.08.05 06:05:40.877,1.37582,1.37585,1.00,1.00
2014.08.05 06:05:41.181,1.37583,1.37588,1.00,1.00
2014.08.05 06:05:41.282,1.37586,1.37588,1.00,1.00
2014.08.05 06:05:41.383,1.37585,1.37588,1.13,1.00
2014.08.05 06:05:41.942,1.37585,1.3759,2.63,1.00
2014.08.05 06:05:42.691,1.37585,1.37588,2.63,1.00
2014.08.05 06:05:43.198,1.37583,1.37588,1.88,1.00
2014.08.05 06:05:43.817,1.37583,1.3759,2.63,1.00
2014.08.05 06:05:45.954,1.37583,1.37591,4.88,1.00
2014.08.05 06:05:46.472,1.37584,1.37591,1.00,1.00
2014.08.05 06:05:47.611,1.37584,1.3759,1.00,1.00
2014.08.05 06:05:48.116,1.37583,1.3759,3.00,1.00
2014.08.05 06:05:48.620,1.37583,1.37589,1.50,1.13
2014.08.05 06:05:48.722,1.37583,1.37587,1.50,1.00
2014.08.05 06:05:49.226,1.37582,1.37587,1.00,1.00
2014.08.05 06:05:49.629,1.37582,1.37589,1.00,1.00
2014.08.05 06:05:53.626,1.37582,1.3759,3.00,2.25
2014.08.05 06:05:53.677,1.37584,1.3759,1.00,2.25
2014.08.05 06:05:57.163,1.37584,1.37591,2.25,2.93
2014.08.05 06:05:58.043,1.37585,1.37591,1.00,1.13
2014.08.05 06:06:00.526,1.37585,1.37593,2.25,3.38
2014.08.05 06:06:01.475,1.37585,1.37592,2.25,1.00
2014.08.05 06:06:03.934,1.37585,1.37591,1.50,1.00
2014.08.05 06:06:06.684,1.37584,1.37591,3.75,1.00
2014.08.05 06:06:09.326,1.37584,1.37592,4.13,1.00
2014.08.05 06:06:10.372,1.37585,1.37592,1.00,1.00
2014.08.05 06:06:15.319,1.37584,1.37592,6.08,1.00
2014.08.05 06:06:22.258,1.37584,1.37592,4.58,1.00
2014.08.05 06:06:22.712,1.37583,1.3759,2.25,1.00
2014.08.05 06:06:23.680,1.37583,1.37591,2.63,2.48
2014.08.05 06:06:24.361,1.37583,1.37591,3.45,2.25
2014.08.05 06:06:24.866,1.37583,1.37591,2.63,2.25
2014.08.05 06:06:25.900,1.37583,1.37591,2.63,2.25
2014.08.05 06:06:26.510,1.37583,1.37591,3.38,2.25
2014.08.05 06:06:27.022,1.37583,1.37591,2.63,2.25
2014.08.05 06:06:27.687,1.37583,1.3759,2.25,1.00
2014.08.05 06:06:28.255,1.37583,1.3759,3.00,1.00
2014.08.05 06:06:28.782,1.37583,1.37591,3.00,2.63
2014.08.05 06:06:29.644,1.37583,1.3759,1.50,1.00
2014.08.05 06:06:29.947,1.37581,1.37588,1.20,1.88
2014.08.05 06:06:30.469,1.37582,1.37588,1.13,1.20
2014.08.05 06:06:31.003,1.37582,1.37589,1.58,3.00
2014.08.05 06:06:31.543,1.37582,1.37589,1.38,1.50
2014.08.05 06:06:32.053,1.37582,1.37589,1.32,1.50
2014.08.05 06:06:32.712,1.37582,1.37588,1.13,1.00
2014.08.05 06:06:33.015,1.37583,1.37585,1.50,1.35
2014.08.05 06:06:33.066,1.37583,1.37589,1.88,2.40
2014.08.05 06:06:33.672,1.37583,1.37591,4.13,3.38
2014.08.05 06:06:35.217,1.37583,1.37591,4.69,3.38
2014.08.05 06:06:35.728,1.37583,1.37589,1.50,1.38
2014.08.05 06:06:35.879,1.37581,1.37588,2.63,1.88
2014.08.05 06:06:39.109,1.37581,1.37587,1.50,1.88
2014.08.05 06:06:40.714,1.3758,1.37586,1.00,1.00
2014.08.05 06:06:40.883,1.3758,1.37588,1.00,5.25
2014.08.05 06:06:42.039,1.37581,1.37588,1.00,3.00
2014.08.05 06:06:48.198,1.37582,1.37588,1.00,1.50
2014.08.05 06:06:48.962,1.37581,1.37588,2.25,1.50
2014.08.05 06:06:49.718,1.37581,1.37587,1.50,1.50
2014.08.05 06:06:52.931,1.37583,1.37587,1.00,1.00
2014.08.05 06:06:53.437,1.37584,1.3759,1.50,1.00
2014.08.05 06:07:00.601,1.37584,1.37588,2.25,1.00
2014.08.05 06:07:01.126,1.37583,1.37588,1.50,1.00
2014.08.05 06:07:01.847,1.37583,1.37587,1.50,1.00
2014.08.05 06:07:02.374,1.37583,1.37588,1.50,2.25
2014.08.05 06:07:02.831,1.37582,1.37586,1.50,1.00
2014.08.05 06:07:02.933,1.3758,1.37587,1.88,2.25
2014.08.05 06:07:03.875,1.3758,1.37586,1.50,1.00
2014.08.05 06:07:04.395,1.37579,1.37585,1.95,1.50
2014.08.05 06:07:06.344,1.37579,1.37586,4.95,1.50
2014.08.05 06:07:06.848,1.37581,1.37586,2.25,1.00
2014.08.05 06:07:08.530,1.37581,1.37587,2.25,1.00
2014.08.05 06:07:09.717,1.37581,1.37589,2.25,4.50
2014.08.05 06:07:10.832,1.37581,1.37587,2.33,1.00
2014.08.05 06:07:13.785,1.37581,1.37586,1.95,1.00
2014.08.05 06:07:15.718,1.3758,1.37586,4.88,1.00
2014.08.05 06:07:16.885,1.3758,1.37587,4.88,1.00
2014.08.05 06:07:17.821,1.37579,1.37587,4.95,1.00
2014.08.05 06:07:18.369,1.3758,1.37587,1.00,1.00
2014.08.05 06:07:21.794,1.3758,1.37587,4.95,1.00
2014.08.05 06:07:22.432,1.37581,1.37587,1.88,1.00
2014.08.05 06:07:22.960,1.37582,1.37588,3.75,1.00
2014.08.05 06:07:25.219,1.37582,1.37587,1.50,1.00
2014.08.05 06:07:25.737,1.37581,1.37587,1.50,1.50
2014.08.05 06:07:28.993,1.3758,1.37587,3.38,1.13
2014.08.05 06:07:30.660,1.37579,1.37587,4.20,1.13
2014.08.05 06:07:31.203,1.3758,1.37587,1.00,1.13
2014.08.05 06:07:31.714,1.37579,1.37587,4.95,1.00
2014.08.05 06:07:32.224,1.3758,1.37587,2.25,1.00
2014.08.05 06:07:33.439,1.37581,1.37587,1.00,1.00
2014.08.05 06:07:43.268,1.37581,1.37587,5.50,1.00
2014.08.05 06:07:43.935,1.37581,1.37588,6.38,1.00
2014.08.05 06:07:44.439,1.37581,1.37589,9.83,1.00
2014.08.05 06:07:47.361,1.37582,1.37588,3.00,1.00
2014.08.05 06:07:49.595,1.37582,1.37587,1.50,1.00
2014.08.05 06:07:50.155,1.37582,1.37584,1.00,1.00
2014.08.05 06:07:50.357,1.3758,1.37584,1.50,1.00
2014.08.05 06:07:50.458,1.3758,1.37587,1.00,1.88
2014.08.05 06:07:51.797,1.3758,1.37587,1.50,1.50
2014.08.05 06:07:51.898,1.37582,1.37587,1.00,1.50
2014.08.05 06:07:52.402,1.37582,1.37588,1.50,1.20
2014.08.05 06:07:54.924,1.37583,1.37588,1.00,1.65
2014.08.05 06:07:59.648,1.37582,1.37588,1.00,1.65
2014.08.05 06:08:00.153,1.37582,1.37587,1.00,1.30
2014.08.05 06:08:00.657,1.37582,1.37588,1.00,1.00
2014.08.05 06:08:01.163,1.37582,1.37589,1.50,1.88
2014.08.05 06:08:01.668,1.37582,1.37588,1.50,1.00
2014.08.05 06:08:02.125,1.3758,1.37587,3.00,1.88
2014.08.05 06:08:02.646,1.3758,1.37587,4.50,1.88
2014.08.05 06:08:03.521,1.37581,1.37588,1.95,1.13
2014.08.05 06:08:04.236,1.37581,1.37587,1.95,1.00
2014.08.05 06:08:04.438,1.3758,1.37584,7.13,1.00
2014.08.05 06:08:04.539,1.3758,1.37586,2.25,2.07
2014.08.05 06:08:05.144,1.37579,1.37586,4.20,1.25
2014.08.05 06:08:05.677,1.3758,1.37586,1.00,2.82
2014.08.05 06:08:06.938,1.3758,1.37587,2.33,1.00
2014.08.05 06:08:07.499,1.3758,1.37587,3.00,2.44
2014.08.05 06:08:08.003,1.3758,1.37586,1.00,1.22
2014.08.05 06:08:13.491,1.37579,1.37586,7.13,1.69
2014.08.05 06:08:14.011,1.3758,1.37586,1.00,2.44
2014.08.05 06:08:14.420,1.37577,1.37584,3.75,1.47
2014.08.05 06:08:15.235,1.37577,1.37583,2.25,1.50
2014.08.05 06:08:17.064,1.37576,1.37583,3.00,1.50
2014.08.05 06:08:17.638,1.37577,1.37583,1.00,1.50
2014.08.05 06:08:18.173,1.37576,1.37582,3.00,1.13
2014.08.05 06:08:18.677,1.37576,1.37581,2.25,1.00
2014.08.05 06:08:19.182,1.37576,1.3758,1.50,1.00
2014.08.05 06:08:22.472,1.37576,1.37582,1.95,5.63
2014.08.05 06:08:22.994,1.37576,1.37581,1.95,1.38
2014.08.05 06:08:28.513,1.37576,1.37581,1.50,1.88
2014.08.05 06:08:29.028,1.37576,1.37582,1.95,4.97
2014.08.05 06:08:32.151,1.37576,1.37582,1.95,4.97
2014.08.05 06:08:33.892,1.37576,1.37581,2.70,1.00
2014.08.05 06:08:33.943,1.37578,1.37582,1.00,2.25
2014.08.05 06:08:35.949,1.37578,1.37582,1.00,1.38
2014.08.05 06:08:36.100,1.37576,1.37582,2.70,1.88
2014.08.05 06:08:36.875,1.37576,1.37582,1.95,4.22
2014.08.05 06:08:38.410,1.37576,1.37581,1.95,2.72
2014.08.05 06:08:38.918,1.37576,1.37581,1.95,1.97
2014.08.05 06:08:41.677,1.37576,1.37581,1.95,1.97
2014.08.05 06:08:43.024,1.37576,1.37581,1.95,1.97
2014.08.05 06:08:43.542,1.37578,1.37581,1.00,1.13
2014.08.05 06:08:45.248,1.37577,1.37581,1.00,1.13
2014.08.05 06:08:45.757,1.37576,1.37581,1.95,1.13
2014.08.05 06:08:50.673,1.37576,1.37581,2.70,1.38
2014.08.05 06:08:52.158,1.37576,1.37581,2.70,1.88
2014.08.05 06:08:52.512,1.37579,1.37582,1.00,1.00
2014.08.05 06:08:52.562,1.37579,1.37585,1.00,3.00
2014.08.05 06:08:53.067,1.37577,1.37584,3.75,1.00
2014.08.05 06:08:53.582,1.37577,1.37583,1.50,1.00
2014.08.05 06:08:54.943,1.37578,1.37584,1.00,1.88
2014.08.05 06:08:55.195,1.37578,1.37586,4.95,1.60
2014.08.05 06:08:55.718,1.37579,1.37586,1.95,1.13
2014.08.05 06:08:58.235,1.37578,1.37586,7.50,1.50
2014.08.05 06:09:00.510,1.37578,1.37585,1.50,1.95
2014.08.05 06:09:02.551,1.37578,1.37586,1.00,3.55
2014.08.05 06:09:08.694,1.3758,1.37587,1.00,3.47
2014.08.05 06:09:16.396,1.37581,1.37587,1.00,1.22
2014.08.05 06:09:17.307,1.37582,1.37588,1.00,1.88
2014.08.05 06:09:19.941,1.37582,1.37588,1.20,1.13
2014.08.05 06:09:21.424,1.37583,1.37588,1.00,1.13
2014.08.05 06:09:23.682,1.37581,1.37588,1.95,1.88
2014.08.05 06:09:23.884,1.37579,1.37587,2.70,4.13
2014.08.05 06:09:24.338,1.37579,1.37584,1.20,1.38
2014.08.05 06:09:24.591,1.37576,1.37582,1.50,1.38
2014.08.05 06:09:27.721,1.37576,1.37581,1.50,1.88
2014.08.05 06:09:28.259,1.37576,1.37581,1.50,2.63
2014.08.05 06:09:29.943,1.37576,1.3758,1.50,1.50
2014.08.05 06:09:30.458,1.37576,1.37581,1.50,2.63
2014.08.05 06:09:35.057,1.37576,1.37582,2.70,1.13
2014.08.05 06:09:35.563,1.37576,1.37582,1.50,1.88
2014.08.05 06:09:36.902,1.37576,1.37582,1.50,1.13
2014.08.05 06:09:38.572,1.37576,1.37581,1.50,1.00
2014.08.05 06:09:39.076,1.37576,1.37582,1.50,1.88
2014.08.05 06:09:41.896,1.37576,1.37581,1.50,1.00
2014.08.05 06:09:42.299,1.37576,1.37579,1.50,1.00
2014.08.05 06:09:44.157,1.37576,1.3758,1.50,1.13
2014.08.05 06:09:46.552,1.37576,1.3758,2.25,2.63
2014.08.05 06:09:47.419,1.37576,1.37579,2.25,1.38
2014.08.05 06:09:50.327,1.37576,1.37579,1.00,1.13
2014.08.05 06:09:50.631,1.37572,1.37576,1.50,2.63
2014.08.05 06:09:50.682,1.3757,1.37576,1.50,2.63
2014.08.05 06:09:50.733,1.3757,1.37576,1.50,2.63
2014.08.05 06:09:51.248,1.3757,1.37575,1.65,1.00
2014.08.05 06:09:54.255,1.3757,1.37575,1.20,1.88
2014.08.05 06:09:59.994,1.37567,1.37574,1.13,1.50
2014.08.05 06:10:00.551,1.37567,1.37575,5.48,1.13
2014.08.05 06:10:01.476,1.37568,1.37575,1.20,1.13
2014.08.05 06:10:03.571,1.37569,1.37576,1.00,1.38
2014.08.05 06:10:06.744,1.37569,1.37576,1.50,1.88
2014.08.05 06:10:07.724,1.37569,1.37576,1.00,1.88
2014.08.05 06:10:09.641,1.37569,1.37574,1.50,1.00
2014.08.05 06:10:09.843,1.37569,1.37571,1.00,1.00
2014.08.05 06:10:10.045,1.37565,1.37572,1.00,2.25
2014.08.05 06:10:10.551,1.37565,1.37572,1.00,4.13
2014.08.05 06:10:11.561,1.37563,1.37572,2.25,4.88
2014.08.05 06:10:13.041,1.37564,1.37572,1.00,4.88
2014.08.05 06:10:13.143,1.37565,1.37572,3.00,2.25
2014.08.05 06:10:13.649,1.37566,1.37573,2.25,1.00
2014.08.05 06:10:14.160,1.37567,1.37575,1.00,2.63
2014.08.05 06:10:17.231,1.37568,1.37574,1.50,1.13
2014.08.05 06:10:18.422,1.37568,1.37574,2.25,1.38
2014.08.05 06:10:18.927,1.37567,1.37574,1.50,1.38
2014.08.05 06:10:21.771,1.37566,1.37573,3.75,1.13
2014.08.05 06:10:22.996,1.37566,1.37573,1.65,2.63
2014.08.05 06:10:23.349,1.37564,1.37571,4.50,1.13
2014.08.05 06:10:28.976,1.37564,1.37569,1.50,1.00
2014.08.05 06:10:29.279,1.37562,1.37565,1.00,1.00
2014.08.05 06:10:29.330,1.37558,1.37564,3.45,1.00
2014.08.05 06:10:30.288,1.37557,1.37565,3.75,1.50
2014.08.05 06:10:30.836,1.37558,1.37566,2.25,1.88
2014.08.05 06:10:31.396,1.37559,1.37566,1.00,1.88
2014.08.05 06:10:35.755,1.3756,1.37566,1.38,1.50
2014.08.05 06:10:36.057,1.37568,1.37571,2.50,1.50
2014.08.05 06:10:36.108,1.3757,1.37573,1.00,1.00
2014.08.05 06:10:36.210,1.37571,1.37576,1.00,1.50
2014.08.05 06:10:36.916,1.37571,1.37575,1.00,1.00
2014.08.05 06:10:37.969,1.37569,1.37575,4.13,1.13
2014.08.05 06:10:38.481,1.37569,1.37574,1.20,1.00
2014.08.05 06:10:39.027,1.37569,1.37575,1.13,1.32
2014.08.05 06:10:40.986,1.37569,1.37575,1.20,2.82
2014.08.05 06:10:41.138,1.37567,1.37571,1.50,1.13
2014.08.05 06:10:41.706,1.37566,1.37571,1.00,1.13
2014.08.05 06:10:42.537,1.37565,1.37572,2.33,1.13
2014.08.05 06:10:42.587,1.37565,1.37573,2.33,4.60
2014.08.05 06:10:43.129,1.37566,1.37573,1.38,3.47
2014.08.05 06:10:43.989,1.37566,1.37573,1.88,1.22
2014.08.05 06:10:46.228,1.37566,1.37573,3.15,1.00
2014.08.05 06:10:46.742,1.37568,1.37573,1.00,1.50
2014.08.05 06:10:49.984,1.37568,1.37574,1.00,3.00
2014.08.05 06:10:50.609,1.37569,1.37574,1.13,1.00
2014.08.05 06:10:50.660,1.37569,1.37576,1.13,2.63
2014.08.05 06:10:51.163,1.37569,1.37576,1.88,1.00
2014.08.05 06:10:52.244,1.3757,1.37576,1.38,1.00
2014.08.05 06:10:52.752,1.3757,1.37577,1.38,1.13
2014.08.05 06:10:54.429,1.3757,1.37577,2.70,1.38
2014.08.05 06:10:54.933,1.3757,1.37576,2.78,1.13
2014.08.05 06:10:55.747,1.3757,1.37575,2.78,1.00
2014.08.05 06:10:58.128,1.3757,1.37576,1.65,1.00
2014.08.05 06:10:59.466,1.3757,1.37575,1.80,1.00
2014.08.05 06:10:59.931,1.37569,1.37573,3.15,1.00
2014.08.05 06:11:01.849,1.37569,1.37574,1.73,1.00
2014.08.05 06:11:02.759,1.37569,1.37576,2.03,1.88
2014.08.05 06:11:03.274,1.37571,1.37575,1.00,1.00
2014.08.05 06:11:03.783,1.37571,1.37576,1.13,1.00
2014.08.05 06:11:04.298,1.37572,1.37576,1.00,1.00
2014.08.05 06:11:09.009,1.37572,1.37578,1.00,1.88
2014.08.05 06:11:19.600,1.37572,1.37578,2.25,1.38
2014.08.05 06:11:23.404,1.37572,1.37579,1.50,2.63
2014.08.05 06:11:24.343,1.37572,1.37577,1.50,1.00
2014.08.05 06:11:24.548,1.37572,1.37579,1.50,2.63
2014.08.05 06:11:25.061,1.37573,1.37579,1.50,1.88
2014.08.05 06:11:27.270,1.37574,1.37579,1.00,2.63
2014.08.05 06:11:27.371,1.37576,1.37579,1.50,1.50
2014.08.05 06:11:27.624,1.37576,1.37581,2.25,1.13
2014.08.05 06:11:27.826,1.37578,1.37582,1.00,1.00
2014.08.05 06:11:28.180,1.37579,1.37584,1.50,1.13
2014.08.05 06:11:28.890,1.3758,1.37584,1.00,1.00
2014.08.05 06:11:29.693,1.3758,1.37585,1.00,1.00
2014.08.05 06:11:29.996,1.37579,1.37584,1.00,1.88
2014.08.05 06:11:30.097,1.37577,1.37583,1.50,2.63
2014.08.05 06:11:30.959,1.37577,1.37583,1.50,1.13
2014.08.05 06:11:31.502,1.37577,1.37583,1.50,1.38
2014.08.05 06:11:32.163,1.37577,1.37583,1.50,1.13
2014.08.05 06:11:32.759,1.37577,1.37584,1.50,1.88
2014.08.05 06:11:32.810,1.37579,1.37584,1.88,1.50
2014.08.05 06:11:33.112,1.37582,1.37586,2.25,1.00
2014.08.05 06:11:33.163,1.37582,1.37588,2.63,2.25
2014.08.05 06:11:33.214,1.37584,1.37588,1.50,1.50
2014.08.05 06:11:33.617,1.37586,1.37589,1.50,1.00
2014.08.05 06:11:33.769,1.37586,1.37591,1.50,2.63
2014.08.05 06:11:34.275,1.37586,1.3759,1.50,3.00
2014.08.05 06:11:36.728,1.37587,1.3759,1.00,1.00
2014.08.05 06:11:37.340,1.37586,1.3759,1.50,1.00
2014.08.05 06:11:37.953,1.37586,1.37591,1.50,1.88
2014.08.05 06:11:38.671,1.37586,1.37591,1.50,2.63
2014.08.05 06:11:38.823,1.37585,1.37588,1.00,1.38
2014.08.05 06:11:39.336,1.37585,1.37588,1.00,1.88
2014.08.05 06:11:40.607,1.37585,1.37587,1.00,1.00
2014.08.05 06:11:41.326,1.37581,1.37587,2.25,1.00
2014.08.05 06:11:42.443,1.3758,1.37587,3.38,1.00
2014.08.05 06:11:42.947,1.3758,1.37586,3.38,1.00
2014.08.05 06:11:48.966,1.3758,1.37587,1.13,1.00
2014.08.05 06:11:49.535,1.3758,1.37586,1.13,1.00
2014.08.05 06:11:56.245,1.37579,1.37586,3.83,1.00
2014.08.05 06:11:56.797,1.37579,1.37585,2.33,1.00
2014.08.05 06:11:58.239,1.37579,1.37585,1.58,1.00
2014.08.05 06:11:58.753,1.37579,1.37586,1.58,1.00
2014.08.05 06:11:59.269,1.37579,1.37586,1.10,1.00
2014.08.05 06:12:06.651,1.37578,1.37586,1.83,1.00
2014.08.05 06:12:06.856,1.3758,1.37587,1.38,3.00
2014.08.05 06:12:07.109,1.37584,1.37591,3.75,1.00
2014.08.05 06:12:07.564,1.37584,1.37589,1.00,1.00
2014.08.05 06:12:07.867,1.37582,1.37587,1.00,1.50
2014.08.05 06:12:08.170,1.37582,1.37585,1.00,1.00
2014.08.05 06:12:08.718,1.37582,1.37584,1.00,1.00
2014.08.05 06:12:08.869,1.37582,1.37586,1.00,1.00
2014.08.05 06:12:11.291,1.37582,1.37584,1.00,1.00
2014.08.05 06:12:11.597,1.3758,1.37582,1.00,1.00
2014.08.05 06:12:12.336,1.37577,1.37582,1.50,1.00
2014.08.05 06:12:14.924,1.37577,1.37584,1.88,1.50
2014.08.05 06:12:15.465,1.37577,1.37584,3.00,1.00
2014.08.05 06:12:16.899,1.37578,1.37585,2.55,1.00
2014.08.05 06:12:17.468,1.3758,1.37586,1.05,1.13
2014.08.05 06:12:19.664,1.3758,1.37585,1.00,1.00
2014.08.05 06:12:23.486,1.3758,1.37584,1.00,1.00
2014.08.05 06:12:23.990,1.37578,1.37584,3.45,1.00
2014.08.05 06:12:25.930,1.37578,1.37585,3.30,1.50
2014.08.05 06:12:33.030,1.37579,1.37585,1.00,1.50
2014.08.05 06:12:34.368,1.37579,1.37584,1.00,1.00
2014.08.05 06:12:35.993,1.37578,1.37584,3.75,1.00
2014.08.05 06:12:44.609,1.37578,1.37583,3.00,1.00
2014.08.05 06:12:45.114,1.37577,1.37583,2.63,1.00
2014.08.05 06:12:46.982,1.37578,1.37583,1.00,1.00
2014.08.05 06:12:53.633,1.37578,1.37584,1.00,1.00
2014.08.05 06:12:54.710,1.37579,1.37584,1.00,1.00
2014.08.05 06:12:56.928,1.37579,1.37585,1.00,1.13
2014.08.05 06:13:01.022,1.37579,1.37586,3.38,2.63
2014.08.05 06:13:03.127,1.37579,1.37585,3.00,1.00
2014.08.05 06:13:05.412,1.37579,1.37586,1.50,3.75
2014.08.05 06:13:08.916,1.3758,1.37586,1.00,1.50
2014.08.05 06:13:09.424,1.3758,1.37587,1.13,2.25
2014.08.05 06:13:10.019,1.3758,1.37587,1.38,1.50
2014.08.05 06:13:13.739,1.3758,1.37587,1.88,1.50
2014.08.05 06:13:17.285,1.3758,1.37586,1.00,2.25
2014.08.05 06:13:17.799,1.37579,1.37586,1.13,2.25
2014.08.05 06:13:18.309,1.37578,1.37585,1.88,1.00
2014.08.05 06:13:19.877,1.37579,1.37586,1.13,2.63
2014.08.05 06:13:22.177,1.37578,1.37586,1.88,3.57
2014.08.05 06:13:27.147,1.37578,1.37586,1.88,4.50
2014.08.05 06:13:27.686,1.37578,1.37584,1.88,1.50
2014.08.05 06:13:28.885,1.37578,1.37584,1.38,1.00
2014.08.05 06:13:29.440,1.37578,1.37585,2.33,2.25
2014.08.05 06:13:29.592,1.3758,1.37585,1.00,1.50
2014.08.05 06:13:30.539,1.37577,1.37585,4.88,2.25
2014.08.05 06:13:33.523,1.37578,1.37585,1.00,2.63
2014.08.05 06:13:34.052,1.37578,1.37584,1.00,1.13
2014.08.05 06:13:34.557,1.37578,1.37583,1.00,1.00
2014.08.05 06:13:35.501,1.37576,1.37583,1.13,1.00
2014.08.05 06:13:39.967,1.37576,1.37584,1.13,4.13
2014.08.05 06:13:40.933,1.37575,1.37582,1.58,1.00
2014.08.05 06:13:41.463,1.37575,1.37582,1.58,1.00
2014.08.05 06:13:43.384,1.37575,1.37584,3.08,1.88
2014.08.05 06:13:44.034,1.37575,1.37582,1.58,1.00
2014.08.05 06:13:45.869,1.37576,1.37584,1.13,1.00
2014.08.05 06:13:46.388,1.37576,1.37585,3.83,3.00
2014.08.05 06:13:47.055,1.37576,1.37581,2.33,1.00
2014.08.05 06:13:47.257,1.37574,1.37581,2.63,2.63
2014.08.05 06:13:47.458,1.37572,1.37579,1.88,1.13
2014.08.05 06:13:48.338,1.37572,1.37579,1.88,1.13
2014.08.05 06:13:48.704,1.37574,1.37579,3.08,1.00
2014.08.05 06:13:49.217,1.37574,1.37579,2.33,1.00
2014.08.05 06:13:49.369,1.37574,1.37582,1.95,4.13
2014.08.05 06:13:49.890,1.37574,1.37581,1.20,1.00
2014.08.05 06:13:50.716,1.37574,1.37582,1.20,4.88
2014.08.05 06:13:51.565,1.37574,1.3758,1.20,1.00
2014.08.05 06:13:51.896,1.37571,1.37576,1.00,1.13
2014.08.05 06:13:52.199,1.3757,1.37574,1.00,1.00
2014.08.05 06:13:52.618,1.37572,1.37574,1.00,1.00
2014.08.05 06:13:52.871,1.37572,1.37578,1.00,1.50
2014.08.05 06:13:53.023,1.3757,1.37578,3.30,1.50
2014.08.05 06:13:53.225,1.37571,1.37578,1.00,3.38
2014.08.05 06:13:54.629,1.37572,1.37577,1.00,1.88
2014.08.05 06:13:58.356,1.37572,1.37577,1.20,1.88
2014.08.05 06:13:58.860,1.37572,1.37577,1.20,1.38
2014.08.05 06:14:00.965,1.37572,1.37577,1.20,1.13
2014.08.05 06:14:01.942,1.37572,1.37577,1.20,1.38
2014.08.05 06:14:02.456,1.37572,1.37577,1.20,1.13
2014.08.05 06:14:02.962,1.3757,1.37578,2.33,1.88
2014.08.05 06:14:07.551,1.37572,1.37578,1.20,1.88
2014.08.05 06:14:07.854,1.37572,1.37578,1.20,4.13
2014.08.05 06:14:07.904,1.3757,1.37576,1.13,1.38
2014.08.05 06:14:08.106,1.37568,1.37575,1.95,1.13
2014.08.05 06:14:08.207,1.37568,1.37574,1.20,1.88
2014.08.05 06:14:08.509,1.37564,1.3757,1.95,1.13
2014.08.05 06:14:09.013,1.37564,1.3757,1.45,1.38
2014.08.05 06:14:09.674,1.37564,1.3757,1.45,1.00
2014.08.05 06:14:13.883,1.37564,1.37571,1.45,1.88
2014.08.05 06:14:28.887,1.37566,1.37572,1.10,1.00
2014.08.05 06:14:29.803,1.37565,1.37572,4.58,1.00
2014.08.05 06:14:31.481,1.37565,1.37572,4.58,1.00
2014.08.05 06:14:32.805,1.37565,1.37572,6.08,1.00
2014.08.05 06:14:33.984,1.37566,1.37572,1.20,1.00
2014.08.05 06:14:34.491,1.37566,1.37571,1.10,1.88
2014.08.05 06:14:38.995,1.37567,1.37571,1.00,1.13
2014.08.05 06:14:39.298,1.37569,1.37576,1.88,1.50
2014.08.05 06:14:39.803,1.37571,1.37577,1.88,1.50
2014.08.05 06:14:40.314,1.37571,1.37578,2.25,1.50
2014.08.05 06:14:40.851,1.37571,1.37578,2.63,1.00
2014.08.05 06:14:41.522,1.37571,1.37578,2.63,1.00
2014.08.05 06:14:46.271,1.37571,1.37577,2.63,1.00
2014.08.05 06:14:48.564,1.37571,1.37578,2.63,1.00
2014.08.05 06:14:48.776,1.37571,1.37576,2.63,1.00
2014.08.05 06:14:55.793,1.37571,1.37577,2.63,1.50
2014.08.05 06:15:00.738,1.37571,1.37577,1.38,1.50
2014.08.05 06:15:01.257,1.37571,1.37577,1.13,1.00
2014.08.05 06:15:02.232,1.37571,1.37579,1.13,5.25
2014.08.05 06:15:05.110,1.37571,1.37579,1.88,2.25
2014.08.05 06:15:05.576,1.37571,1.37579,2.63,1.50
2014.08.05 06:15:06.102,1.37572,1.37579,1.88,1.50
2014.08.05 06:15:06.706,1.37574,1.3758,3.38,1.50
2014.08.05 06:15:07.226,1.37574,1.37581,4.88,1.00
2014.08.05 06:15:07.838,1.37577,1.37582,2.63,1.13
2014.08.05 06:15:08.091,1.3758,1.37587,1.88,5.82
2014.08.05 06:15:08.595,1.37581,1.37588,1.38,1.10
2014.08.05 06:15:09.137,1.37581,1.37588,1.13,1.22
2014.08.05 06:15:10.109,1.3758,1.37586,1.50,1.88
2014.08.05 06:15:10.615,1.37579,1.37586,1.20,2.63
2014.08.05 06:15:11.139,1.37579,1.37585,1.00,1.38
2014.08.05 06:15:11.855,1.37578,1.37586,1.00,2.63
2014.08.05 06:15:12.374,1.37578,1.37585,1.88,1.13
2014.08.05 06:15:15.563,1.37578,1.37587,3.08,4.88
2014.08.05 06:15:16.067,1.37579,1.37586,1.58,1.00
2014.08.05 06:15:16.117,1.37578,1.37586,3.83,1.38
2014.08.05 06:15:16.219,1.37577,1.37584,1.88,1.50
2014.08.05 06:15:16.723,1.37577,1.37585,1.13,2.63
2014.08.05 06:15:16.824,1.37579,1.37585,1.00,1.50
2014.08.05 06:15:17.379,1.37579,1.37587,1.00,1.13
2014.08.05 06:15:18.841,1.37579,1.37587,1.13,1.60
2014.08.05 06:15:19.782,1.3758,1.37587,1.00,1.60
2014.08.05 06:15:27.458,1.3758,1.37587,1.38,1.13
2014.08.05 06:15:27.760,1.37581,1.37588,3.38,1.41
2014.08.05 06:15:27.861,1.37581,1.37589,4.13,2.25
2014.08.05 06:15:28.520,1.37581,1.37589,4.88,1.00
2014.08.05 06:15:29.078,1.37582,1.37589,1.00,1.50
2014.08.05 06:15:29.129,1.37584,1.37589,1.00,1.13
2014.08.05 06:15:30.333,1.37584,1.37591,2.63,1.00
2014.08.05 06:15:30.852,1.37585,1.37591,1.00,1.00
2014.08.05 06:15:33.616,1.37585,1.37592,1.00,2.63
2014.08.05 06:15:42.098,1.37585,1.37592,1.38,1.50
2014.08.05 06:15:42.602,1.37587,1.37593,1.88,1.00
2014.08.05 06:15:51.547,1.37587,1.37592,2.25,1.13
2014.08.05 06:15:51.698,1.37585,1.37592,2.40,1.88
2014.08.05 06:15:52.203,1.37584,1.37592,1.50,3.38
2014.08.05 06:15:54.044,1.37586,1.37592,1.00,1.88
2014.08.05 06:15:54.346,1.37587,1.37594,1.88,1.50
2014.08.05 06:15:54.498,1.37587,1.37596,2.63,2.63
2014.08.05 06:16:07.321,1.3759,1.37596,1.50,1.00
2014.08.05 06:16:07.831,1.3759,1.37597,1.50,1.88
2014.08.05 06:16:09.530,1.3759,1.37596,1.50,1.00
2014.08.05 06:16:11.404,1.37589,1.37596,2.63,1.00
2014.08.05 06:16:16.600,1.37589,1.37595,2.63,1.00
2014.08.05 06:16:17.105,1.37589,1.37596,1.13,1.50
2014.08.05 06:16:17.608,1.37588,1.37596,1.88,1.80
2014.08.05 06:16:18.410,1.37588,1.37595,1.88,1.00
2014.08.05 06:16:19.708,1.37588,1.37594,1.88,1.00
2014.08.05 06:16:22.005,1.37588,1.37595,1.13,3.15
2014.08.05 06:16:23.137,1.37588,1.37594,2.25,1.00
2014.08.05 06:16:34.327,1.37588,1.37594,2.25,2.78
2014.08.05 06:16:34.683,1.37589,1.37595,1.13,1.50
2014.08.05 06:16:35.188,1.37589,1.37596,1.13,1.88
2014.08.05 06:16:37.244,1.3759,1.37596,1.00,1.88
2014.08.05 06:16:41.241,1.37589,1.37597,1.13,6.38
2014.08.05 06:16:41.409,1.37588,1.37595,2.25,1.88
2014.08.05 06:16:41.623,1.37588,1.37595,1.50,1.88
2014.08.05 06:16:42.161,1.37588,1.37594,1.50,1.00
2014.08.05 06:16:43.247,1.37588,1.37594,1.50,1.38
2014.08.05 06:16:49.998,1.37588,1.37595,1.50,1.88
2014.08.05 06:16:51.475,1.37588,1.37595,1.50,2.63
2014.08.05 06:16:53.722,1.37588,1.37595,1.50,2.63
2014.08.05 06:16:53.873,1.37586,1.37594,3.00,1.88
2014.08.05 06:16:53.975,1.37586,1.37592,1.50,1.00
2014.08.05 06:16:54.479,1.37585,1.37592,3.00,1.00
2014.08.05 06:16:56.185,1.37585,1.37593,3.00,1.50
2014.08.05 06:16:58.404,1.37585,1.37592,3.38,1.00
2014.08.05 06:16:58.912,1.37585,1.37593,4.13,1.88
2014.08.05 06:17:04.394,1.37585,1.37593,6.38,1.00
2014.08.05 06:17:19.616,1.37586,1.37594,2.63,1.88
2014.08.05 06:17:25.550,1.37586,1.37594,3.00,1.38
2014.08.05 06:17:32.092,1.37586,1.37594,2.63,1.13
2014.08.05 06:17:32.617,1.37587,1.37594,1.00,1.13
2014.08.05 06:17:34.642,1.37588,1.37594,1.00,1.13
2014.08.05 06:17:40.784,1.37588,1.37596,1.88,4.50
2014.08.05 06:17:41.302,1.37589,1.37596,1.13,3.00
2014.08.05 06:17:46.108,1.37589,1.37596,2.25,2.63
2014.08.05 06:17:46.462,1.37591,1.37598,1.50,3.38
2014.08.05 06:17:46.613,1.37594,1.37598,1.00,3.38
2014.08.05 06:17:47.490,1.37594,1.37596,1.50,1.00
2014.08.05 06:17:47.792,1.37593,1.37594,1.50,1.00
2014.08.05 06:17:47.843,1.37591,1.37594,1.50,1.00
2014.08.05 06:17:48.347,1.3759,1.37594,1.50,1.00
2014.08.05 06:17:49.691,1.37593,1.37594,1.00,1.00
2014.08.05 06:17:50.963,1.37593,1.37596,1.50,1.00
2014.08.05 06:17:51.485,1.37594,1.37596,1.50,1.00
2014.08.05 06:17:54.889,1.37593,1.37596,3.00,1.00
2014.08.05 06:17:55.394,1.37592,1.37596,1.50,1.00
2014.08.05 06:17:56.918,1.37592,1.37595,1.50,1.00
2014.08.05 06:17:57.437,1.3759,1.37595,3.10,1.00
2014.08.05 06:18:01.086,1.3759,1.37594,1.00,1.00
2014.08.05 06:18:07.162,1.3759,1.37595,1.00,1.00
2014.08.05 06:18:10.657,1.3759,1.37596,1.00,1.00
2014.08.05 06:18:11.173,1.3759,1.37595,1.00,1.00
2014.08.05 06:18:11.240,1.3759,1.37593,1.00,1.00
2014.08.05 06:18:11.889,1.37589,1.37593,1.50,1.00
2014.08.05 06:18:12.747,1.37588,1.37593,2.25,1.00
2014.08.05 06:18:14.203,1.37588,1.37592,1.50,1.00
2014.08.05 06:18:14.867,1.37589,1.37592,1.88,1.00
2014.08.05 06:18:15.069,1.3759,1.37594,1.50,1.20
2014.08.05 06:18:15.372,1.37592,1.37595,1.00,1.20
2014.08.05 06:18:19.691,1.3759,1.37595,5.63,1.20
2014.08.05 06:18:19.893,1.37592,1.37595,1.00,1.20
2014.08.05 06:18:22.103,1.3759,1.37595,5.25,1.20
2014.08.05 06:18:22.722,1.37591,1.37595,1.50,1.20
2014.08.05 06:18:23.898,1.37594,1.37595,1.00,1.20
2014.08.05 06:18:25.527,1.37594,1.37598,1.50,1.50
2014.08.05 06:18:25.830,1.37593,1.37595,1.50,1.20
2014.08.05 06:18:27.136,1.37592,1.37595,1.50,1.20
2014.08.05 06:18:32.143,1.37591,1.37595,1.50,1.20
2014.08.05 06:18:42.387,1.3759,1.37595,4.50,1.20
2014.08.05 06:19:12.853,1.3759,1.37596,1.00,1.69
2014.08.05 06:19:13.005,1.3759,1.37594,1.00,1.00
2014.08.05 06:19:13.056,1.37588,1.37594,2.25,1.00
2014.08.05 06:19:13.560,1.3759,1.37594,1.00,1.50
2014.08.05 06:19:13.872,1.3759,1.37594,1.00,1.88
2014.08.05 06:19:14.024,1.37586,1.37593,1.50,1.13
2014.08.05 06:19:14.533,1.37585,1.37592,3.00,4.13
2014.08.05 06:19:15.037,1.37586,1.37592,1.00,3.57
2014.08.05 06:19:15.574,1.37586,1.37593,3.00,3.00
2014.08.05 06:19:16.797,1.37587,1.37593,1.00,3.57
2014.08.05 06:19:18.071,1.37587,1.37593,1.50,1.69
2014.08.05 06:19:18.585,1.37588,1.37593,2.25,1.13
2014.08.05 06:19:19.097,1.37588,1.37595,2.25,4.69
2014.08.05 06:19:28.893,1.37587,1.37595,1.50,6.19
2014.08.05 06:19:29.658,1.37587,1.37595,1.88,5.82
2014.08.05 06:19:33.480,1.37587,1.37594,1.50,1.00
2014.08.05 06:19:34.267,1.37586,1.37594,3.38,1.50
2014.08.05 06:19:34.318,1.37586,1.37594,3.38,2.07
2014.08.05 06:19:34.621,1.37586,1.37594,3.38,2.82
2014.08.05 06:19:34.822,1.37586,1.37594,3.38,1.88
2014.08.05 06:19:35.527,1.37586,1.37594,3.38,2.82
2014.08.05 06:19:36.056,1.37586,1.37593,3.38,1.00
2014.08.05 06:19:37.807,1.37586,1.37593,3.38,1.38
2014.08.05 06:19:40.250,1.37586,1.37593,3.38,1.19
2014.08.05 06:19:41.729,1.37586,1.37593,3.38,1.50
2014.08.05 06:19:42.032,1.37585,1.37591,1.50,1.13
2014.08.05 06:19:42.551,1.37585,1.3759,1.00,2.63
2014.08.05 06:19:48.103,1.37585,1.3759,1.00,2.63
2014.08.05 06:19:50.173,1.37583,1.3759,1.20,3.75
2014.08.05 06:19:50.715,1.37583,1.3759,1.20,3.00
2014.08.05 06:20:01.854,1.37581,1.37587,1.58,1.00
2014.08.05 06:20:04.364,1.3758,1.37587,6.00,1.00
2014.08.05 06:20:06.236,1.3758,1.37587,1.88,1.00
2014.08.05 06:20:13.532,1.3758,1.37587,3.83,1.00
2014.08.05 06:20:14.630,1.37581,1.37587,1.88,1.00
2014.08.05 06:20:14.782,1.37583,1.37589,1.58,2.25
2014.08.05 06:20:15.412,1.37584,1.37589,1.38,1.00
2014.08.05 06:20:15.921,1.37584,1.37591,1.38,2.44
2014.08.05 06:20:17.098,1.37584,1.37591,1.13,1.32
2014.08.05 06:20:17.603,1.37583,1.3759,3.83,1.50
2014.08.05 06:20:18.153,1.37583,1.3759,3.83,1.13
2014.08.05 06:20:20.013,1.37583,1.3759,3.08,1.00
2014.08.05 06:20:20.598,1.37583,1.3759,3.83,1.00
2014.08.05 06:20:21.102,1.37581,1.37589,3.83,3.57
2014.08.05 06:20:21.607,1.37581,1.37589,2.63,4.13
2014.08.05 06:20:22.347,1.37581,1.37588,2.63,2.63
2014.08.05 06:20:22.860,1.37581,1.37587,1.88,1.00
2014.08.05 06:20:28.398,1.3758,1.37586,3.83,1.00
2014.08.05 06:20:31.824,1.37582,1.37586,1.00,1.00
2014.08.05 06:20:33.947,1.3758,1.37586,2.33,1.00
2014.08.05 06:20:34.458,1.3758,1.37587,1.58,1.50
2014.08.05 06:20:34.973,1.37582,1.37587,1.00,1.00
2014.08.05 06:20:36.865,1.37581,1.37587,1.88,1.50
2014.08.05 06:20:39.724,1.37581,1.37586,1.13,1.00
2014.08.05 06:20:40.313,1.37581,1.37585,1.13,1.00
2014.08.05 06:20:46.523,1.3758,1.37585,2.33,1.00
2014.08.05 06:20:54.016,1.37578,1.37585,3.38,3.00
2014.08.05 06:20:54.521,1.37578,1.37583,1.00,2.44
2014.08.05 06:20:54.824,1.37577,1.37579,1.00,3.75
2014.08.05 06:20:54.874,1.37573,1.37579,1.20,5.25
2014.08.05 06:20:55.076,1.37573,1.37577,1.20,1.50
2014.08.05 06:20:55.177,1.37573,1.3758,1.20,1.32
2014.08.05 06:20:55.530,1.37574,1.3758,1.38,1.00
2014.08.05 06:20:57.501,1.37574,1.3758,1.88,1.50
2014.08.05 06:21:00.497,1.37575,1.3758,1.13,1.50
2014.08.05 06:21:02.949,1.37575,1.3758,1.38,1.50
2014.08.05 06:21:03.971,1.37574,1.3758,1.88,1.50
2014.08.05 06:21:05.706,1.37574,1.3758,1.88,1.50
2014.08.05 06:21:13.203,1.37575,1.3758,1.38,1.00
2014.08.05 06:21:27.483,1.37575,1.3758,1.88,1.00
2014.08.05 06:21:27.987,1.37577,1.37584,4.13,1.50
2014.08.05 06:21:28.297,1.37578,1.37586,1.38,4.88
2014.08.05 06:21:30.974,1.37578,1.37585,1.38,1.00
2014.08.05 06:21:33.068,1.37578,1.37586,1.38,3.38
2014.08.05 06:21:33.576,1.37578,1.37586,1.38,2.35
2014.08.05 06:21:35.000,1.37578,1.37586,2.33,2.72
2014.08.05 06:21:39.348,1.37579,1.37585,1.88,1.00
2014.08.05 06:22:02.382,1.37579,1.37585,3.38,1.00
2014.08.05 06:22:06.480,1.3758,1.37587,1.13,4.22
2014.08.05 06:22:07.732,1.37579,1.37587,1.88,4.22
2014.08.05 06:22:09.365,1.37582,1.37588,1.00,2.35
2014.08.05 06:22:09.882,1.37581,1.37588,3.83,1.29
2014.08.05 06:22:10.396,1.37581,1.37589,3.83,4.04
2014.08.05 06:22:11.665,1.37583,1.37589,1.00,4.04
2014.08.05 06:22:11.918,1.37581,1.37588,2.33,1.29
2014.08.05 06:22:15.472,1.3758,1.37586,3.00,2.91
2014.08.05 06:22:15.623,1.37579,1.37582,1.13,1.00
2014.08.05 06:22:15.825,1.37574,1.37579,1.50,1.69
2014.08.05 06:22:15.971,1.37572,1.37578,1.00,1.00
2014.08.05 06:22:16.073,1.3757,1.37578,4.13,1.50
2014.08.05 06:22:16.174,1.3757,1.37577,1.50,2.16
2014.08.05 06:22:16.477,1.3757,1.37574,1.00,1.00
2014.08.05 06:22:16.983,1.37569,1.37574,1.00,1.00
2014.08.05 06:22:17.493,1.37568,1.37574,1.50,1.00
2014.08.05 06:22:18.933,1.37569,1.37575,1.00,1.88
2014.08.05 06:22:19.444,1.37568,1.37575,2.25,1.88
2014.08.05 06:22:22.778,1.37569,1.37575,1.00,2.63
2014.08.05 06:22:23.333,1.37568,1.37575,2.25,2.63
2014.08.05 06:22:23.636,1.3757,1.37575,1.00,1.13
2014.08.05 06:22:24.150,1.3757,1.37576,1.00,1.79
2014.08.05 06:22:24.458,1.37568,1.37576,7.28,1.22
2014.08.05 06:22:25.932,1.37568,1.37576,6.15,1.97
2014.08.05 06:22:25.983,1.37568,1.37575,4.50,2.72
2014.08.05 06:22:26.505,1.37567,1.37572,1.50,1.50
2014.08.05 06:22:27.988,1.37568,1.37572,1.13,1.50
2014.08.05 06:22:32.853,1.37568,1.37572,1.88,1.50
2014.08.05 06:22:33.106,1.3757,1.37575,1.00,2.16
2014.08.05 06:22:38.411,1.3757,1.37577,2.63,3.38
2014.08.05 06:22:38.920,1.3757,1.37577,2.63,1.13
2014.08.05 06:22:42.289,1.37571,1.37577,2.63,2.25
2014.08.05 06:22:42.490,1.37574,1.37577,1.00,1.50
2014.08.05 06:22:42.591,1.37574,1.37579,1.13,1.60
2014.08.05 06:22:43.096,1.37573,1.37578,1.00,1.00
2014.08.05 06:22:43.551,1.37571,1.37579,1.50,4.22
2014.08.05 06:22:44.056,1.37571,1.37577,1.00,3.47
2014.08.05 06:22:46.807,1.3757,1.37577,1.13,1.88
2014.08.05 06:22:48.545,1.37571,1.37577,1.00,1.60
2014.08.05 06:22:49.049,1.3757,1.37577,1.88,1.60
2014.08.05 06:22:52.929,1.3757,1.37577,2.63,1.97
2014.08.05 06:22:54.313,1.3757,1.37577,3.15,1.60
2014.08.05 06:23:00.970,1.37571,1.37577,1.50,1.22
2014.08.05 06:23:01.509,1.37571,1.37578,2.25,1.97
2014.08.05 06:23:02.215,1.37571,1.37578,2.63,2.72
2014.08.05 06:23:02.719,1.37573,1.37579,2.25,1.60
2014.08.05 06:23:05.242,1.37574,1.37579,1.00,1.10
2014.08.05 06:23:05.809,1.37575,1.37579,1.00,1.60
2014.08.05 06:23:05.910,1.37575,1.3758,1.00,1.60
2014.08.05 06:23:06.421,1.37576,1.37582,1.50,1.10
2014.08.05 06:23:06.780,1.37579,1.37582,1.13,1.60
2014.08.05 06:23:06.881,1.37581,1.37585,1.00,3.75
2014.08.05 06:23:07.033,1.37582,1.37587,1.00,2.25
2014.08.05 06:23:07.537,1.37582,1.37588,2.25,1.50
2014.08.05 06:23:12.625,1.37583,1.37588,1.00,2.25
2014.08.05 06:23:18.003,1.37583,1.37589,1.00,1.13
2014.08.05 06:23:21.951,1.37582,1.37589,3.00,1.13
2014.08.05 06:23:23.428,1.37582,1.37589,3.00,1.88
2014.08.05 06:23:24.084,1.37582,1.37589,2.25,1.88
2014.08.05 06:23:35.624,1.37583,1.37589,1.00,1.13
2014.08.05 06:23:35.978,1.37582,1.37587,1.00,1.88
2014.08.05 06:23:36.502,1.37581,1.37586,1.00,4.88
2014.08.05 06:23:36.817,1.37579,1.37586,1.00,4.88
2014.08.05 06:23:41.297,1.37579,1.37585,1.00,1.88
2014.08.05 06:23:42.705,1.37579,1.37585,1.88,1.50
2014.08.05 06:23:42.958,1.37582,1.37586,1.00,1.00
2014.08.05 06:23:43.412,1.37582,1.37589,1.00,2.63
2014.08.05 06:23:44.725,1.37582,1.37588,1.00,1.00
2014.08.05 06:23:52.333,1.37584,1.37588,1.00,1.00
2014.08.05 06:23:53.766,1.37584,1.37589,1.00,2.25
2014.08.05 06:23:58.687,1.37583,1.37589,2.25,2.25
2014.08.05 06:24:13.267,1.37583,1.37589,1.50,3.75
2014.08.05 06:24:14.402,1.37583,1.37589,1.50,2.63
2014.08.05 06:24:19.972,1.37583,1.37588,1.50,1.00
2014.08.05 06:24:22.079,1.37582,1.37588,1.00,1.00
2014.08.05 06:24:22.741,1.37581,1.37588,5.33,1.00
2014.08.05 06:24:23.447,1.37581,1.37588,5.33,1.00
2014.08.05 06:24:24.661,1.37581,1.37588,5.33,1.00
2014.08.05 06:24:25.593,1.37581,1.37588,5.33,1.00
2014.08.05 06:24:26.098,1.37581,1.37588,4.58,1.00
2014.08.05 06:24:26.645,1.37582,1.37588,1.00,1.00
2014.08.05 06:24:27.149,1.37581,1.37588,4.58,1.00
2014.08.05 06:24:27.671,1.37582,1.37588,1.00,1.00
2014.08.05 06:24:28.182,1.37581,1.37588,4.58,1.00
2014.08.05 06:24:28.702,1.37582,1.37588,1.00,1.00
2014.08.05 06:24:29.210,1.37581,1.37588,4.58,1.00
2014.08.05 06:24:30.389,1.37582,1.37588,1.00,1.00
2014.08.05 06:24:35.328,1.37581,1.37588,4.58,1.00
2014.08.05 06:24:36.411,1.37581,1.37587,3.45,1.00
2014.08.05 06:24:36.715,1.37578,1.37584,2.70,1.88
2014.08.05 06:24:37.018,1.37576,1.37581,1.95,1.00
2014.08.05 06:24:37.565,1.37575,1.3758,3.08,1.00
2014.08.05 06:24:38.394,1.37575,1.3758,2.70,1.38
2014.08.05 06:24:38.596,1.37573,1.37579,3.00,1.50
2014.08.05 06:24:39.101,1.37572,1.37577,1.20,1.00
2014.08.05 06:24:42.035,1.37571,1.37576,1.45,1.00
2014.08.05 06:24:43.370,1.37571,1.37577,1.45,1.00
2014.08.05 06:24:43.571,1.3757,1.37577,1.00,1.38
2014.08.05 06:24:44.077,1.37569,1.37577,1.50,3.38
2014.08.05 06:24:47.523,1.37569,1.37576,1.95,1.13
2014.08.05 06:24:50.509,1.37569,1.37575,1.95,1.00
2014.08.05 06:24:55.299,1.37568,1.37575,1.88,1.13
2014.08.05 06:24:56.426,1.37568,1.37574,1.50,1.00
2014.08.05 06:24:59.536,1.37568,1.37575,3.38,1.00
2014.08.05 06:25:00.074,1.37569,1.37575,1.00,1.00
2014.08.05 06:25:02.929,1.3757,1.37575,1.00,1.00
2014.08.05 06:25:03.433,1.37569,1.37575,1.00,1.00
2014.08.05 06:25:03.744,1.37571,1.37575,1.00,1.00
2014.08.05 06:25:05.118,1.37571,1.37576,1.00,3.75
2014.08.05 06:25:05.623,1.3757,1.37576,1.00,4.13
2014.08.05 06:25:07.814,1.3757,1.37575,1.00,1.00
2014.08.05 06:25:34.307,1.3757,1.37574,1.00,1.00
2014.08.05 06:25:37.267,1.3757,1.37575,1.00,1.50
2014.08.05 06:25:38.128,1.37569,1.37575,1.95,1.50
2014.08.05 06:25:39.722,1.37569,1.37574,1.20,1.00
2014.08.05 06:25:40.242,1.37569,1.37573,1.20,1.50
2014.08.05 06:25:45.184,1.3757,1.37573,1.00,1.50
2014.08.05 06:25:47.595,1.3757,1.37574,1.00,2.25
2014.08.05 06:25:48.053,1.37572,1.37574,1.00,1.50
2014.08.05 06:25:48.356,1.37575,1.37579,1.00,1.88
2014.08.05 06:25:48.875,1.37574,1.3758,2.70,1.88
2014.08.05 06:25:49.026,1.37574,1.3758,2.70,1.50
2014.08.05 06:25:49.554,1.37573,1.3758,5.33,2.25
2014.08.05 06:25:50.325,1.37573,1.3758,4.58,2.25
2014.08.05 06:25:51.154,1.37575,1.3758,1.00,2.25
2014.08.05 06:25:52.118,1.37575,1.37579,1.00,1.00
2014.08.05 06:25:52.269,1.37573,1.37579,3.45,1.00
2014.08.05 06:25:55.077,1.37573,1.3758,3.45,3.00
2014.08.05 06:25:55.533,1.37575,1.3758,1.00,3.00
2014.08.05 06:26:04.435,1.37576,1.3758,1.00,2.25
2014.08.05 06:26:04.536,1.37573,1.37578,2.70,1.00
2014.08.05 06:26:05.044,1.37571,1.37577,1.45,3.00
2014.08.05 06:26:05.619,1.3757,1.37576,1.95,1.00
2014.08.05 06:26:09.341,1.3757,1.37576,1.50,1.00
2014.08.05 06:26:09.853,1.3757,1.37575,1.50,1.00
2014.08.05 06:26:10.264,1.37573,1.37575,1.00,1.00
2014.08.05 06:26:10.365,1.37571,1.37575,1.00,1.00
2014.08.05 06:26:11.030,1.37573,1.37575,1.00,1.00
2014.08.05 06:26:11.282,1.37571,1.37575,1.00,1.00
2014.08.05 06:26:12.890,1.37572,1.37575,1.00,1.50
2014.08.05 06:26:13.437,1.37571,1.37575,1.00,1.50
2014.08.05 06:26:14.207,1.3757,1.37575,1.50,1.00
2014.08.05 06:26:17.737,1.37571,1.37575,1.00,1.50
2014.08.05 06:26:18.240,1.3757,1.37575,1.50,1.50
2014.08.05 06:26:19.931,1.37571,1.37575,1.00,1.50
2014.08.05 06:26:20.595,1.3757,1.37575,1.50,1.13
2014.08.05 06:26:25.582,1.37571,1.37575,1.00,1.13
2014.08.05 06:26:27.656,1.3757,1.37575,1.50,1.13
2014.08.05 06:26:29.209,1.37571,1.37575,1.00,1.00
2014.08.05 06:26:30.713,1.3757,1.37575,1.50,1.00
2014.08.05 06:26:33.518,1.37569,1.37575,1.95,1.13
2014.08.05 06:26:34.021,1.3757,1.37575,1.00,1.13
2014.08.05 06:26:34.579,1.37569,1.37575,1.20,1.13
2014.08.05 06:26:35.812,1.3757,1.37575,1.00,1.00
2014.08.05 06:26:52.310,1.37571,1.37575,1.00,1.00
2014.08.05 06:26:52.822,1.3757,1.37575,1.88,1.00
2014.08.05 06:26:55.287,1.37571,1.37575,1.00,1.00
2014.08.05 06:26:55.798,1.3757,1.37575,1.13,1.00
2014.08.05 06:26:57.891,1.37572,1.37575,1.00,1.00
2014.08.05 06:27:00.099,1.37571,1.37575,1.00,1.00
2014.08.05 06:27:00.250,1.37571,1.37577,1.00,2.25
2014.08.05 06:27:02.167,1.3757,1.37577,2.63,1.00
2014.08.05 06:27:02.588,1.3757,1.37577,1.13,2.35
2014.08.05 06:27:04.765,1.37572,1.37577,1.50,1.10
2014.08.05 06:27:04.868,1.37573,1.37578,3.00,1.13
2014.08.05 06:27:04.969,1.37574,1.3758,1.00,4.69
2014.08.05 06:27:05.171,1.37576,1.3758,1.00,1.69
2014.08.05 06:27:05.722,1.37575,1.37582,6.00,1.69
2014.08.05 06:27:06.351,1.37576,1.37582,1.00,1.69
2014.08.05 06:27:06.974,1.37577,1.37582,1.00,1.69
2014.08.05 06:27:10.235,1.37577,1.37582,2.25,1.50
2014.08.05 06:27:10.337,1.37577,1.37582,2.25,1.69
2014.08.05 06:27:10.539,1.37577,1.37582,1.00,1.50
2014.08.05 06:27:11.082,1.37576,1.37582,4.20,1.60
2014.08.05 06:27:13.412,1.37577,1.37582,1.00,1.60
2014.08.05 06:27:20.311,1.37577,1.37582,3.45,1.50
2014.08.05 06:27:21.877,1.3758,1.37582,1.00,1.50
2014.08.05 06:27:22.342,1.37578,1.37582,4.88,1.00
2014.08.05 06:27:22.443,1.37581,1.37582,1.00,1.00
2014.08.05 06:27:22.847,1.37578,1.37582,4.88,1.00
2014.08.05 06:27:23.393,1.37578,1.37582,1.58,1.00
2014.08.05 06:27:24.746,1.37581,1.37582,1.00,1.00
2014.08.05 06:27:25.170,1.37578,1.37582,1.58,1.00
2014.08.05 06:27:26.340,1.37577,1.37582,3.68,1.00
2014.08.05 06:27:29.254,1.37578,1.37582,1.20,1.50
2014.08.05 06:27:29.763,1.37579,1.37582,1.00,1.50
2014.08.05 06:27:29.964,1.37576,1.37581,1.13,4.28
2014.08.05 06:27:30.015,1.37576,1.37579,1.88,1.00
2014.08.05 06:27:30.167,1.37574,1.37577,1.95,1.00
2014.08.05 06:27:30.268,1.37572,1.37577,1.10,1.50
2014.08.05 06:27:30.319,1.37571,1.37575,2.33,1.00
2014.08.05 06:27:30.622,1.37574,1.37575,1.00,1.00
2014.08.05 06:27:32.623,1.37574,1.37577,1.00,4.50
2014.08.05 06:27:33.640,1.37573,1.37577,1.00,2.25
2014.08.05 06:27:33.943,1.37575,1.37579,1.13,1.88
2014.08.05 06:27:34.844,1.37576,1.37579,1.00,1.88
2014.08.05 06:27:35.248,1.37575,1.37581,1.00,7.05
2014.08.05 06:27:35.751,1.37576,1.37581,1.00,6.30
2014.08.05 06:27:37.508,1.37575,1.37581,1.00,6.30
2014.08.05 06:27:38.396,1.37576,1.37581,1.00,4.05
2014.08.05 06:27:39.086,1.37577,1.37581,1.00,3.30
2014.08.05 06:27:40.290,1.37578,1.37581,1.50,1.80
2014.08.05 06:27:40.450,1.37579,1.37583,1.50,1.00
2014.08.05 06:27:40.855,1.3758,1.37585,1.50,3.00
2014.08.05 06:27:40.956,1.37582,1.37583,1.00,1.00
2014.08.05 06:27:41.158,1.37582,1.37585,1.00,1.50
2014.08.05 06:27:41.462,1.37583,1.37588,1.50,1.50
2014.08.05 06:27:42.129,1.37582,1.37585,1.00,1.50
2014.08.05 06:27:42.431,1.37581,1.37583,3.45,1.50
2014.08.05 06:27:43.117,1.37582,1.37584,1.00,1.00
2014.08.05 06:27:45.286,1.37581,1.37583,1.95,1.00
2014.08.05 06:27:46.073,1.37582,1.37584,1.00,1.00
2014.08.05 06:27:46.628,1.37582,1.37583,1.00,1.00
2014.08.05 06:27:47.138,1.37583,1.37584,1.00,1.00
2014.08.05 06:27:48.724,1.37581,1.37583,1.95,1.00
2014.08.05 06:27:50.377,1.37582,1.37584,1.00,1.00
2014.08.05 06:27:50.706,1.37581,1.37583,1.95,1.00
2014.08.05 06:27:51.036,1.37582,1.37584,1.00,1.00
2014.08.05 06:27:51.237,1.37581,1.37583,1.95,1.00
2014.08.05 06:27:52.231,1.37582,1.37584,1.00,1.00
2014.08.05 06:27:54.018,1.37581,1.37583,1.20,1.50
2014.08.05 06:27:56.619,1.37582,1.37584,1.00,1.50
2014.08.05 06:27:56.978,1.37581,1.37583,1.20,1.50
2014.08.05 06:28:05.926,1.3758,1.37583,1.00,1.50
2014.08.05 06:28:06.562,1.37578,1.37583,1.58,2.25
2014.08.05 06:28:07.067,1.37578,1.37583,1.10,2.25
2014.08.05 06:28:07.269,1.37577,1.37581,4.13,1.00
2014.08.05 06:28:07.471,1.37578,1.37583,1.13,3.00
2014.08.05 06:28:09.857,1.3758,1.37583,1.00,3.00
2014.08.05 06:28:10.391,1.37579,1.37583,1.00,3.00
2014.08.05 06:28:12.697,1.3758,1.37583,1.00,3.00
2014.08.05 06:28:13.244,1.37578,1.37583,1.13,3.00
2014.08.05 06:28:14.730,1.37577,1.37583,1.88,3.00
2014.08.05 06:28:15.236,1.37578,1.37583,1.00,3.00
2014.08.05 06:28:17.042,1.37578,1.37583,1.38,3.75
2014.08.05 06:28:29.558,1.37578,1.37583,2.25,3.00
2014.08.05 06:28:30.094,1.37579,1.37583,1.00,3.00
2014.08.05 06:28:33.730,1.3758,1.37583,1.00,3.00
2014.08.05 06:28:33.933,1.37581,1.37583,1.00,3.00
2014.08.05 06:28:34.286,1.3758,1.37583,1.00,1.50
2014.08.05 06:28:34.387,1.37582,1.37583,1.00,1.50
2014.08.05 06:28:40.088,1.37581,1.37583,1.00,1.50
2014.08.05 06:28:40.866,1.37581,1.37583,1.00,1.50
2014.08.05 06:28:44.293,1.37581,1.37583,1.00,1.50
2014.08.05 06:28:44.496,1.37577,1.37582,2.25,1.00
2014.08.05 06:28:44.748,1.37575,1.37582,3.00,1.13
2014.08.05 06:28:45.254,1.37576,1.37582,1.88,1.00
2014.08.05 06:28:45.506,1.37578,1.37582,1.00,1.00
2014.08.05 06:28:45.810,1.3758,1.37583,1.00,1.50
2014.08.05 06:28:46.114,1.3758,1.37586,2.25,2.25
2014.08.05 06:28:46.643,1.3758,1.37587,2.63,1.13
2014.08.05 06:28:47.532,1.37581,1.37587,1.50,1.13
2014.08.05 06:28:48.810,1.37581,1.37588,1.50,3.38
2014.08.05 06:28:51.461,1.37582,1.37588,1.50,1.50
2014.08.05 06:28:51.970,1.37581,1.37588,4.58,1.50
2014.08.05 06:28:52.484,1.37582,1.37588,1.00,1.50
2014.08.05 06:28:56.859,1.37582,1.3759,2.63,4.13
2014.08.05 06:28:57.363,1.37582,1.3759,3.38,3.00
2014.08.05 06:28:59.122,1.37584,1.3759,1.00,3.00
2014.08.05 06:28:59.626,1.37584,1.37591,3.38,2.55
2014.08.05 06:29:00.131,1.37587,1.37591,1.00,1.05
2014.08.05 06:29:00.232,1.37588,1.37593,1.13,2.25
2014.08.05 06:29:08.941,1.37587,1.37593,3.38,1.50
2014.08.05 06:29:09.093,1.37587,1.37589,1.50,1.00
2014.08.05 06:29:09.194,1.37585,1.37589,2.63,1.00
2014.08.05 06:29:09.850,1.37584,1.37587,1.50,1.00
2014.08.05 06:29:10.103,1.37582,1.37588,4.88,1.00
2014.08.05 06:29:12.161,1.37582,1.37587,3.38,1.00
2014.08.05 06:29:12.716,1.37582,1.37588,3.75,1.00
2014.08.05 06:29:13.462,1.37582,1.37589,3.75,1.95
2014.08.05 06:29:13.917,1.37584,1.3759,3.00,1.88
2014.08.05 06:29:18.416,1.37584,1.37589,1.50,1.00
2014.08.05 06:29:19.118,1.37583,1.37589,3.75,1.00
2014.08.05 06:29:19.773,1.37583,1.3759,3.75,1.88
2014.08.05 06:29:20.176,1.37583,1.37588,3.75,1.00
2014.08.05 06:29:20.681,1.37583,1.37587,1.00,1.00
2014.08.05 06:29:21.186,1.37583,1.37588,1.00,1.00
2014.08.05 06:29:21.495,1.37583,1.37586,1.00,1.00
2014.08.05 06:29:22.504,1.37583,1.37587,1.13,1.00
2014.08.05 06:29:23.009,1.37583,1.37588,1.13,1.00
2014.08.05 06:29:23.515,1.37583,1.37587,1.00,1.00
2014.08.05 06:29:24.020,1.37583,1.37588,1.13,1.00
2014.08.05 06:29:28.454,1.37583,1.37588,1.38,1.00
2014.08.05 06:29:28.912,1.37583,1.3759,4.28,1.50
2014.08.05 06:29:41.794,1.37585,1.3759,1.00,2.63
2014.08.05 06:29:41.845,1.37585,1.37587,1.00,1.50
2014.08.05 06:29:42.148,1.3758,1.37582,1.50,1.00
2014.08.05 06:29:42.199,1.37577,1.37582,4.13,1.00
2014.08.05 06:29:43.617,1.37576,1.37582,5.25,1.00
2014.08.05 06:29:44.626,1.37576,1.37581,3.38,1.00
2014.08.05 06:29:45.496,1.37576,1.37582,1.38,1.20
2014.08.05 06:29:46.044,1.37576,1.37582,1.13,1.00
2014.08.05 06:29:47.836,1.37575,1.37582,3.38,1.00
2014.08.05 06:29:48.038,1.37575,1.3758,1.50,1.00
2014.08.05 06:29:48.543,1.37573,1.37579,1.88,1.00
2014.08.05 06:29:48.954,1.37572,1.37579,2.25,1.00
2014.08.05 06:29:49.206,1.37572,1.37577,1.88,1.00
2014.08.05 06:29:49.430,1.37572,1.37579,1.88,1.00
2014.08.05 06:29:49.934,1.37573,1.3758,4.13,1.00
2014.08.05 06:29:50.443,1.37573,1.37581,4.50,3.00
2014.08.05 06:29:50.951,1.37574,1.37581,1.00,3.00
2014.08.05 06:29:51.488,1.37573,1.37581,6.38,3.00
2014.08.05 06:29:52.048,1.37574,1.37581,1.00,3.00
2014.08.05 06:29:52.452,1.37575,1.37582,1.88,3.75
2014.08.05 06:29:52.755,1.37575,1.37579,1.00,1.00
2014.08.05 06:29:53.195,1.37574,1.37581,2.25,1.00
2014.08.05 06:29:53.857,1.37574,1.3758,2.63,1.00
2014.08.05 06:29:54.361,1.37573,1.3758,2.25,3.45
2014.08.05 06:29:54.882,1.37572,1.37579,2.63,1.20
2014.08.05 06:29:57.028,1.37572,1.37576,1.00,1.00
2014.08.05 06:29:57.533,1.37571,1.37577,1.88,1.00
2014.08.05 06:30:00.671,1.37571,1.37576,1.88,1.00
2014.08.05 06:30:01.727,1.3757,1.37576,1.88,1.50
2014.08.05 06:30:02.030,1.37569,1.37572,2.25,1.00
2014.08.05 06:30:03.090,1.37567,1.37572,3.38,1.00
2014.08.05 06:30:07.410,1.37567,1.37574,3.38,3.00
2014.08.05 06:30:07.914,1.37568,1.37574,1.88,1.50
2014.08.05 06:30:08.167,1.37568,1.37574,2.25,1.50
2014.08.05 06:30:10.924,1.3757,1.37573,1.88,1.00
2014.08.05 06:30:11.227,1.37568,1.37574,3.00,1.50
2014.08.05 06:30:11.680,1.37566,1.37571,3.00,1.00
2014.08.05 06:30:16.608,1.37566,1.37572,1.50,1.88
2014.08.05 06:30:17.597,1.37566,1.37571,1.50,1.00
2014.08.05 06:30:22.580,1.37566,1.37572,3.38,2.63
2014.08.05 06:30:22.882,1.37566,1.3757,3.38,1.00
2014.08.05 06:30:25.447,1.37567,1.3757,1.50,1.00
2014.08.05 06:30:25.952,1.37566,1.3757,3.38,1.00
2014.08.05 06:30:28.410,1.37566,1.37569,1.88,1.00
2014.08.05 06:30:28.925,1.37566,1.3757,1.50,1.00
2014.08.05 06:30:30.284,1.37565,1.3757,3.00,1.00
2014.08.05 06:30:30.788,1.37566,1.3757,1.50,1.00
2014.08.05 06:30:34.023,1.37565,1.3757,1.88,1.00
2014.08.05 06:30:34.325,1.37565,1.37567,1.50,1.00
2014.08.05 06:30:34.427,1.37562,1.37566,1.38,1.00
2014.08.05 06:30:34.528,1.37561,1.37565,3.00,1.00
2014.08.05 06:30:34.931,1.37563,1.37566,1.00,1.00
2014.08.05 06:30:34.982,1.37563,1.37568,1.00,1.13
2014.08.05 06:30:35.504,1.37564,1.37569,1.00,1.00
2014.08.05 06:30:36.465,1.37564,1.37569,1.88,1.00
2014.08.05 06:30:36.984,1.37564,1.3757,1.88,1.13
2014.08.05 06:30:41.648,1.37564,1.3757,1.88,1.13
2014.08.05 06:30:43.894,1.37564,1.37569,1.88,1.00
2014.08.05 06:30:44.398,1.37564,1.3757,1.88,1.13
2014.08.05 06:30:44.851,1.37566,1.37572,1.50,1.60
2014.08.05 06:30:46.342,1.37567,1.37573,1.00,1.10
2014.08.05 06:30:47.462,1.37567,1.37573,1.00,1.00
2014.08.05 06:30:47.966,1.37568,1.37575,1.88,2.54
2014.08.05 06:30:50.107,1.37568,1.37575,3.75,1.79
2014.08.05 06:30:50.158,1.37568,1.37575,4.13,1.32
2014.08.05 06:30:54.107,1.3757,1.37575,1.38,1.25
2014.08.05 06:30:54.410,1.37572,1.3758,2.63,6.45
2014.08.05 06:30:54.958,1.37572,1.3758,2.63,4.30
2014.08.05 06:30:55.783,1.37572,1.3758,2.25,4.67
2014.08.05 06:30:55.884,1.37572,1.37576,1.00,1.00
2014.08.05 06:30:56.187,1.37572,1.37574,1.00,1.50
2014.08.05 06:30:56.238,1.37568,1.37574,4.13,1.50
2014.08.05 06:30:56.662,1.37567,1.37573,3.00,1.00
2014.08.05 06:30:57.856,1.37567,1.37574,3.00,1.00
2014.08.05 06:30:59.839,1.37567,1.37573,3.38,1.00
2014.08.05 06:31:00.344,1.37569,1.37573,1.88,1.00
2014.08.05 06:31:00.395,1.3757,1.37575,1.50,1.25
2014.08.05 06:31:00.546,1.37572,1.37576,1.38,1.20
2014.08.05 06:31:01.052,1.37573,1.37577,4.13,1.00
2014.08.05 06:31:01.354,1.37576,1.37578,1.50,1.00
2014.08.05 06:31:01.858,1.37576,1.37581,1.50,1.60
2014.08.05 06:31:08.508,1.37577,1.37583,1.13,2.89
2014.08.05 06:31:09.965,1.37576,1.37583,2.63,2.14
2014.08.05 06:31:17.364,1.37576,1.37583,4.13,1.29
2014.08.05 06:31:17.466,1.37577,1.37584,1.88,1.67
2014.08.05 06:31:17.567,1.37578,1.37584,2.63,1.13
2014.08.05 06:31:17.770,1.3758,1.37585,1.50,1.00
2014.08.05 06:31:22.351,1.3758,1.37585,3.38,1.10
2014.08.05 06:31:22.654,1.37581,1.37587,1.00,1.95
2014.08.05 06:31:23.641,1.3758,1.37587,3.00,3.08
2014.08.05 06:31:24.146,1.3758,1.37587,3.00,2.70
2014.08.05 06:31:30.280,1.3758,1.37585,2.25,1.10
2014.08.05 06:31:30.785,1.3758,1.37585,1.00,2.05
2014.08.05 06:31:31.609,1.37578,1.37584,1.50,1.13
2014.08.05 06:31:32.271,1.37579,1.37584,1.50,1.13
2014.08.05 06:31:32.776,1.37581,1.37585,1.00,1.00
2014.08.05 06:31:32.877,1.37581,1.37587,1.88,1.95
2014.08.05 06:31:37.525,1.3758,1.37588,1.50,2.80
2014.08.05 06:31:37.829,1.37579,1.37586,2.63,3.19
2014.08.05 06:31:38.331,1.37578,1.37586,3.00,5.52
2014.08.05 06:31:39.276,1.37578,1.37583,1.00,1.10
2014.08.05 06:31:39.478,1.37578,1.37585,1.88,1.50
2014.08.05 06:31:39.983,1.37578,1.37585,1.88,1.13
2014.08.05 06:31:40.487,1.37578,1.37584,1.13,1.00
2014.08.05 06:31:42.152,1.37577,1.37584,1.88,1.50
2014.08.05 06:31:45.791,1.37577,1.37584,3.38,1.00
2014.08.05 06:31:46.325,1.37577,1.37584,2.63,1.00
2014.08.05 06:31:47.194,1.37577,1.37584,3.38,1.00
2014.08.05 06:31:50.710,1.37577,1.37584,3.38,1.20
2014.08.05 06:31:52.742,1.37578,1.37584,1.88,1.95
2014.08.05 06:31:55.576,1.37578,1.37584,1.13,1.20
2014.08.05 06:32:00.527,1.37578,1.37584,3.38,1.20
2014.08.05 06:32:01.035,1.3758,1.37586,2.25,1.95
2014.08.05 06:32:12.548,1.37578,1.37586,4.13,2.70
2014.08.05 06:32:13.052,1.37579,1.37585,1.13,1.00
2014.08.05 06:32:13.558,1.37579,1.37587,2.63,4.20
2014.08.05 06:32:17.093,1.3758,1.37587,3.38,1.45
2014.08.05 06:32:18.375,1.37578,1.37586,4.88,3.83
2014.08.05 06:32:18.627,1.37578,1.37584,3.38,1.00
2014.08.05 06:32:22.875,1.37578,1.37585,3.38,1.00
2014.08.05 06:32:23.902,1.37578,1.37585,3.38,1.00
2014.08.05 06:32:24.972,1.37579,1.37586,1.88,1.95
2014.08.05 06:32:25.477,1.37579,1.37585,1.88,1.00
2014.08.05 06:32:25.527,1.37579,1.37587,1.88,5.33
2014.08.05 06:32:28.376,1.37579,1.37585,1.88,1.00
2014.08.05 06:32:28.880,1.37578,1.37585,4.13,1.95
2014.08.05 06:32:29.384,1.37578,1.37585,4.13,1.58
2014.08.05 06:32:37.869,1.37578,1.37585,3.38,2.70
2014.08.05 06:32:38.380,1.37578,1.37585,4.88,1.13
2014.08.05 06:32:38.871,1.37578,1.37584,3.00,2.25
2014.08.05 06:32:39.073,1.37572,1.37577,1.50,1.00
2014.08.05 06:32:39.275,1.3757,1.37576,1.00,3.75
2014.08.05 06:32:39.931,1.3757,1.37575,2.25,1.00
2014.08.05 06:32:40.600,1.3757,1.37576,1.50,1.13
2014.08.05 06:32:42.243,1.3757,1.37577,1.50,3.83
2014.08.05 06:32:43.488,1.3757,1.37576,1.50,1.00
2014.08.05 06:32:44.133,1.3757,1.37574,1.88,1.00
2014.08.05 06:32:44.658,1.3757,1.37576,1.88,1.00
2014.08.05 06:32:45.115,1.37572,1.37578,1.13,1.45
2014.08.05 06:32:45.620,1.37573,1.37581,2.63,4.20
2014.08.05 06:32:45.830,1.37573,1.37581,2.63,3.00
2014.08.05 06:32:46.133,1.37573,1.37579,2.63,1.10
2014.08.05 06:32:47.572,1.37573,1.37581,2.25,3.45
2014.08.05 06:32:47.774,1.37571,1.37577,3.00,1.88
2014.08.05 06:32:48.302,1.3757,1.37577,1.50,1.88
2014.08.05 06:32:49.039,1.37569,1.37575,4.88,1.50
2014.08.05 06:32:49.576,1.37569,1.37576,3.38,4.95
2014.08.05 06:32:49.677,1.3757,1.37576,2.25,1.58
2014.08.05 06:32:49.929,1.37573,1.37578,1.00,2.33
2014.08.05 06:32:50.434,1.37571,1.37578,2.25,1.10
2014.08.05 06:32:54.053,1.37571,1.37579,2.25,4.95
2014.08.05 06:32:56.725,1.37571,1.37578,1.00,2.70
2014.08.05 06:33:03.830,1.37571,1.37578,2.25,1.58
2014.08.05 06:33:07.147,1.37571,1.37578,2.25,1.10
2014.08.05 06:33:07.659,1.37572,1.37579,3.75,1.58
2014.08.05 06:33:14.935,1.37572,1.37579,1.88,3.83
2014.08.05 06:33:15.440,1.37571,1.37578,1.50,3.83
2014.08.05 06:33:16.150,1.3757,1.37578,4.50,3.83
2014.08.05 06:33:16.302,1.3757,1.37577,2.25,1.88
2014.08.05 06:33:16.605,1.37567,1.37572,1.50,1.50
2014.08.05 06:33:16.958,1.37568,1.37574,1.00,1.20
2014.08.05 06:33:17.700,1.37568,1.37576,2.25,2.70
2014.08.05 06:33:18.833,1.37568,1.37576,2.63,3.08
2014.08.05 06:33:23.014,1.37569,1.37573,1.00,1.00
2014.08.05 06:33:23.316,1.37568,1.3757,1.00,1.50
2014.08.05 06:33:23.828,1.37567,1.37569,2.25,1.50
2014.08.05 06:33:30.409,1.37566,1.37569,1.13,3.00
2014.08.05 06:33:31.811,1.37567,1.37569,1.00,3.00
2014.08.05 06:33:32.122,1.37568,1.3757,1.20,1.00
2014.08.05 06:33:32.173,1.37569,1.37572,1.00,1.00
2014.08.05 06:33:32.325,1.3757,1.37573,2.33,1.00
2014.08.05 06:33:32.426,1.37572,1.37579,1.58,6.38
2014.08.05 06:33:33.513,1.37571,1.37579,4.58,2.63
2014.08.05 06:33:34.033,1.37571,1.37579,2.63,2.63
2014.08.05 06:33:39.872,1.37572,1.37579,1.00,2.25
2014.08.05 06:33:42.117,1.37572,1.37579,1.00,1.88
2014.08.05 06:33:43.784,1.37571,1.37579,5.25,1.88
2014.08.05 06:33:44.303,1.37572,1.37579,1.00,1.88
2014.08.05 06:33:48.706,1.37571,1.37579,2.63,3.75
2014.08.05 06:33:49.253,1.37571,1.37578,1.88,1.00
2014.08.05 06:34:06.708,1.37571,1.37577,2.63,1.00
2014.08.05 06:34:07.919,1.37572,1.37577,1.00,1.00
2014.08.05 06:34:09.681,1.37574,1.37577,1.50,1.00
2014.08.05 06:34:09.882,1.37575,1.37581,1.88,2.25
2014.08.05 06:34:09.983,1.37576,1.37581,1.88,1.50
2014.08.05 06:34:10.339,1.37576,1.37583,1.88,1.50
2014.08.05 06:34:11.469,1.37576,1.37582,1.88,1.00
2014.08.05 06:34:17.307,1.37576,1.37582,3.38,1.00
2014.08.05 06:34:23.038,1.37576,1.37583,5.03,1.00
2014.08.05 06:34:23.561,1.37577,1.37584,1.88,3.00
2014.08.05 06:34:24.578,1.37576,1.37584,5.03,6.75
2014.08.05 06:34:25.080,1.37576,1.37583,5.03,1.00
2014.08.05 06:34:28.442,1.37576,1.37583,4.28,1.50
2014.08.05 06:34:30.815,1.37576,1.37583,4.28,1.00
2014.08.05 06:34:38.827,1.37576,1.37582,4.28,1.00
2014.08.05 06:34:39.349,1.37576,1.37582,2.78,1.00
2014.08.05 06:34:39.853,1.37576,1.37583,4.28,3.00
2014.08.05 06:34:42.250,1.37576,1.37583,4.28,3.00
2014.08.05 06:34:42.909,1.37576,1.37583,2.78,4.50
2014.08.05 06:34:43.162,1.37576,1.37581,2.40,1.00
2014.08.05 06:34:43.666,1.37576,1.3758,1.20,2.25
2014.08.05 06:34:49.290,1.37576,1.37579,1.20,1.00
2014.08.05 06:34:52.709,1.37572,1.37579,4.13,1.50
2014.08.05 06:34:53.212,1.37572,1.37579,4.13,1.00
2014.08.05 06:34:53.976,1.37572,1.37579,4.13,1.00
2014.08.05 06:34:55.932,1.37572,1.37579,4.13,1.00
2014.08.05 06:35:01.047,1.37573,1.37579,1.00,1.00
2014.08.05 06:35:02.523,1.37572,1.37579,4.65,1.00
2014.08.05 06:35:03.091,1.37573,1.37579,1.00,1.00
2014.08.05 06:35:11.800,1.37572,1.37579,3.38,1.50
2014.08.05 06:35:14.312,1.37573,1.37579,1.50,1.00
2014.08.05 06:35:15.002,1.37573,1.3758,2.25,7.50
2014.08.05 06:35:17.683,1.37573,1.3758,2.25,7.50
2014.08.05 06:35:18.254,1.37573,1.3758,2.25,7.50
2014.08.05 06:35:21.603,1.37573,1.3758,1.50,7.50
2014.08.05 06:35:22.140,1.37573,1.3758,1.50,7.50
2014.08.05 06:35:25.119,1.37573,1.3758,1.50,7.50
2014.08.05 06:35:25.684,1.37573,1.3758,1.50,6.75
2014.08.05 06:35:26.190,1.37573,1.37579,1.50,1.00
2014.08.05 06:35:26.699,1.37573,1.3758,1.50,6.75
2014.08.05 06:35:27.215,1.37573,1.37579,1.50,1.00
2014.08.05 06:35:27.727,1.37573,1.3758,1.50,6.75
2014.08.05 06:35:30.600,1.37576,1.3758,1.00,6.00
2014.08.05 06:35:30.903,1.37577,1.37581,2.33,1.13
2014.08.05 06:35:31.105,1.37577,1.37584,3.83,2.25
2014.08.05 06:35:31.629,1.37577,1.37585,5.33,5.63
2014.08.05 06:35:33.003,1.37577,1.37584,5.33,1.00
2014.08.05 06:35:33.558,1.37577,1.37585,5.33,6.38
2014.08.05 06:35:41.647,1.37577,1.37585,5.33,5.63
2014.08.05 06:35:42.174,1.37577,1.37584,1.88,3.00
2014.08.05 06:35:42.689,1.37576,1.37583,4.58,1.50
2014.08.05 06:35:43.455,1.37576,1.37582,4.58,1.00
2014.08.05 06:35:45.188,1.37576,1.37582,5.33,1.00
2014.08.05 06:35:45.702,1.37576,1.37582,5.33,1.00
2014.08.05 06:35:47.589,1.37576,1.37583,3.83,1.50
2014.08.05 06:35:48.258,1.37576,1.37582,3.83,1.00
2014.08.05 06:35:48.766,1.37576,1.37583,3.83,1.50
2014.08.05 06:35:55.075,1.37576,1.37582,2.33,1.00
2014.08.05 06:35:55.278,1.37576,1.3758,1.50,1.00
2014.08.05 06:35:55.631,1.37573,1.3758,3.75,5.63
2014.08.05 06:35:56.589,1.37573,1.37579,3.38,1.00
2014.08.05 06:35:57.133,1.37573,1.3758,3.38,1.88
2014.08.05 06:36:07.188,1.37574,1.3758,1.00,1.73
2014.08.05 06:36:07.700,1.37573,1.3758,3.83,1.50
2014.08.05 06:36:11.784,1.37573,1.3758,3.83,1.50
2014.08.05 06:36:18.438,1.37575,1.3758,1.00,1.00
2014.08.05 06:36:18.957,1.37574,1.3758,3.08,1.00
2014.08.05 06:36:23.570,1.37574,1.37579,2.40,1.00
2014.08.05 06:36:28.671,1.37574,1.3758,1.28,5.25
2014.08.05 06:36:38.725,1.37574,1.37579,1.20,1.00
2014.08.05 06:36:45.498,1.37574,1.37578,1.20,1.00
2014.08.05 06:36:46.003,1.37574,1.37577,1.20,1.00
2014.08.05 06:36:46.509,1.37573,1.37576,1.20,1.50
2014.08.05 06:36:46.711,1.37568,1.37575,1.50,3.75
2014.08.05 06:36:46.812,1.37568,1.37573,1.00,1.00
2014.08.05 06:36:47.340,1.37568,1.37572,1.00,1.00
2014.08.05 06:36:47.643,1.37563,1.37565,1.00,1.00
2014.08.05 06:36:47.744,1.37557,1.37562,1.95,1.00
2014.08.05 06:36:48.149,1.37557,1.37564,3.45,2.25
2014.08.05 06:36:48.603,1.37558,1.37562,1.00,1.00
2014.08.05 06:36:48.704,1.37555,1.37562,1.95,1.50
2014.08.05 06:36:49.223,1.37555,1.37561,1.58,1.50
2014.08.05 06:36:49.748,1.37556,1.37561,1.00,1.50
2014.08.05 06:36:51.509,1.37556,1.37563,1.00,3.00
2014.08.05 06:36:52.164,1.37556,1.37564,4.13,5.25
2014.08.05 06:36:52.518,1.37556,1.37563,3.00,1.38
2014.08.05 06:36:53.024,1.37557,1.37562,1.00,2.63
2014.08.05 06:36:56.331,1.37557,1.37562,3.38,1.00
2014.08.05 06:36:56.875,1.37557,1.37565,4.13,4.95
2014.08.05 06:36:57.950,1.37557,1.37565,4.50,4.95
2014.08.05 06:36:58.455,1.37556,1.37563,3.00,1.20
2014.08.05 06:37:08.348,1.37556,1.37564,3.38,3.08
2014.08.05 06:37:11.478,1.37557,1.37564,1.38,1.45
2014.08.05 06:37:11.781,1.37558,1.37565,2.25,1.95
2014.08.05 06:37:11.932,1.37559,1.37566,1.88,2.33
2014.08.05 06:37:17.183,1.37558,1.37566,4.13,4.95
2014.08.05 06:37:18.287,1.37558,1.37566,4.13,4.95
2014.08.05 06:37:18.842,1.37558,1.37566,4.13,4.95
2014.08.05 06:37:21.684,1.37558,1.37566,3.38,5.33
2014.08.05 06:37:24.694,1.37558,1.37566,1.88,4.20
2014.08.05 06:37:27.949,1.37557,1.37565,4.88,1.95
2014.08.05 06:37:32.164,1.37557,1.37565,3.38,4.20
2014.08.05 06:37:32.467,1.37556,1.37562,1.50,2.63
2014.08.05 06:37:32.971,1.37555,1.37561,1.13,1.50
2014.08.05 06:37:34.737,1.37555,1.37561,1.88,2.25
2014.08.05 06:37:35.265,1.37555,1.37562,4.13,2.25
2014.08.05 06:37:35.768,1.37556,1.37562,1.13,2.25
2014.08.05 06:37:42.717,1.37555,1.37562,6.38,1.50
2014.08.05 06:37:44.227,1.37555,1.37562,3.75,2.63
2014.08.05 06:37:44.581,1.37553,1.37559,2.63,1.00
2014.08.05 06:37:45.095,1.37553,1.37558,1.38,1.00
2014.08.05 06:37:45.398,1.37552,1.37558,5.25,1.00
2014.08.05 06:37:51.090,1.37552,1.3756,2.63,4.58
2014.08.05 06:37:52.542,1.37552,1.3756,3.75,3.45
2014.08.05 06:38:00.316,1.37552,1.3756,4.13,4.50
2014.08.05 06:38:00.832,1.37553,1.37561,1.88,5.35
2014.08.05 06:38:03.426,1.37553,1.3756,2.63,1.00
2014.08.05 06:38:04.032,1.37553,1.37561,3.38,4.97
2014.08.05 06:38:04.435,1.37556,1.37561,1.00,3.85
2014.08.05 06:38:04.738,1.37561,1.37563,1.00,1.00
2014.08.05 06:38:04.991,1.37561,1.37567,2.63,1.13
2014.08.05 06:38:05.495,1.37562,1.37569,3.38,2.35
2014.08.05 06:38:06.049,1.37563,1.37571,1.50,6.10
2014.08.05 06:38:06.150,1.37565,1.37571,1.50,2.72
2014.08.05 06:38:06.669,1.37564,1.37571,4.88,1.22
2014.08.05 06:38:06.959,1.37564,1.37571,3.75,1.22
2014.08.05 06:38:08.610,1.37565,1.37571,1.00,1.13
2014.08.05 06:38:09.736,1.37566,1.37572,1.00,2.80
2014.08.05 06:38:10.814,1.37565,1.37572,2.25,1.95
2014.08.05 06:38:11.217,1.37567,1.37573,1.00,1.97
2014.08.05 06:38:15.065,1.37567,1.37572,1.10,1.00
2014.08.05 06:38:15.570,1.37565,1.37572,3.08,1.13
2014.08.05 06:38:16.346,1.37565,1.37571,1.58,1.00
2014.08.05 06:38:18.392,1.37565,1.37571,1.00,1.13
2014.08.05 06:38:18.695,1.37564,1.37569,1.50,1.13
2014.08.05 06:38:18.746,1.37562,1.37569,3.75,1.50
2014.08.05 06:38:19.251,1.37561,1.37568,5.70,1.13
2014.08.05 06:38:46.171,1.37562,1.37569,1.00,1.95
2014.08.05 06:38:46.680,1.37561,1.37569,4.13,1.95
2014.08.05 06:38:47.260,1.37562,1.37569,1.00,1.45
2014.08.05 06:38:49.196,1.37561,1.37569,4.88,1.95
2014.08.05 06:38:51.184,1.37562,1.37569,1.13,1.45
2014.08.05 06:39:01.739,1.37564,1.37568,1.88,1.00
2014.08.05 06:39:01.992,1.37565,1.3757,1.50,1.00
2014.08.05 06:39:03.054,1.37565,1.37572,1.50,2.35
2014.08.05 06:39:04.807,1.37565,1.37572,2.63,1.00
2014.08.05 06:39:05.356,1.37565,1.37573,2.25,5.42
2014.08.05 06:39:06.827,1.37565,1.37572,1.00,1.60
2014.08.05 06:39:07.034,1.37565,1.3757,1.00,1.50
2014.08.05 06:39:10.784,1.37564,1.3757,2.25,1.60
2014.08.05 06:39:11.289,1.37565,1.3757,1.00,1.50
2014.08.05 06:39:11.793,1.37565,1.37571,2.25,1.00
2014.08.05 06:39:12.297,1.37565,1.37572,6.08,1.50
2014.08.05 06:39:12.803,1.37565,1.37571,2.33,1.13
2014.08.05 06:39:13.106,1.37563,1.37568,1.50,1.00
2014.08.05 06:39:13.497,1.3756,1.37566,1.58,1.00
2014.08.05 06:39:14.646,1.3756,1.37567,2.33,3.00
2014.08.05 06:39:20.381,1.37561,1.37567,1.00,1.50
2014.08.05 06:39:20.896,1.3756,1.37567,3.38,1.50
2014.08.05 06:39:23.557,1.37561,1.37567,1.00,1.50
2014.08.05 06:39:24.399,1.3756,1.37567,3.38,1.50
2014.08.05 06:39:25.504,1.37561,1.37567,1.00,1.50
2014.08.05 06:39:27.943,1.37561,1.37568,1.00,4.13
2014.08.05 06:39:28.460,1.3756,1.37568,4.13,3.38
2014.08.05 06:39:29.972,1.37561,1.37568,1.00,2.63
2014.08.05 06:39:31.318,1.3756,1.37568,3.38,3.75
2014.08.05 06:39:31.830,1.3756,1.37568,3.00,3.38
2014.08.05 06:39:34.432,1.37561,1.37568,1.00,3.38
2014.08.05 06:39:34.981,1.3756,1.37568,3.00,3.38
2014.08.05 06:39:36.886,1.3756,1.37567,1.50,2.63
2014.08.05 06:39:37.396,1.37559,1.37566,1.50,3.83
2014.08.05 06:39:37.918,1.37558,1.37565,1.50,3.08
2014.08.05 06:39:42.518,1.37558,1.37565,2.25,3.83
2014.08.05 06:39:42.921,1.37556,1.37564,5.63,4.88
2014.08.05 06:39:44.822,1.37556,1.37563,3.75,1.38
2014.08.05 06:39:45.277,1.37555,1.37561,2.25,1.38
2014.08.05 06:39:45.529,1.37553,1.3756,4.50,1.88
2014.08.05 06:39:46.049,1.37554,1.3756,1.00,2.25
2014.08.05 06:39:46.403,1.37555,1.3756,1.38,1.00
2014.08.05 06:39:46.909,1.37555,1.37562,1.88,2.33
2014.08.05 06:39:49.113,1.37556,1.37563,1.00,4.58
2014.08.05 06:39:53.709,1.37558,1.37563,1.00,1.50
2014.08.05 06:39:53.911,1.37559,1.37565,1.00,1.00
2014.08.05 06:39:57.149,1.37561,1.37565,1.13,1.00
2014.08.05 06:39:57.300,1.37561,1.37567,1.13,1.50
2014.08.05 06:39:57.820,1.37562,1.37567,1.00,1.50
2014.08.05 06:39:58.330,1.37563,1.37567,1.88,1.50
2014.08.05 06:39:58.482,1.37564,1.37568,2.25,1.00
2014.08.05 06:39:58.532,1.37565,1.37571,1.88,1.00
2014.08.05 06:39:59.037,1.37565,1.37572,3.38,1.00
2014.08.05 06:39:59.932,1.37565,1.37573,4.13,3.83
2014.08.05 06:40:00.289,1.37565,1.37573,3.00,4.58
2014.08.05 06:40:00.642,1.37564,1.37569,1.50,1.00
2014.08.05 06:40:01.163,1.37563,1.37569,1.50,1.00
2014.08.05 06:40:01.470,1.37566,1.37571,1.50,1.00
2014.08.05 06:40:01.786,1.37567,1.37574,1.00,3.45
2014.08.05 06:40:02.303,1.37567,1.37574,2.25,2.63
2014.08.05 06:40:02.827,1.37568,1.37574,1.00,1.13
2014.08.05 06:40:06.799,1.37569,1.37574,1.13,1.00
2014.08.05 06:40:07.001,1.37569,1.37576,2.63,1.50
2014.08.05 06:40:07.153,1.37571,1.37575,1.00,1.00
2014.08.05 06:40:07.562,1.3757,1.37577,2.63,1.00
2014.08.05 06:40:08.066,1.3757,1.37577,2.63,1.00
2014.08.05 06:40:09.802,1.3757,1.37578,2.63,6.38
2014.08.05 06:40:12.929,1.3757,1.37578,3.75,4.13
2014.08.05 06:40:13.443,1.3757,1.37577,1.00,2.63
2014.08.05 06:40:13.964,1.37569,1.37577,1.50,3.38
2014.08.05 06:40:14.487,1.37568,1.37576,4.88,3.38
2014.08.05 06:40:19.863,1.37569,1.37576,1.00,1.88
2014.08.05 06:40:21.355,1.37568,1.37576,5.63,1.88
2014.08.05 06:40:21.902,1.37569,1.37577,2.25,4.50
2014.08.05 06:40:34.566,1.37569,1.37576,1.00,2.63
2014.08.05 06:40:35.080,1.37569,1.37576,1.00,2.63
2014.08.05 06:40:35.599,1.37568,1.37576,5.63,2.63
2014.08.05 06:40:36.418,1.37569,1.37576,1.00,2.63
2014.08.05 06:40:37.649,1.37568,1.37576,5.63,2.63
2014.08.05 06:40:38.827,1.37569,1.37576,1.00,2.63
2014.08.05 06:40:39.815,1.37569,1.37575,1.13,1.00
2014.08.05 06:40:43.637,1.37568,1.37575,2.25,4.58
2014.08.05 06:40:44.148,1.37568,1.37574,1.50,1.00
2014.08.05 06:40:51.454,1.37567,1.37575,1.88,5.33
2014.08.05 06:40:51.964,1.37568,1.37575,1.50,1.88
2014.08.05 06:40:52.726,1.37569,1.37575,1.00,1.00
2014.08.05 06:40:55.253,1.37569,1.37575,3.38,1.00
2014.08.05 06:40:55.354,1.37572,1.37575,1.13,1.00
2014.08.05 06:40:55.505,1.37572,1.37577,1.13,1.50
2014.08.05 06:40:58.540,1.37571,1.37577,1.88,1.00
2014.08.05 06:40:59.309,1.37571,1.37578,2.63,1.88
2014.08.05 06:40:59.832,1.37571,1.37577,3.75,1.00
2014.08.05 06:41:00.439,1.37571,1.37578,3.38,1.50
2014.08.05 06:41:00.943,1.37572,1.37578,1.00,1.88
2014.08.05 06:41:01.470,1.37571,1.37578,3.00,1.88
2014.08.05 06:41:02.033,1.37572,1.37578,1.00,1.13
2014.08.05 06:41:02.559,1.37571,1.37577,2.25,1.00
2014.08.05 06:41:03.063,1.37571,1.37578,1.13,2.63
2014.08.05 06:41:04.155,1.37572,1.37578,1.00,2.63
2014.08.05 06:41:06.576,1.37572,1.37579,1.58,4.13
2014.08.05 06:41:07.080,1.37573,1.37579,1.00,2.63
2014.08.05 06:41:08.990,1.37573,1.37579,1.00,2.63
2014.08.05 06:41:10.549,1.37571,1.37578,1.95,2.63
2014.08.05 06:41:11.054,1.37571,1.37578,1.00,3.38
2014.08.05 06:41:11.406,1.3757,1.37576,4.58,1.00
2014.08.05 06:41:11.910,1.37569,1.37575,1.00,3.75
2014.08.05 06:41:13.826,1.37569,1.37574,1.00,1.00
2014.08.05 06:41:14.711,1.37569,1.37573,1.00,1.00
2014.08.05 06:41:15.014,1.37567,1.3757,1.13,1.50
2014.08.05 06:41:15.538,1.37566,1.3757,1.13,1.50
2014.08.05 06:41:16.065,1.37566,1.3757,1.58,1.00
2014.08.05 06:41:17.014,1.37566,1.3757,1.00,1.00
2014.08.05 06:41:17.166,1.37564,1.37569,1.88,1.00
2014.08.05 06:41:17.686,1.37563,1.37568,3.38,1.00
2014.08.05 06:41:18.342,1.37563,1.37568,1.88,1.00
2014.08.05 06:41:18.847,1.37563,1.37569,1.00,1.50
2014.08.05 06:41:19.351,1.37562,1.37568,4.13,1.00
2014.08.05 06:41:19.875,1.37563,1.37567,1.00,1.00
2014.08.05 06:41:21.096,1.37562,1.37567,2.25,1.00
2014.08.05 06:41:23.125,1.37562,1.37569,2.63,2.25
2014.08.05 06:41:23.633,1.37561,1.37568,1.50,2.25
2014.08.05 06:41:24.149,1.37561,1.37567,1.50,1.00
2014.08.05 06:41:24.607,1.3756,1.37567,5.63,2.78
2014.08.05 06:41:24.910,1.37559,1.37564,1.50,2.25
2014.08.05 06:41:25.062,1.37561,1.37564,1.00,1.00
2014.08.05 06:41:25.578,1.37562,1.37564,1.00,1.50
2014.08.05 06:41:25.629,1.3756,1.37564,1.00,1.00
2014.08.05 06:41:25.730,1.37562,1.37564,1.00,1.00
2014.08.05 06:41:26.234,1.37561,1.37564,1.00,1.00
2014.08.05 06:41:26.638,1.37562,1.37567,1.13,2.63
2014.08.05 06:41:29.031,1.37563,1.37567,1.00,1.00
2014.08.05 06:41:30.702,1.37562,1.37567,1.00,1.00
2014.08.05 06:41:30.904,1.3756,1.37567,2.70,2.25
2014.08.05 06:41:31.111,1.37562,1.37567,1.00,2.25
2014.08.05 06:41:31.773,1.37563,1.37567,1.00,1.50
2014.08.05 06:41:32.294,1.37563,1.37568,1.00,3.75
2014.08.05 06:41:33.332,1.37564,1.37568,1.00,2.25
2014.08.05 06:41:33.534,1.37565,1.3757,1.00,2.63
2014.08.05 06:41:34.055,1.37565,1.37571,1.00,3.85
2014.08.05 06:41:34.724,1.37568,1.37571,1.00,3.10
2014.08.05 06:41:35.178,1.37566,1.37571,1.13,2.25
2014.08.05 06:41:35.280,1.37569,1.37571,1.00,1.50
2014.08.05 06:41:35.734,1.37571,1.37572,1.00,1.50
2014.08.05 06:41:36.106,1.37571,1.37574,1.00,1.50
2014.08.05 06:41:36.157,1.37569,1.37574,1.00,1.50
2014.08.05 06:41:36.946,1.37568,1.37574,1.00,1.50
2014.08.05 06:41:37.452,1.37569,1.37574,1.00,1.50
2014.08.05 06:41:39.346,1.37571,1.37574,1.00,1.00
2014.08.05 06:41:39.699,1.37569,1.37575,1.00,3.38
2014.08.05 06:41:40.125,1.37571,1.37575,1.00,1.13
2014.08.05 06:41:40.277,1.37571,1.37577,1.00,2.25
2014.08.05 06:41:40.327,1.37573,1.37577,1.50,2.25
2014.08.05 06:41:40.631,1.37576,1.3758,1.00,2.25
2014.08.05 06:41:40.733,1.37576,1.37582,1.00,2.63
2014.08.05 06:41:42.502,1.37576,1.37579,1.00,1.13
2014.08.05 06:41:42.554,1.37574,1.37579,3.00,1.13
2014.08.05 06:41:43.015,1.37574,1.37579,1.00,3.38
2014.08.05 06:41:44.257,1.37571,1.37578,1.50,3.38
2014.08.05 06:41:45.228,1.37571,1.37578,1.00,4.58
2014.08.05 06:41:45.742,1.3757,1.37577,2.25,2.63
2014.08.05 06:41:46.255,1.3757,1.37577,1.00,3.38
2014.08.05 06:41:49.014,1.3757,1.37577,1.13,4.58
2014.08.05 06:41:49.065,1.37572,1.37577,1.00,2.70
2014.08.05 06:41:49.368,1.37576,1.37578,1.00,1.00
2014.08.05 06:41:49.520,1.37578,1.37583,1.00,1.00
2014.08.05 06:41:50.024,1.3758,1.37584,1.00,1.00
2014.08.05 06:41:50.528,1.37579,1.37584,2.25,1.00
2014.08.05 06:41:50.961,1.37579,1.37586,2.25,1.95
2014.08.05 06:41:51.062,1.37579,1.37584,2.25,1.38
2014.08.05 06:41:51.365,1.37577,1.37583,1.00,1.88
2014.08.05 06:41:51.718,1.37575,1.37582,5.25,1.38
2014.08.05 06:41:52.235,1.37576,1.37582,1.00,1.13
2014.08.05 06:41:52.690,1.37579,1.37583,1.00,1.00
2014.08.05 06:41:53.043,1.37577,1.37583,1.00,2.25
2014.08.05 06:41:53.297,1.37576,1.37581,1.00,1.00
2014.08.05 06:41:53.600,1.37575,1.37581,1.50,3.08
2014.08.05 06:41:53.802,1.37573,1.37581,3.00,3.08
2014.08.05 06:41:54.325,1.37573,1.37579,1.00,1.95
2014.08.05 06:41:54.832,1.37572,1.37579,1.00,2.70
2014.08.05 06:41:58.185,1.37572,1.37579,1.13,4.58
2014.08.05 06:41:58.387,1.37574,1.37579,1.00,2.63
2014.08.05 06:41:58.892,1.37574,1.37581,1.88,1.88
2014.08.05 06:41:59.646,1.37574,1.37581,1.88,1.13
2014.08.05 06:42:00.381,1.37576,1.37581,1.00,1.13
2014.08.05 06:42:01.794,1.37575,1.37581,1.50,1.13
2014.08.05 06:42:04.596,1.37575,1.37582,1.50,4.58
2014.08.05 06:42:05.142,1.37576,1.37582,1.00,3.45
2014.08.05 06:42:08.002,1.37576,1.37581,1.00,1.00
2014.08.05 06:42:08.516,1.37576,1.37582,1.00,1.95
2014.08.05 06:42:09.025,1.37575,1.37582,1.00,1.95
2014.08.05 06:42:12.739,1.37575,1.37581,1.00,1.00
2014.08.05 06:42:14.365,1.37575,1.37581,1.38,1.00
2014.08.05 06:42:14.667,1.37581,1.37583,1.00,1.00
2014.08.05 06:42:14.869,1.37581,1.37586,1.00,2.25
2014.08.05 06:42:14.920,1.37583,1.37586,1.00,2.25
2014.08.05 06:42:14.970,1.37583,1.37587,1.00,2.25
2014.08.05 06:42:15.721,1.37583,1.37586,1.00,1.00
2014.08.05 06:42:15.822,1.37583,1.37584,1.00,1.00
2014.08.05 06:42:15.872,1.37578,1.37582,1.00,1.00
2014.08.05 06:42:16.378,1.37578,1.37583,1.00,1.00
2014.08.05 06:42:16.884,1.37576,1.37582,1.50,1.00
2014.08.05 06:42:17.899,1.37576,1.37582,1.13,1.00
2014.08.05 06:42:18.506,1.37575,1.37582,3.38,1.50
2014.08.05 06:42:18.708,1.37575,1.3758,3.00,1.00
2014.08.05 06:42:19.212,1.37574,1.37579,1.50,1.00
2014.08.05 06:42:19.515,1.37573,1.37576,1.00,1.50
2014.08.05 06:42:19.868,1.37571,1.37576,1.20,1.50
2014.08.05 06:42:20.071,1.37572,1.37577,1.38,2.25
2014.08.05 06:42:20.424,1.37572,1.37579,1.38,1.50
2014.08.05 06:42:22.317,1.37572,1.3758,3.38,8.33
2014.08.05 06:42:23.140,1.37575,1.3758,1.00,7.20
2014.08.05 06:42:23.602,1.37573,1.3758,1.88,3.45
2014.08.05 06:42:24.693,1.37575,1.3758,1.00,2.70
2014.08.05 06:42:24.897,1.37572,1.37579,1.88,1.50
2014.08.05 06:42:25.049,1.37572,1.37576,1.50,1.25
2014.08.05 06:42:25.151,1.3757,1.37575,1.50,1.95
2014.08.05 06:42:25.505,1.37571,1.37577,1.00,3.45
2014.08.05 06:42:27.873,1.37572,1.37578,1.00,3.00
2014.08.05 06:42:28.844,1.37573,1.37578,1.00,1.00
2014.08.05 06:42:29.383,1.37574,1.3758,2.25,1.95
2014.08.05 06:42:29.915,1.37575,1.3758,1.00,1.45
2014.08.05 06:42:31.856,1.37574,1.37581,1.88,1.58
2014.08.05 06:42:35.463,1.37572,1.37579,1.50,1.95
2014.08.05 06:42:35.967,1.37571,1.37579,2.25,1.95
2014.08.05 06:42:36.503,1.37571,1.37578,1.13,1.00
2014.08.05 06:42:41.097,1.37572,1.37579,1.00,2.33
2014.08.05 06:42:43.918,1.37572,1.37579,1.38,1.95
2014.08.05 06:42:44.422,1.37573,1.37579,1.38,1.00
2014.08.05 06:42:44.953,1.37574,1.37581,1.13,1.45
2014.08.05 06:42:48.829,1.37574,1.37581,1.13,1.50
2014.08.05 06:43:00.671,1.37574,1.37581,1.38,1.00
2014.08.05 06:43:04.818,1.37576,1.37581,1.00,1.00
2014.08.05 06:43:05.071,1.37576,1.37583,1.13,2.63
2014.08.05 06:43:06.043,1.37576,1.37584,3.00,2.70
2014.08.05 06:43:06.245,1.37578,1.37585,1.00,1.45
2014.08.05 06:43:06.863,1.37578,1.37585,1.50,1.00
2014.08.05 06:43:07.165,1.3758,1.37586,1.00,2.70
2014.08.05 06:43:07.813,1.37578,1.37586,4.13,1.95
2014.08.05 06:43:12.390,1.37578,1.37585,3.38,1.00
2014.08.05 06:43:12.491,1.3758,1.37585,1.00,1.00
2014.08.05 06:43:14.049,1.37578,1.37585,1.88,1.00
2014.08.05 06:43:16.920,1.37577,1.37585,4.88,1.00
2014.08.05 06:43:18.569,1.37578,1.37585,1.00,1.00
2014.08.05 06:43:19.079,1.37577,1.37585,4.88,1.00
2014.08.05 06:43:19.645,1.37577,1.37585,4.88,1.00
2014.08.05 06:43:24.594,1.37577,1.37584,4.13,1.00
2014.08.05 06:43:25.114,1.37577,1.37582,1.88,1.00
2014.08.05 06:43:25.316,1.37574,1.37581,2.63,1.00
2014.08.05 06:43:25.820,1.37574,1.3758,1.50,1.50
2014.08.05 06:43:26.324,1.37574,1.37579,1.00,2.25
2014.08.05 06:43:26.828,1.37572,1.37579,1.58,3.00
2014.08.05 06:43:26.932,1.37571,1.37578,1.88,1.00
2014.08.05 06:43:27.436,1.3757,1.37577,4.88,1.50
2014.08.05 06:43:31.581,1.3757,1.37578,3.38,1.50
2014.08.05 06:43:36.344,1.3757,1.37577,1.88,1.00
2014.08.05 06:43:36.834,1.3757,1.37573,1.00,1.00
2014.08.05 06:43:37.087,1.37568,1.37572,1.95,1.00
2014.08.05 06:43:37.289,1.37566,1.37572,1.00,1.00
2014.08.05 06:43:38.605,1.37567,1.37572,1.00,1.00
2014.08.05 06:43:41.950,1.37567,1.37573,1.00,3.38
2014.08.05 06:43:44.060,1.37567,1.37572,1.00,1.00
2014.08.05 06:43:45.049,1.37567,1.37573,1.00,3.00
2014.08.05 06:43:45.561,1.37567,1.37573,1.38,3.00
2014.08.05 06:43:46.645,1.37565,1.3757,1.50,1.00
2014.08.05 06:43:46.796,1.37566,1.37572,1.13,2.33
2014.08.05 06:43:47.149,1.37567,1.37572,1.38,1.00
2014.08.05 06:43:47.301,1.37568,1.37574,1.13,3.00
2014.08.05 06:43:47.452,1.37569,1.37576,2.33,3.00
2014.08.05 06:43:49.345,1.37569,1.37577,3.00,2.25
2014.08.05 06:43:50.471,1.37569,1.37576,1.50,1.00
2014.08.05 06:43:50.622,1.37569,1.37576,1.88,1.00
2014.08.05 06:43:51.139,1.37569,1.37577,3.38,2.25
2014.08.05 06:43:55.537,1.37569,1.37577,3.38,3.75
2014.08.05 06:43:58.147,1.37569,1.37577,1.88,3.38
2014.08.05 06:43:58.653,1.3757,1.37578,3.75,2.25
2014.08.05 06:43:59.327,1.37571,1.37578,1.38,1.50
2014.08.05 06:43:59.831,1.37572,1.37579,3.38,1.00
2014.08.05 06:44:00.613,1.37572,1.3758,5.63,1.00
2014.08.05 06:44:01.731,1.37573,1.3758,3.00,1.00
2014.08.05 06:44:01.883,1.37576,1.37582,1.13,1.50
2014.08.05 06:44:02.413,1.37576,1.37584,1.88,1.95
2014.08.05 06:44:03.914,1.37576,1.37584,1.88,1.95
2014.08.05 06:44:07.982,1.37575,1.37582,3.38,1.50
2014.08.05 06:44:08.486,1.37574,1.37582,3.38,1.00
2014.08.05 06:44:10.994,1.37574,1.37582,5.25,1.00
2014.08.05 06:44:11.498,1.37576,1.37582,1.00,1.00
2014.08.05 06:44:11.750,1.37577,1.37583,1.38,1.50
2014.08.05 06:44:11.952,1.37579,1.37586,3.00,1.50
2014.08.05 06:44:12.104,1.37581,1.37587,1.00,1.50
2014.08.05 06:44:12.154,1.37581,1.37589,1.00,4.50
2014.08.05 06:44:12.676,1.37582,1.3759,4.50,1.88
2014.08.05 06:44:13.199,1.37582,1.3759,5.33,1.88
2014.08.05 06:44:14.274,1.37582,1.37589,2.63,1.13
2014.08.05 06:44:14.792,1.37581,1.37588,1.38,1.50
2014.08.05 06:44:15.805,1.37581,1.37589,2.63,2.25
2014.08.05 06:44:21.131,1.37585,1.37589,1.00,2.70
2014.08.05 06:44:21.232,1.37583,1.37589,1.13,2.70
2014.08.05 06:44:21.775,1.37583,1.37589,1.88,2.25
2014.08.05 06:44:23.608,1.37587,1.37589,1.00,1.13
2014.08.05 06:44:23.860,1.37595,1.376,1.13,1.50
2014.08.05 06:44:23.962,1.37595,1.37602,1.00,4.50
2014.08.05 06:44:24.480,1.37596,1.37603,1.50,1.50
2014.08.05 06:44:24.989,1.37597,1.37603,1.00,1.50
2014.08.05 06:44:25.496,1.37597,1.37602,1.00,1.50
2014.08.05 06:44:26.015,1.37595,1.37602,2.63,1.50
2014.08.05 06:44:26.216,1.37597,1.37602,1.00,1.50
2014.08.05 06:44:27.756,1.37595,1.37602,1.38,1.00
2014.08.05 06:44:28.320,1.37597,1.37602,1.00,1.00
2014.08.05 06:44:29.000,1.37595,1.37602,1.38,1.00
2014.08.05 06:44:29.747,1.37595,1.37602,1.13,1.00
2014.08.05 06:44:30.049,1.37597,1.37602,1.00,1.00
2014.08.05 06:44:30.403,1.37599,1.37603,1.00,1.00
2014.08.05 06:44:30.919,1.37599,1.37604,1.50,2.63
2014.08.05 06:44:31.423,1.37599,1.37603,1.00,1.00
2014.08.05 06:44:31.726,1.37597,1.37599,1.00,1.00
2014.08.05 06:44:31.927,1.37593,1.37597,1.00,1.00
2014.08.05 06:44:31.978,1.37591,1.37595,3.00,1.13
2014.08.05 06:44:33.262,1.37592,1.37595,1.00,1.00
2014.08.05 06:44:33.520,1.37593,1.37597,1.00,2.25
2014.08.05 06:44:34.045,1.37593,1.37598,1.00,1.50
2014.08.05 06:44:36.787,1.37594,1.37598,1.00,1.50
2014.08.05 06:44:37.039,1.37595,1.376,3.00,1.00
2014.08.05 06:44:37.141,1.37597,1.376,1.50,1.00
2014.08.05 06:44:37.242,1.37598,1.37603,1.13,1.00
2014.08.05 06:44:37.343,1.37599,1.37605,1.00,3.00
2014.08.05 06:44:38.153,1.376,1.37605,1.00,1.13
2014.08.05 06:44:39.023,1.37599,1.37605,1.50,1.00
2014.08.05 06:44:39.124,1.37601,1.37605,1.00,1.00
2014.08.05 06:44:42.385,1.376,1.37605,1.00,1.00
2014.08.05 06:44:42.752,1.37598,1.37604,1.13,1.00
2014.08.05 06:44:43.266,1.37596,1.37604,2.63,3.00
2014.08.05 06:44:43.770,1.37595,1.37603,7.50,1.00
2014.08.05 06:44:45.767,1.37595,1.37602,6.00,1.00
2014.08.05 06:44:46.682,1.37595,1.37601,1.00,1.50
2014.08.05 06:44:47.289,1.37595,1.37602,1.88,2.25
2014.08.05 06:44:47.794,1.37595,1.37602,1.88,2.25
2014.08.05 06:44:48.403,1.37595,1.37601,1.38,1.00
2014.08.05 06:44:48.920,1.37595,1.37602,1.88,2.25
2014.08.05 06:44:50.570,1.37595,1.37601,1.38,1.00
2014.08.05 06:44:52.718,1.37595,1.37601,1.88,1.00
2014.08.05 06:44:53.173,1.37593,1.37601,3.75,1.50
2014.08.05 06:44:53.677,1.37593,1.376,3.00,1.00
2014.08.05 06:44:54.635,1.37593,1.37601,2.63,2.63
2014.08.05 06:44:57.414,1.37593,1.376,1.88,1.00
2014.08.05 06:44:58.781,1.37593,1.37599,1.00,1.00
2014.08.05 06:44:59.581,1.37593,1.37598,1.00,1.00
2014.08.05 06:45:00.086,1.37592,1.37599,1.88,2.25
2014.08.05 06:45:00.389,1.37592,1.37597,1.00,1.00
2014.08.05 06:45:00.591,1.3759,1.37596,1.00,3.00
2014.08.05 06:45:00.693,1.3759,1.37594,1.00,1.50
2014.08.05 06:45:00.895,1.37586,1.37593,2.33,3.75
2014.08.05 06:45:01.400,1.37587,1.37593,1.58,2.25
2014.08.05 06:45:01.905,1.37587,1.37593,3.27,1.50
2014.08.05 06:45:02.006,1.37588,1.37595,1.95,2.63
2014.08.05 06:45:02.528,1.37587,1.37592,1.45,1.50
2014.08.05 06:45:02.629,1.37586,1.37592,1.00,1.00
2014.08.05 06:45:02.730,1.37586,1.37589,1.00,1.00
2014.08.05 06:45:02.943,1.37581,1.37585,1.00,1.00
2014.08.05 06:45:03.044,1.37577,1.37583,1.00,1.00
2014.08.05 06:45:03.548,1.37576,1.37583,2.70,1.00
2014.08.05 06:45:03.702,1.37579,1.37583,1.00,1.00
2014.08.05 06:45:03.853,1.37581,1.37586,1.20,1.50
2014.08.05 06:45:03.954,1.37583,1.37586,1.20,1.00
2014.08.05 06:45:04.005,1.37583,1.37589,1.20,2.63
2014.08.05 06:45:08.913,1.37583,1.37588,1.10,1.50
2014.08.05 06:45:09.418,1.37582,1.37588,1.13,1.50
2014.08.05 06:45:09.620,1.37582,1.37586,1.00,1.00
2014.08.05 06:45:09.671,1.3758,1.37586,1.13,1.00
2014.08.05 06:45:10.175,1.37578,1.37585,1.88,1.00
2014.08.05 06:45:10.327,1.37579,1.37587,1.88,4.95
2014.08.05 06:45:10.831,1.3758,1.37587,1.88,1.50
2014.08.05 06:45:11.537,1.37581,1.37587,1.38,1.00
2014.08.05 06:45:12.041,1.37582,1.37588,2.63,1.00
2014.08.05 06:45:12.567,1.37583,1.37588,1.38,1.00
2014.08.05 06:45:13.140,1.37583,1.37588,1.38,1.00
2014.08.05 06:45:13.694,1.37583,1.37589,1.38,1.50
2014.08.05 06:45:14.661,1.37582,1.37589,1.88,2.25
2014.08.05 06:45:19.651,1.37582,1.37588,1.38,1.00
2014.08.05 06:45:26.104,1.37581,1.37588,1.38,1.50
2014.08.05 06:45:29.404,1.3758,1.37587,1.38,1.00
2014.08.05 06:45:32.734,1.3758,1.37587,1.65,3.00
2014.08.05 06:45:32.885,1.3758,1.37587,1.20,3.75
2014.08.05 06:45:36.021,1.37579,1.37586,1.13,1.38
2014.08.05 06:45:36.324,1.37578,1.37581,1.00,2.25
2014.08.05 06:45:36.375,1.37574,1.37581,1.38,2.25
2014.08.05 06:45:36.728,1.37573,1.37581,3.38,2.25
2014.08.05 06:45:37.341,1.37573,1.3758,2.63,1.00
2014.08.05 06:45:37.845,1.37572,1.3758,4.13,1.50
2014.08.05 06:45:38.880,1.37573,1.3758,1.00,1.50
2014.08.05 06:45:40.399,1.37573,1.37581,1.00,3.00
2014.08.05 06:45:42.670,1.37573,1.3758,1.13,1.00
2014.08.05 06:45:43.191,1.37573,1.37581,1.50,3.38
2014.08.05 06:45:45.929,1.37572,1.3758,6.00,1.00
2014.08.05 06:45:46.433,1.37573,1.37581,1.50,4.13
2014.08.05 06:45:51.617,1.37576,1.37581,1.50,1.50
2014.08.05 06:45:52.120,1.37576,1.37582,2.25,1.50
2014.08.05 06:45:52.578,1.37575,1.37582,2.63,2.25
2014.08.05 06:45:56.255,1.37576,1.37583,1.13,3.45
2014.08.05 06:45:56.775,1.37577,1.37584,1.50,3.83
2014.08.05 06:45:57.632,1.37577,1.37582,1.50,1.00
2014.08.05 06:45:58.137,1.37576,1.37581,1.50,1.00
2014.08.05 06:45:58.542,1.37574,1.3758,1.50,1.13
2014.08.05 06:45:58.592,1.37574,1.37578,1.50,1.00
2014.08.05 06:45:58.946,1.37575,1.37582,1.88,1.95
2014.08.05 06:45:59.299,1.37576,1.37583,1.00,2.70
2014.08.05 06:46:00.376,1.37576,1.37583,1.38,1.95
2014.08.05 06:46:06.502,1.37575,1.37583,2.63,2.70
2014.08.05 06:46:08.101,1.37575,1.37582,1.88,1.50
2014.08.05 06:46:18.697,1.37575,1.37582,1.88,2.25
2014.08.05 06:46:19.201,1.37575,1.37582,2.63,2.25
2014.08.05 06:46:29.999,1.37577,1.37582,1.00,1.50
2014.08.05 06:46:33.065,1.37575,1.37582,4.88,1.50
2014.08.05 06:46:35.575,1.37575,1.37581,3.00,1.00
2014.08.05 06:46:36.081,1.37574,1.3758,1.00,1.50
2014.08.05 06:46:36.585,1.37574,1.3758,4.13,1.00
2014.08.05 06:46:36.837,1.37577,1.37582,1.00,1.50
2014.08.05 06:46:43.951,1.37576,1.37582,1.13,1.50
2014.08.05 06:46:44.636,1.37577,1.37582,1.00,1.50
2014.08.05 06:46:45.503,1.37576,1.37582,1.88,1.50
2014.08.05 06:46:48.783,1.37577,1.37582,1.00,1.65
2014.08.05 06:46:48.885,1.3758,1.37582,1.38,1.65
2014.08.05 06:46:49.224,1.37584,1.37588,1.00,2.25
2014.08.05 06:46:49.275,1.37584,1.37589,1.13,1.50
2014.08.05 06:46:56.263,1.37583,1.37589,2.63,1.50
2014.08.05 06:46:56.773,1.37584,1.37589,1.13,1.50
2014.08.05 06:47:00.868,1.37583,1.37589,1.13,1.50
2014.08.05 06:47:01.435,1.37584,1.37589,1.00,1.50
2014.08.05 06:47:04.278,1.37584,1.37589,1.88,1.50
2014.08.05 06:47:05.096,1.37584,1.37589,1.13,1.50
2014.08.05 06:47:06.191,1.37582,1.37589,1.88,1.50
2014.08.05 06:47:06.392,1.3758,1.37588,3.75,2.63
2014.08.05 06:47:06.443,1.3758,1.37586,3.00,1.00
2014.08.05 06:47:06.896,1.37578,1.37585,1.13,1.50
2014.08.05 06:47:10.785,1.3758,1.37585,1.00,2.25
2014.08.05 06:47:11.138,1.37578,1.37585,1.13,2.25
2014.08.05 06:47:11.347,1.3758,1.37585,1.00,3.00
2014.08.05 06:47:11.878,1.37578,1.37585,1.13,3.00
2014.08.05 06:47:12.747,1.3758,1.37585,1.00,2.25
2014.08.05 06:47:13.408,1.37578,1.37585,2.63,2.25
2014.08.05 06:47:14.731,1.37579,1.37585,1.00,1.50
2014.08.05 06:47:15.694,1.3758,1.37585,1.00,1.50
2014.08.05 06:47:15.896,1.3758,1.37586,1.88,1.50
2014.08.05 06:47:16.199,1.37582,1.37588,1.38,1.50
2014.08.05 06:47:16.723,1.37581,1.37588,1.50,1.50
2014.08.05 06:47:18.438,1.37581,1.37587,1.38,1.00
2014.08.05 06:47:18.957,1.3758,1.37587,2.63,1.00
2014.08.05 06:47:20.410,1.3758,1.37587,1.88,1.50
2014.08.05 06:47:20.814,1.37579,1.37585,1.50,1.50
2014.08.05 06:47:21.317,1.37577,1.37585,4.13,2.63
2014.08.05 06:47:24.281,1.37577,1.37585,3.38,4.13
2014.08.05 06:47:24.792,1.3758,1.37585,1.00,1.00
2014.08.05 06:47:25.313,1.37581,1.37586,1.00,1.50
2014.08.05 06:47:25.820,1.37579,1.37586,2.63,1.50
2014.08.05 06:47:26.388,1.37579,1.37586,1.88,3.00
2014.08.05 06:47:26.694,1.37581,1.37586,1.00,3.75
2014.08.05 06:47:26.996,1.37585,1.37589,1.00,1.00
2014.08.05 06:47:27.532,1.37585,1.3759,1.13,2.25
2014.08.05 06:47:28.311,1.37585,1.37591,1.00,6.00
2014.08.05 06:47:33.025,1.37585,1.3759,1.00,1.00
2014.08.05 06:47:33.694,1.37585,1.37589,1.00,1.00
2014.08.05 06:47:34.240,1.37583,1.37589,1.88,1.50
2014.08.05 06:47:34.542,1.37582,1.37587,1.13,1.00
2014.08.05 06:47:40.637,1.37582,1.37588,1.00,2.63
2014.08.05 06:47:41.394,1.37582,1.37587,1.13,1.00
2014.08.05 06:47:46.229,1.37582,1.37588,1.00,3.75
2014.08.05 06:47:46.747,1.37582,1.37587,1.00,1.00
2014.08.05 06:47:47.306,1.37581,1.37585,2.63,1.00
2014.08.05 06:47:49.418,1.37581,1.37586,1.00,1.00
2014.08.05 06:47:50.256,1.37581,1.37587,1.00,1.50
2014.08.05 06:47:50.669,1.37579,1.37584,1.88,1.00
2014.08.05 06:47:50.820,1.37577,1.37584,1.88,1.50
2014.08.05 06:47:51.338,1.37577,1.37583,1.00,1.50
2014.08.05 06:48:02.198,1.37576,1.37583,2.25,3.00
2014.08.05 06:48:08.310,1.37576,1.37583,2.10,3.75
2014.08.05 06:48:10.727,1.37576,1.37583,1.50,3.75
2014.08.05 06:48:12.535,1.37575,1.37583,4.13,3.75
2014.08.05 06:48:13.216,1.37575,1.37583,3.00,3.75
2014.08.05 06:48:21.824,1.37575,1.37583,3.75,4.50
2014.08.05 06:48:22.667,1.37575,1.37583,3.00,3.75
2014.08.05 06:48:31.167,1.37575,1.37583,4.13,3.75
2014.08.05 06:48:31.781,1.37576,1.37582,1.88,1.00
2014.08.05 06:48:33.313,1.37576,1.37583,1.88,2.25
2014.08.05 06:48:36.285,1.37576,1.37582,1.38,1.00
2014.08.05 06:48:37.913,1.37576,1.37583,1.38,2.25
2014.08.05 06:48:39.383,1.37576,1.37583,1.13,2.25
2014.08.05 06:48:41.756,1.37576,1.37582,1.13,1.00
2014.08.05 06:48:49.593,1.37575,1.37582,1.88,2.55
2014.08.05 06:48:50.320,1.37575,1.37581,1.88,1.00
2014.08.05 06:48:50.825,1.37575,1.37582,1.88,1.00
2014.08.05 06:48:55.156,1.37575,1.37582,1.88,2.55
2014.08.05 06:49:01.468,1.37575,1.37582,1.88,1.95
