2007.11.23 05:00:00.147,1.6073,1.6078,19.90,0.70
2007.11.23 05:00:00.321,1.6073,1.6078,19.90,0.90
2007.11.23 05:00:00.494,1.6073,1.60795,19.90,18.30
2007.11.23 05:00:00.631,1.6073,1.6078,19.90,0.70
2007.11.23 05:00:00.770,1.6073,1.60795,19.90,18.30
2007.11.23 05:00:00.908,1.6073,1.6078,19.90,0.90
2007.11.23 05:00:01.047,1.6073,1.6078,19.90,0.50
2007.11.23 05:00:01.186,1.6073,1.60795,19.90,18.30
2007.11.23 05:00:01.324,1.6073,1.6078,19.90,0.50
2007.11.23 05:00:01.462,1.6073,1.6078,19.90,0.80
2007.11.23 05:00:01.716,1.6073,1.60795,19.90,18.30
2007.11.23 05:00:01.968,1.6073,1.60795,19.90,18.30
2007.11.23 05:00:02.220,1.6073,1.6078,19.90,0.50
2007.11.23 05:00:02.474,1.6073,1.6078,19.90,0.50
2007.11.23 05:00:02.567,1.6073,1.60795,19.90,18.30
2007.11.23 05:00:02.660,1.6073,1.60795,19.90,18.30
2007.11.23 05:00:02.755,1.6073,1.60795,19.90,18.30
2007.11.23 05:00:02.848,1.6073,1.6078,19.90,0.70
2007.11.23 05:00:02.941,1.6073,1.60795,19.90,18.30
2007.11.23 05:00:03.033,1.6073,1.6078,19.90,0.90
2007.11.23 05:00:03.134,1.6073,1.60795,19.90,18.30
2007.11.23 05:00:03.228,1.60735,1.6078,8.80,0.80
2007.11.23 05:00:03.321,1.6075,1.6079,0.80,12.30
2007.11.23 05:00:03.414,1.6075,1.6079,0.80,12.30
2007.11.23 05:00:03.727,1.6075,1.6078,0.80,0.40
2007.11.23 05:00:04.111,1.6075,1.6079,0.80,12.30
2007.11.23 05:00:04.423,1.6075,1.6078,0.80,0.40
2007.11.23 05:00:04.550,1.6075,1.6078,0.80,0.40
2007.11.23 05:00:04.679,1.6075,1.6078,0.80,0.40
2007.11.23 05:00:04.806,1.6075,1.6078,0.80,0.40
2007.11.23 05:00:04.934,1.6075,1.6078,0.80,0.40
2007.11.23 05:00:05.062,1.6075,1.6078,0.80,0.40
2007.11.23 05:00:05.189,1.6075,1.6078,0.80,0.40
2007.11.23 05:00:05.319,1.6075,1.6078,0.80,0.40
2007.11.23 05:00:05.447,1.6075,1.6078,0.80,0.40
2007.11.23 05:00:05.695,1.6075,1.6078,0.80,0.40
2007.11.23 05:00:05.943,1.6075,1.6078,0.80,0.40
2007.11.23 05:00:06.191,1.6075,1.6078,0.80,0.40
2007.11.23 05:00:06.215,1.6075,1.6078,0.80,0.40
2007.11.23 05:00:06.438,1.6075,1.6079,0.80,12.30
2007.11.23 05:00:06.686,1.6075,1.6079,0.80,12.30
2007.11.23 05:00:06.849,1.6075,1.6078,0.80,0.40
2007.11.23 05:00:07.012,1.6075,1.6079,0.80,12.30
2007.11.23 05:00:07.176,1.6075,1.6078,0.80,0.40
2007.11.23 05:00:07.338,1.6075,1.6078,12.70,0.40
2007.11.23 05:00:07.502,1.6075,1.6079,0.80,17.10
2007.11.23 05:00:07.655,1.6075,1.6078,0.80,0.40
2007.11.23 05:00:07.807,1.6075,1.6078,0.80,0.40
2007.11.23 05:00:07.959,1.6075,1.6078,0.80,0.40
2007.11.23 05:00:08.113,1.6075,1.6078,0.80,0.40
2007.11.23 05:00:08.266,1.6075,1.6079,0.80,17.10
2007.11.23 05:00:08.418,1.6075,1.6078,0.80,0.40
2007.11.23 05:00:08.571,1.6075,1.6078,0.80,0.40
2007.11.23 05:00:08.764,1.6075,1.6079,0.80,17.10
2007.11.23 05:00:08.956,1.6075,1.6079,0.80,17.10
2007.11.23 05:00:09.149,1.6075,1.6078,0.80,0.40
2007.11.23 05:00:09.342,1.6075,1.6078,0.80,0.40
2007.11.23 05:00:09.534,1.6075,1.6078,0.80,0.40
2007.11.23 05:00:09.663,1.6075,1.6079,0.80,17.10
2007.11.23 05:00:09.791,1.6075,1.6079,0.80,17.10
2007.11.23 05:00:09.918,1.6075,1.6078,0.80,0.40
2007.11.23 05:00:10.045,1.6075,1.6079,0.80,17.10
2007.11.23 05:00:10.268,1.6075,1.6079,0.80,17.10
2007.11.23 05:00:10.398,1.6075,1.6079,0.80,17.10
2007.11.23 05:00:10.524,1.6075,1.6079,0.80,17.10
2007.11.23 05:00:10.691,1.6075,1.6078,0.80,0.40
2007.11.23 05:00:10.854,1.6075,1.6078,0.80,0.40
2007.11.23 05:00:11.018,1.6075,1.6079,0.80,17.10
2007.11.23 05:00:11.181,1.6075,1.6079,0.80,17.10
2007.11.23 05:00:11.344,1.6075,1.6079,0.80,17.10
2007.11.23 05:00:11.506,1.6075,1.6078,0.80,0.40
2007.11.23 05:00:11.668,1.6075,1.6079,0.80,17.10
2007.11.23 05:00:11.853,1.6075,1.6079,0.80,17.10
2007.11.23 05:00:12.035,1.6075,1.6079,0.80,17.10
2007.11.23 05:00:12.217,1.6075,1.6078,0.80,0.40
2007.11.23 05:00:12.400,1.6075,1.6079,0.80,17.10
2007.11.23 05:00:12.582,1.6075,1.6079,0.80,17.10
2007.11.23 05:00:12.765,1.6075,1.6079,0.80,17.10
2007.11.23 05:00:12.979,1.6075,1.6079,0.80,17.10
2007.11.23 05:00:13.198,1.6075,1.6079,0.80,17.10
2007.11.23 05:00:13.411,1.6075,1.6079,0.80,17.10
2007.11.23 05:00:13.623,1.6075,1.6079,0.80,17.10
2007.11.23 05:00:13.837,1.6075,1.6078,0.80,0.40
2007.11.23 05:00:13.935,1.6075,1.6078,0.80,0.40
2007.11.23 05:00:14.032,1.6075,1.6079,0.80,17.10
2007.11.23 05:00:14.131,1.6075,1.6078,0.80,0.40
2007.11.23 05:00:14.229,1.6075,1.6078,0.80,0.40
2007.11.23 05:00:14.326,1.6075,1.6079,0.80,17.10
2007.11.23 05:00:14.425,1.6075,1.6079,0.80,17.10
2007.11.23 05:00:14.522,1.6075,1.6079,0.80,17.10
2007.11.23 05:00:14.619,1.6075,1.6079,0.80,17.10
2007.11.23 05:00:14.717,1.6075,1.6079,0.80,17.10
2007.11.23 05:00:14.816,1.6075,1.6079,0.80,17.10
2007.11.23 05:00:15.003,1.6075,1.6078,0.80,0.40
2007.11.23 05:00:15.192,1.6075,1.6079,0.80,17.10
2007.11.23 05:00:15.380,1.6075,1.6078,0.80,0.40
2007.11.23 05:00:15.567,1.6075,1.6079,0.80,17.10
2007.11.23 05:00:15.756,1.6075,1.6078,0.80,0.40
2007.11.23 05:00:15.944,1.6075,1.6079,0.80,17.10
2007.11.23 05:00:16.086,1.6075,1.6079,0.80,17.10
2007.11.23 05:00:16.229,1.6075,1.6079,0.80,17.10
2007.11.23 05:00:16.435,1.6075,1.6079,0.80,17.10
2007.11.23 05:00:16.578,1.6075,1.6078,0.80,0.40
2007.11.23 05:00:16.720,1.6075,1.6079,0.80,17.10
2007.11.23 05:00:16.864,1.6075,1.6078,0.80,0.40
2007.11.23 05:00:17.007,1.6075,1.6079,0.80,17.10
2007.11.23 05:00:17.184,1.6075,1.6078,0.80,0.40
2007.11.23 05:00:17.362,1.6075,1.6079,0.80,17.10
2007.11.23 05:00:17.540,1.6075,1.6079,0.80,17.10
2007.11.23 05:00:17.719,1.6075,1.6079,0.80,17.10
2007.11.23 05:00:17.897,1.6075,1.6079,0.80,17.10
2007.11.23 05:00:18.074,1.6075,1.6079,0.80,17.10
2007.11.23 05:00:18.178,1.6075,1.6078,0.80,0.40
2007.11.23 05:00:18.281,1.6075,1.6079,0.80,17.10
2007.11.23 05:00:18.383,1.6075,1.6079,0.80,17.10
2007.11.23 05:00:18.486,1.6075,1.6079,0.80,17.10
2007.11.23 05:00:18.590,1.6075,1.6079,0.80,17.10
2007.11.23 05:00:18.695,1.6075,1.6078,0.80,0.40
2007.11.23 05:00:18.796,1.6075,1.6078,0.80,0.40
2007.11.23 05:00:18.898,1.6075,1.6078,0.80,0.40
2007.11.23 05:00:19.002,1.6075,1.6078,0.80,0.40
2007.11.23 05:00:19.104,1.6075,1.6079,0.80,17.10
2007.11.23 05:00:19.278,1.6075,1.6079,0.80,17.10
2007.11.23 05:00:19.450,1.6075,1.6079,0.80,17.10
2007.11.23 05:00:19.624,1.6075,1.6078,0.80,0.40
2007.11.23 05:00:19.798,1.6075,1.6078,0.80,0.40
2007.11.23 05:00:19.970,1.6075,1.6079,0.80,17.10
2007.11.23 05:00:20.142,1.6075,1.6079,0.80,17.10
2007.11.23 05:00:20.251,1.6075,1.6078,0.80,0.40
2007.11.23 05:00:20.358,1.6075,1.6078,0.80,0.40
2007.11.23 05:00:20.471,1.6075,1.6079,0.80,17.10
2007.11.23 05:00:20.573,1.6075,1.6078,0.80,0.40
2007.11.23 05:00:20.682,1.6075,1.6079,0.80,17.10
2007.11.23 05:00:20.796,1.6075,1.6078,0.80,0.40
2007.11.23 05:00:20.899,1.6073,1.60785,4.00,15.10
2007.11.23 05:00:21.007,1.6073,1.6078,4.00,0.70
2007.11.23 05:00:21.114,1.6073,1.60785,4.00,15.10
2007.11.23 05:00:21.223,1.6073,1.60775,4.00,0.90
2007.11.23 05:00:21.546,1.6073,1.6076,0.80,0.40
2007.11.23 05:00:21.869,1.6073,1.6076,0.80,0.40
2007.11.23 05:00:22.193,1.6073,1.6077,0.80,16.30
2007.11.23 05:00:22.589,1.6073,1.6077,0.80,16.30
2007.11.23 05:00:22.749,1.6073,1.6077,0.80,16.30
2007.11.23 05:00:22.896,1.6073,1.6076,0.80,0.40
2007.11.23 05:00:23.044,1.6073,1.6076,0.80,0.40
2007.11.23 05:00:23.194,1.6073,1.6077,0.80,16.30
2007.11.23 05:00:23.342,1.6073,1.6077,4.80,16.20
2007.11.23 05:00:23.590,1.60705,1.6076,14.30,0.80
2007.11.23 05:00:23.838,1.607,1.6075,4.00,0.90
2007.11.23 05:00:24.088,1.607,1.60765,4.00,17.50
2007.11.23 05:00:24.336,1.607,1.6075,4.00,0.80
2007.11.23 05:00:24.559,1.607,1.60765,4.00,17.50
2007.11.23 05:00:24.782,1.6071,1.6077,11.90,16.30
2007.11.23 05:00:25.012,1.6071,1.6076,11.90,0.90
2007.11.23 05:00:25.234,1.6071,1.6076,11.90,0.60
2007.11.23 05:00:25.444,1.6071,1.6077,11.90,16.20
2007.11.23 05:00:25.658,1.6071,1.6077,11.90,16.20
2007.11.23 05:00:25.860,1.6071,1.6077,11.90,16.20
2007.11.23 05:00:26.068,1.6071,1.6077,11.90,16.20
2007.11.23 05:00:26.277,1.6071,1.6076,11.90,0.80
2007.11.23 05:00:26.405,1.607,1.6076,4.00,15.90
2007.11.23 05:00:26.534,1.607,1.6076,4.00,15.90
2007.11.23 05:00:26.662,1.607,1.6076,4.00,15.90
2007.11.23 05:00:26.789,1.607,1.6076,4.00,15.90
2007.11.23 05:00:26.917,1.607,1.6076,4.00,15.90
2007.11.23 05:00:27.046,1.607,1.6075,4.00,0.60
2007.11.23 05:00:27.174,1.607,1.6076,4.00,15.90
2007.11.23 05:00:27.303,1.60715,1.6076,11.90,0.50
2007.11.23 05:00:27.536,1.6072,1.6075,0.80,0.40
2007.11.23 05:00:27.769,1.6072,1.6076,0.80,16.20
2007.11.23 05:00:28.003,1.607,1.6076,4.00,15.90
2007.11.23 05:00:28.243,1.607,1.6075,4.00,0.50
2007.11.23 05:00:28.470,1.607,1.6075,4.00,0.50
2007.11.23 05:00:28.749,1.607,1.6076,4.00,15.90
2007.11.23 05:00:28.932,1.607,1.6075,4.00,0.80
2007.11.23 05:00:29.117,1.607,1.6075,4.00,0.60
2007.11.23 05:00:29.300,1.607,1.6076,4.00,15.90
2007.11.23 05:00:29.483,1.607,1.6076,4.00,15.90
2007.11.23 05:00:29.641,1.607,1.6076,4.00,15.90
2007.11.23 05:00:29.801,1.607,1.6075,4.00,17.80
2007.11.23 05:00:29.961,1.607,1.6073,0.80,0.60
2007.11.23 05:00:30.121,1.607,1.6073,0.80,0.80
2007.11.23 05:00:30.279,1.607,1.6073,0.80,0.80
2007.11.23 05:00:30.438,1.607,1.6074,18.30,16.30
2007.11.23 05:00:30.712,1.607,1.6074,19.30,16.30
2007.11.23 05:00:30.984,1.6072,1.60745,0.80,9.90
2007.11.23 05:00:31.265,1.6072,1.6074,0.80,0.40
2007.11.23 05:00:31.537,1.6073,1.6077,0.80,17.90
2007.11.23 05:00:31.751,1.6073,1.6076,0.80,0.40
2007.11.23 05:00:31.964,1.6073,1.6077,0.80,16.30
2007.11.23 05:00:32.178,1.6073,1.6077,0.80,16.30
2007.11.23 05:00:32.390,1.6073,1.6076,0.80,0.40
2007.11.23 05:00:32.604,1.6073,1.6077,0.80,16.30
2007.11.23 05:00:32.741,1.6073,1.6077,0.80,16.30
2007.11.23 05:00:32.880,1.6073,1.6077,0.80,16.30
2007.11.23 05:00:33.018,1.6073,1.6076,0.80,0.40
2007.11.23 05:00:33.156,1.6073,1.6077,0.80,16.30
2007.11.23 05:00:33.295,1.6072,1.6075,0.80,0.60
2007.11.23 05:00:33.434,1.6072,1.60755,0.80,21.80
2007.11.23 05:00:33.572,1.6072,1.60755,0.80,21.80
2007.11.23 05:00:33.711,1.6072,1.60755,0.80,21.80
2007.11.23 05:00:33.965,1.6071,1.6074,0.80,0.40
2007.11.23 05:00:34.218,1.6071,1.6074,0.80,0.40
2007.11.23 05:00:34.471,1.6071,1.6074,0.80,0.40
2007.11.23 05:00:34.725,1.6071,1.6074,0.80,0.40
2007.11.23 05:00:34.998,1.6071,1.6074,0.80,0.40
2007.11.23 05:00:35.273,1.6071,1.6074,0.80,0.40
2007.11.23 05:00:35.545,1.6071,1.6074,0.80,0.40
2007.11.23 05:00:35.818,1.6071,1.6074,0.80,0.40
2007.11.23 05:00:36.007,1.6071,1.6074,0.80,0.40
2007.11.23 05:00:36.196,1.6071,1.6074,0.80,0.40
2007.11.23 05:00:36.384,1.60705,1.6076,11.90,11.90
2007.11.23 05:00:36.572,1.60705,1.6076,11.90,11.90
2007.11.23 05:00:36.759,1.60705,1.6076,11.90,11.90
2007.11.23 05:00:37.053,1.60705,1.6076,11.90,11.90
2007.11.23 05:00:37.346,1.60705,1.6076,11.90,11.90
2007.11.23 05:00:37.639,1.60705,1.6076,11.90,11.90
2007.11.23 05:00:37.932,1.60705,1.6076,11.90,11.90
2007.11.23 05:00:38.036,1.60705,1.6076,11.90,11.90
2007.11.23 05:00:38.138,1.60705,1.6076,11.90,11.90
2007.11.23 05:00:38.240,1.60705,1.6076,11.90,11.90
2007.11.23 05:00:38.344,1.60705,1.6076,11.90,11.90
2007.11.23 05:00:38.447,1.60705,1.6076,11.90,11.90
2007.11.23 05:00:38.550,1.60705,1.6076,11.90,11.90
2007.11.23 05:00:38.653,1.60705,1.6076,11.90,11.90
2007.11.23 05:00:38.757,1.60705,1.6076,11.90,11.90
2007.11.23 05:00:38.934,1.60705,1.6076,11.90,11.90
2007.11.23 05:00:39.113,1.60705,1.6076,11.90,11.90
2007.11.23 05:00:39.291,1.607,1.6075,21.50,11.90
2007.11.23 05:00:39.469,1.6071,1.6074,0.80,0.40
2007.11.23 05:00:39.647,1.6071,1.6074,0.80,0.40
2007.11.23 05:00:39.827,1.6071,1.6074,0.80,0.40
2007.11.23 05:00:40.020,1.6071,1.6074,0.80,0.40
2007.11.23 05:00:40.214,1.6071,1.6074,0.80,0.40
2007.11.23 05:00:40.407,1.6071,1.6074,0.80,0.40
2007.11.23 05:00:40.600,1.6071,1.6074,0.80,0.40
2007.11.23 05:00:40.794,1.6071,1.6074,0.80,0.40
2007.11.23 05:00:41.071,1.6071,1.6074,0.80,16.20
2007.11.23 05:00:41.246,1.6071,1.6074,0.80,16.20
2007.11.23 05:00:41.425,1.6071,1.6074,0.80,16.20
2007.11.23 05:00:41.602,1.6071,1.6074,0.80,16.20
2007.11.23 05:00:41.781,1.6071,1.6074,0.80,16.20
2007.11.23 05:00:42.019,1.6071,1.6074,0.80,16.20
2007.11.23 05:00:42.263,1.6071,1.6074,0.80,16.20
2007.11.23 05:00:42.494,1.6071,1.6074,0.80,16.20
2007.11.23 05:00:42.731,1.6071,1.6074,0.80,16.20
2007.11.23 05:00:42.969,1.6071,1.6074,0.80,16.20
2007.11.23 05:00:43.102,1.6071,1.6074,0.80,16.20
2007.11.23 05:00:43.235,1.6071,1.6074,0.80,16.20
2007.11.23 05:00:43.369,1.6071,1.6074,0.80,16.20
2007.11.23 05:00:43.502,1.6071,1.6074,0.80,16.20
2007.11.23 05:00:43.636,1.6071,1.6074,0.80,16.20
2007.11.23 05:00:43.768,1.6071,1.6074,0.80,16.20
2007.11.23 05:00:43.901,1.6071,1.6074,0.80,16.20
2007.11.23 05:00:44.033,1.6071,1.6074,0.80,16.20
2007.11.23 05:00:44.196,1.6071,1.6074,0.80,16.20
2007.11.23 05:00:44.359,1.6071,1.6074,0.80,16.20
2007.11.23 05:00:44.521,1.6071,1.6074,0.80,16.20
2007.11.23 05:00:44.685,1.6071,1.6074,0.80,16.20
2007.11.23 05:00:44.846,1.6071,1.6074,0.80,16.20
2007.11.23 05:00:45.011,1.6071,1.6074,0.80,16.20
2007.11.23 05:00:45.174,1.6071,1.6074,0.80,16.20
2007.11.23 05:00:45.482,1.6071,1.6074,0.80,16.20
2007.11.23 05:00:45.790,1.6071,1.6074,0.80,16.20
2007.11.23 05:00:46.098,1.6071,1.6074,0.80,16.20
2007.11.23 05:00:46.218,1.6071,1.6074,0.80,16.20
2007.11.23 05:00:46.331,1.6071,1.6074,0.80,16.20
2007.11.23 05:00:46.444,1.6071,1.6074,0.80,16.20
2007.11.23 05:00:46.558,1.6071,1.6074,0.80,16.20
2007.11.23 05:00:46.670,1.6071,1.6074,0.80,16.20
2007.11.23 05:00:46.783,1.6071,1.6074,0.80,16.20
2007.11.23 05:00:46.896,1.6071,1.6074,0.80,16.20
2007.11.23 05:00:47.008,1.6071,1.6074,0.80,16.20
2007.11.23 05:00:47.226,1.6071,1.6074,0.80,16.20
2007.11.23 05:00:47.378,1.6071,1.6074,0.80,16.20
2007.11.23 05:00:47.531,1.6071,1.6074,0.80,16.20
2007.11.23 05:00:47.684,1.6071,1.6074,0.80,16.20
2007.11.23 05:00:47.842,1.6071,1.6074,0.80,16.20
2007.11.23 05:00:47.995,1.6071,1.6074,0.80,16.20
2007.11.23 05:00:48.147,1.6071,1.6074,0.80,16.20
2007.11.23 05:00:48.301,1.6071,1.6074,0.80,16.20
2007.11.23 05:00:48.468,1.6071,1.6074,0.80,16.20
2007.11.23 05:00:48.638,1.6071,1.6074,0.80,16.20
2007.11.23 05:00:48.806,1.6071,1.6074,0.80,16.20
2007.11.23 05:00:48.981,1.6071,1.6074,0.80,16.20
2007.11.23 05:00:49.149,1.6071,1.6074,0.80,16.20
2007.11.23 05:00:49.317,1.6071,1.6074,0.80,16.20
2007.11.23 05:00:49.485,1.6071,1.6074,0.80,16.20
2007.11.23 05:00:49.618,1.6071,1.6074,0.80,16.20
2007.11.23 05:00:49.751,1.6071,1.6074,0.80,16.20
2007.11.23 05:00:49.884,1.6071,1.6074,0.80,16.20
2007.11.23 05:00:50.017,1.6071,1.6074,0.80,16.20
2007.11.23 05:00:50.149,1.6071,1.6074,0.80,16.20
2007.11.23 05:00:50.283,1.6071,1.6074,0.80,16.20
2007.11.23 05:00:50.415,1.6071,1.6074,0.80,16.20
2007.11.23 05:00:50.568,1.6071,1.6074,0.80,16.20
2007.11.23 05:00:50.721,1.6071,1.6074,0.80,16.20
2007.11.23 05:00:50.874,1.6071,1.6074,0.80,16.20
2007.11.23 05:00:51.027,1.6071,1.6074,0.80,16.20
2007.11.23 05:00:51.179,1.6071,1.6074,0.80,16.20
2007.11.23 05:00:51.331,1.6071,1.6074,0.80,16.20
2007.11.23 05:00:51.485,1.6071,1.6074,0.80,16.20
2007.11.23 05:00:51.657,1.6071,1.6074,0.80,16.20
2007.11.23 05:00:51.831,1.6071,1.6074,0.80,16.20
2007.11.23 05:00:52.004,1.6071,1.6074,0.80,16.20
2007.11.23 05:00:52.177,1.6071,1.6074,0.80,16.20
2007.11.23 05:00:52.350,1.6071,1.6074,0.80,16.20
2007.11.23 05:00:52.524,1.6071,1.6074,0.80,16.20
2007.11.23 05:00:52.661,1.6071,1.6074,0.80,16.20
2007.11.23 05:00:52.800,1.6071,1.6074,0.80,16.20
2007.11.23 05:00:52.938,1.6071,1.6074,0.80,16.20
2007.11.23 05:00:53.076,1.6071,1.6074,0.80,16.20
2007.11.23 05:00:53.219,1.6071,1.6074,0.80,16.20
2007.11.23 05:00:53.380,1.6071,1.6074,0.80,16.20
2007.11.23 05:00:53.518,1.6071,1.6074,0.80,16.20
2007.11.23 05:00:53.652,1.6071,1.6074,0.80,16.20
2007.11.23 05:00:53.785,1.6071,1.6074,0.80,16.20
2007.11.23 05:00:53.918,1.6071,1.6074,0.80,16.20
2007.11.23 05:00:54.051,1.6071,1.6074,0.80,16.20
2007.11.23 05:00:54.186,1.6071,1.6074,0.80,16.20
2007.11.23 05:00:54.319,1.6072,1.6074,0.80,0.40
2007.11.23 05:00:54.488,1.6072,1.6074,0.80,0.40
2007.11.23 05:00:54.619,1.6072,1.6074,0.80,0.40
2007.11.23 05:00:54.813,1.6072,1.6074,0.80,0.40
2007.11.23 05:00:55.006,1.6072,1.6074,1.60,0.40
2007.11.23 05:00:55.202,1.6072,1.6074,1.60,0.40
2007.11.23 05:00:55.393,1.6072,1.6074,1.60,0.40
2007.11.23 05:00:55.587,1.6072,1.6074,1.60,0.40
2007.11.23 05:00:55.722,1.6072,1.6074,1.60,0.40
2007.11.23 05:00:55.854,1.6072,1.6074,1.60,0.40
2007.11.23 05:00:55.988,1.6072,1.6074,1.60,0.40
2007.11.23 05:00:56.121,1.6072,1.6074,1.60,0.40
2007.11.23 05:00:56.253,1.6072,1.6074,1.60,0.40
2007.11.23 05:00:56.386,1.6072,1.6074,1.60,0.40
2007.11.23 05:00:56.520,1.6072,1.6074,1.60,0.40
2007.11.23 05:00:56.653,1.6072,1.6074,1.60,0.40
2007.11.23 05:00:56.985,1.6072,1.6074,1.60,0.40
2007.11.23 05:00:57.319,1.6072,1.6074,0.80,16.20
2007.11.23 05:00:57.653,1.6071,1.6074,0.80,16.20
2007.11.23 05:00:57.781,1.6071,1.6074,0.80,16.20
2007.11.23 05:00:57.907,1.6071,1.6074,0.80,16.20
2007.11.23 05:00:58.036,1.6071,1.6074,0.80,16.20
2007.11.23 05:00:58.164,1.6071,1.6074,0.80,16.20
2007.11.23 05:00:58.292,1.6071,1.6074,0.80,16.20
2007.11.23 05:00:58.421,1.6071,1.6074,0.80,16.20
2007.11.23 05:00:58.548,1.6071,1.6074,0.80,16.20
2007.11.23 05:00:58.676,1.6071,1.6074,0.80,16.20
2007.11.23 05:00:58.894,1.6071,1.6074,0.80,16.20
2007.11.23 05:00:59.112,1.6071,1.6074,0.80,16.20
2007.11.23 05:00:59.330,1.6071,1.6074,0.80,16.20
2007.11.23 05:00:59.548,1.6071,1.6074,0.80,16.20
2007.11.23 05:00:59.765,1.6071,1.6074,0.80,16.20
2007.11.23 05:00:59.939,1.6071,1.6074,0.80,16.20
2007.11.23 05:01:00.112,1.6071,1.6074,0.80,16.20
2007.11.23 05:01:00.285,1.6071,1.6074,0.80,16.20
2007.11.23 05:01:00.458,1.6071,1.6074,0.80,16.20
2007.11.23 05:01:00.632,1.6071,1.6074,0.80,16.20
2007.11.23 05:01:00.804,1.6071,1.6074,0.80,16.20
2007.11.23 05:01:01.013,1.6071,1.6074,0.80,16.20
2007.11.23 05:01:01.220,1.6071,1.6074,0.80,16.20
2007.11.23 05:01:01.428,1.6071,1.6074,0.80,16.20
2007.11.23 05:01:01.637,1.6071,1.6074,0.80,16.20
2007.11.23 05:01:01.845,1.6071,1.6074,0.80,16.20
2007.11.23 05:01:01.973,1.6071,1.6074,0.80,16.20
2007.11.23 05:01:02.102,1.6071,1.6074,0.80,16.20
2007.11.23 05:01:02.229,1.6071,1.6074,0.80,16.20
2007.11.23 05:01:02.357,1.6071,1.6074,0.80,16.20
2007.11.23 05:01:02.485,1.6071,1.6074,0.80,16.20
2007.11.23 05:01:02.613,1.6071,1.6074,0.80,16.20
2007.11.23 05:01:02.741,1.6071,1.6074,0.80,16.20
2007.11.23 05:01:02.870,1.6071,1.6074,0.80,16.20
2007.11.23 05:01:03.097,1.6071,1.6074,0.80,16.20
2007.11.23 05:01:03.326,1.6071,1.6074,0.80,16.20
2007.11.23 05:01:03.554,1.6071,1.6074,0.80,16.20
2007.11.23 05:01:03.780,1.6071,1.6074,0.80,16.20
2007.11.23 05:01:04.009,1.6071,1.6074,0.80,16.20
2007.11.23 05:01:04.111,1.6071,1.6074,0.80,16.20
2007.11.23 05:01:04.213,1.6071,1.6074,0.80,16.20
2007.11.23 05:01:04.317,1.6071,1.6074,0.80,16.20
2007.11.23 05:01:04.420,1.6071,1.6074,0.80,16.20
2007.11.23 05:01:04.522,1.6071,1.6074,0.80,16.20
2007.11.23 05:01:04.626,1.6071,1.6074,0.80,16.20
2007.11.23 05:01:04.729,1.6071,1.6074,0.80,16.20
2007.11.23 05:01:04.831,1.6071,1.6074,0.80,16.20
2007.11.23 05:01:04.933,1.6071,1.6074,0.80,16.20
2007.11.23 05:01:05.107,1.6071,1.6074,0.80,16.20
2007.11.23 05:01:05.279,1.6071,1.6074,0.80,16.20
2007.11.23 05:01:05.453,1.6071,1.6074,0.80,16.20
2007.11.23 05:01:05.700,1.6071,1.6074,0.80,16.20
2007.11.23 05:01:05.872,1.6071,1.6074,0.80,16.20
2007.11.23 05:01:06.046,1.6071,1.6074,0.80,16.20
2007.11.23 05:01:06.154,1.6071,1.6074,0.80,16.20
2007.11.23 05:01:06.263,1.6071,1.6074,0.80,16.20
2007.11.23 05:01:06.371,1.6071,1.6074,0.80,16.20
2007.11.23 05:01:06.481,1.6071,1.6074,0.80,16.20
2007.11.23 05:01:06.588,1.6071,1.6074,0.80,16.20
2007.11.23 05:01:06.696,1.6071,1.6074,0.80,16.20
2007.11.23 05:01:06.810,1.6071,1.6074,0.80,16.20
2007.11.23 05:01:06.912,1.6071,1.6074,0.80,16.20
2007.11.23 05:01:07.020,1.6071,1.6074,0.80,16.20
2007.11.23 05:01:07.259,1.6071,1.6074,0.80,0.90
2007.11.23 05:01:07.293,1.6071,1.60745,0.80,21.80
2007.11.23 05:01:07.566,1.6071,1.60745,0.80,21.80
2007.11.23 05:01:07.841,1.6071,1.60745,0.80,21.80
2007.11.23 05:01:08.114,1.6071,1.60745,0.80,21.80
2007.11.23 05:01:08.252,1.6071,1.6074,0.80,0.70
2007.11.23 05:01:08.397,1.6071,1.6074,0.80,0.60
2007.11.23 05:01:08.536,1.6071,1.6074,0.80,0.60
2007.11.23 05:01:08.676,1.6071,1.6074,0.80,0.80
2007.11.23 05:01:08.812,1.6071,1.6074,0.80,0.60
2007.11.23 05:01:08.952,1.6071,1.60745,0.80,21.80
2007.11.23 05:01:09.092,1.6071,1.60745,0.80,21.80
2007.11.23 05:01:09.245,1.6071,1.60745,0.80,21.80
2007.11.23 05:01:09.396,1.6071,1.6074,0.80,0.50
2007.11.23 05:01:09.550,1.6071,1.6074,0.80,0.90
2007.11.23 05:01:09.708,1.6071,1.60745,0.80,21.80
2007.11.23 05:01:09.861,1.6071,1.60735,0.80,6.00
2007.11.23 05:01:10.014,1.6071,1.60735,0.80,6.00
2007.11.23 05:01:10.168,1.6071,1.6073,0.80,0.40
2007.11.23 05:01:10.342,1.6072,1.6075,0.80,4.40
2007.11.23 05:01:10.515,1.6072,1.6076,0.80,16.30
2007.11.23 05:01:10.688,1.6072,1.6076,0.80,16.30
2007.11.23 05:01:10.860,1.6072,1.6076,0.80,16.30
2007.11.23 05:01:11.034,1.6072,1.6076,0.80,16.30
2007.11.23 05:01:11.207,1.6072,1.6076,0.80,16.30
2007.11.23 05:01:11.445,1.6072,1.6076,0.80,16.30
2007.11.23 05:01:11.682,1.6072,1.6075,0.80,0.40
2007.11.23 05:01:11.921,1.6072,1.6076,0.80,16.30
2007.11.23 05:01:12.159,1.6072,1.6076,0.80,16.30
2007.11.23 05:01:12.297,1.6072,1.6074,0.80,0.50
2007.11.23 05:01:12.436,1.6071,1.6074,0.80,0.60
2007.11.23 05:01:12.574,1.6071,1.60745,0.80,17.80
2007.11.23 05:01:12.711,1.6071,1.60745,0.80,17.80
2007.11.23 05:01:12.850,1.6071,1.60745,0.80,17.80
2007.11.23 05:01:12.989,1.6071,1.6074,0.80,0.60
2007.11.23 05:01:13.126,1.6071,1.60745,0.80,17.80
2007.11.23 05:01:13.310,1.6071,1.60745,0.80,17.80
2007.11.23 05:01:13.498,1.6071,1.6074,0.80,0.60
2007.11.23 05:01:13.682,1.6071,1.60745,0.80,17.80
2007.11.23 05:01:13.872,1.6071,1.6074,0.80,0.90
2007.11.23 05:01:14.048,1.6071,1.60745,0.80,17.80
2007.11.23 05:01:14.232,1.6071,1.6074,0.80,0.60
2007.11.23 05:01:14.480,1.6071,1.60745,0.80,17.80
2007.11.23 05:01:14.728,1.6071,1.60745,0.80,17.80
2007.11.23 05:01:14.975,1.6071,1.6074,0.80,0.70
2007.11.23 05:01:15.224,1.6071,1.60745,0.80,17.80
2007.11.23 05:01:15.427,1.6071,1.6074,0.80,0.90
2007.11.23 05:01:15.631,1.6071,1.60745,0.80,17.80
2007.11.23 05:01:15.834,1.6071,1.6074,0.80,0.90
2007.11.23 05:01:16.038,1.6071,1.60745,0.80,17.80
2007.11.23 05:01:16.242,1.6071,1.6074,0.80,0.50
2007.11.23 05:01:16.380,1.6071,1.60745,0.80,17.80
2007.11.23 05:01:16.519,1.6071,1.60745,0.80,17.80
2007.11.23 05:01:16.657,1.6071,1.60745,0.80,17.80
2007.11.23 05:01:16.795,1.6071,1.60745,0.80,17.80
2007.11.23 05:01:16.934,1.6071,1.6074,0.80,0.70
2007.11.23 05:01:17.072,1.6071,1.60745,0.80,17.80
2007.11.23 05:01:17.215,1.6071,1.60745,0.80,17.80
2007.11.23 05:01:17.347,1.6071,1.6074,0.80,0.70
2007.11.23 05:01:17.480,1.6071,1.60745,0.80,17.80
2007.11.23 05:01:17.613,1.6071,1.60745,0.80,17.80
2007.11.23 05:01:17.746,1.6071,1.60745,0.80,17.80
2007.11.23 05:01:18.025,1.6071,1.6074,0.80,0.50
2007.11.23 05:01:18.158,1.6071,1.60745,0.80,17.80
2007.11.23 05:01:18.291,1.6071,1.6074,0.80,0.90
2007.11.23 05:01:18.515,1.6071,1.60745,0.80,17.80
2007.11.23 05:01:18.740,1.6071,1.6074,0.80,0.70
2007.11.23 05:01:18.963,1.6071,1.60745,0.80,17.80
2007.11.23 05:01:19.186,1.6071,1.60745,0.80,17.80
2007.11.23 05:01:19.408,1.6071,1.60745,0.80,17.80
2007.11.23 05:01:19.490,1.6071,1.60745,0.80,17.80
2007.11.23 05:01:19.575,1.6071,1.6074,0.80,0.90
2007.11.23 05:01:19.657,1.6071,1.60745,0.80,17.80
2007.11.23 05:01:19.741,1.6071,1.60745,0.80,17.80
2007.11.23 05:01:19.823,1.6071,1.60745,0.80,17.80
2007.11.23 05:01:19.910,1.6071,1.6074,0.80,0.80
2007.11.23 05:01:19.993,1.6071,1.60745,0.80,17.80
2007.11.23 05:01:20.076,1.6071,1.60745,0.80,17.80
2007.11.23 05:01:20.159,1.6071,1.60745,0.80,17.80
2007.11.23 05:01:20.242,1.6071,1.60745,0.80,17.80
2007.11.23 05:01:20.330,1.6071,1.6074,0.80,0.50
2007.11.23 05:01:20.413,1.6071,1.60745,0.80,17.80
2007.11.23 05:01:20.626,1.6071,1.6074,0.80,0.50
2007.11.23 05:01:20.841,1.6071,1.60745,0.80,17.80
2007.11.23 05:01:21.058,1.6071,1.6074,0.80,0.60
2007.11.23 05:01:21.267,1.6071,1.6074,0.80,0.50
2007.11.23 05:01:21.479,1.6071,1.60745,0.80,17.80
2007.11.23 05:01:21.573,1.6071,1.60745,0.80,17.80
2007.11.23 05:01:21.666,1.6071,1.6074,0.80,0.50
2007.11.23 05:01:21.758,1.6071,1.60745,0.80,17.80
2007.11.23 05:01:21.856,1.6071,1.60745,0.80,17.80
2007.11.23 05:01:21.944,1.6071,1.60745,0.80,17.80
2007.11.23 05:01:22.038,1.6071,1.60745,0.80,17.80
2007.11.23 05:01:22.132,1.6071,1.60745,0.80,17.80
2007.11.23 05:01:22.226,1.6071,1.6074,0.80,0.80
2007.11.23 05:01:22.319,1.6071,1.60745,0.80,17.80
2007.11.23 05:01:22.411,1.6071,1.6074,0.80,0.60
2007.11.23 05:01:22.504,1.6071,1.60745,0.80,17.80
2007.11.23 05:01:22.687,1.6071,1.6074,0.80,0.60
2007.11.23 05:01:22.876,1.6071,1.60745,0.80,17.80
2007.11.23 05:01:23.054,1.6071,1.60745,0.80,17.80
2007.11.23 05:01:23.237,1.6071,1.6074,0.80,0.80
2007.11.23 05:01:23.420,1.6071,1.60745,0.80,17.80
2007.11.23 05:01:23.602,1.6071,1.6074,0.80,0.70
2007.11.23 05:01:23.705,1.6071,1.6074,0.80,0.90
2007.11.23 05:01:23.808,1.6071,1.6074,0.80,0.60
2007.11.23 05:01:23.912,1.6071,1.6074,0.80,0.90
2007.11.23 05:01:24.020,1.6071,1.60745,0.80,17.80
2007.11.23 05:01:24.185,1.6071,1.6074,0.80,0.60
2007.11.23 05:01:24.288,1.6071,1.60745,0.80,17.80
2007.11.23 05:01:24.392,1.6071,1.6074,0.80,0.90
2007.11.23 05:01:24.495,1.6071,1.60745,0.80,17.80
2007.11.23 05:01:24.598,1.6071,1.60745,0.80,17.80
2007.11.23 05:01:24.812,1.6071,1.6074,0.80,0.70
2007.11.23 05:01:25.025,1.6071,1.6074,0.80,0.70
2007.11.23 05:01:25.239,1.6071,1.6074,0.80,0.60
2007.11.23 05:01:25.457,1.6071,1.60745,0.80,17.80
2007.11.23 05:01:25.669,1.6071,1.60745,0.80,17.80
2007.11.23 05:01:25.773,1.6071,1.60745,0.80,17.80
2007.11.23 05:01:25.875,1.6071,1.60745,0.80,17.80
2007.11.23 05:01:25.980,1.6071,1.6074,0.80,0.60
2007.11.23 05:01:26.082,1.6071,1.6074,0.80,0.50
2007.11.23 05:01:26.185,1.6071,1.60745,0.80,17.80
2007.11.23 05:01:26.288,1.6071,1.60745,0.80,17.80
2007.11.23 05:01:26.391,1.6071,1.60745,0.80,17.80
2007.11.23 05:01:26.498,1.6071,1.60745,0.80,17.80
2007.11.23 05:01:26.601,1.6071,1.6074,0.80,0.60
2007.11.23 05:01:26.799,1.6071,1.60745,0.80,17.80
2007.11.23 05:01:26.998,1.6071,1.6074,0.80,0.50
2007.11.23 05:01:27.195,1.6071,1.6074,0.80,0.60
2007.11.23 05:01:27.393,1.6071,1.6074,0.80,0.80
2007.11.23 05:01:27.591,1.6071,1.6074,0.80,0.50
2007.11.23 05:01:27.790,1.6071,1.6072,0.80,0.30
2007.11.23 05:01:27.888,1.6071,1.6072,0.80,0.30
2007.11.23 05:01:27.985,1.6071,1.6072,0.80,0.30
2007.11.23 05:01:28.083,1.6071,1.6072,0.80,0.30
2007.11.23 05:01:28.180,1.6071,1.6072,0.80,0.30
2007.11.23 05:01:28.278,1.6071,1.6072,0.80,0.30
2007.11.23 05:01:28.377,1.6071,1.6072,0.80,0.30
2007.11.23 05:01:28.475,1.6071,1.6072,0.80,0.30
2007.11.23 05:01:28.574,1.6071,1.6072,0.80,0.30
2007.11.23 05:01:28.673,1.6071,1.6072,0.80,0.30
2007.11.23 05:01:28.825,1.6071,1.6072,0.80,0.30
2007.11.23 05:01:28.979,1.6071,1.6072,0.80,0.30
2007.11.23 05:01:29.131,1.6071,1.6072,0.80,0.30
2007.11.23 05:01:29.285,1.6071,1.6072,0.80,0.30
2007.11.23 05:01:29.437,1.6071,1.6072,0.80,0.30
2007.11.23 05:01:29.590,1.6071,1.6072,0.80,0.30
2007.11.23 05:01:29.743,1.6071,1.6072,0.80,0.30
2007.11.23 05:01:30.043,1.6071,1.6072,0.80,0.30
2007.11.23 05:01:30.344,1.6071,1.6072,0.80,0.30
2007.11.23 05:01:30.642,1.6071,1.6072,0.80,0.30
2007.11.23 05:01:30.940,1.6071,1.6072,0.80,0.30
2007.11.23 05:01:31.013,1.6071,1.6072,0.80,0.30
2007.11.23 05:01:31.087,1.6071,1.6072,0.80,0.30
2007.11.23 05:01:31.164,1.6071,1.6072,0.80,0.30
2007.11.23 05:01:31.233,1.6071,1.6072,0.80,0.30
2007.11.23 05:01:31.306,1.6071,1.6072,0.80,0.30
2007.11.23 05:01:31.379,1.6071,1.6072,0.80,0.30
2007.11.23 05:01:31.452,1.6071,1.6072,0.80,0.30
2007.11.23 05:01:31.525,1.6071,1.6072,0.80,0.30
2007.11.23 05:01:31.598,1.6071,1.6072,0.80,0.30
2007.11.23 05:01:31.672,1.6071,1.6072,0.80,0.30
2007.11.23 05:01:31.745,1.6071,1.6072,0.80,0.30
2007.11.23 05:01:31.947,1.6071,1.6072,0.80,0.30
2007.11.23 05:01:32.151,1.6071,1.6072,0.80,0.30
2007.11.23 05:01:32.353,1.6071,1.6072,0.80,0.30
2007.11.23 05:01:32.555,1.6071,1.6072,0.80,0.30
2007.11.23 05:01:32.758,1.6071,1.6072,0.80,0.30
2007.11.23 05:01:32.961,1.6071,1.6072,12.70,0.30
2007.11.23 05:01:33.065,1.6072,1.6075,0.80,0.40
2007.11.23 05:01:33.168,1.6072,1.6075,0.80,0.40
2007.11.23 05:01:33.271,1.6072,1.6075,0.80,0.40
2007.11.23 05:01:33.374,1.6072,1.6075,0.80,0.40
2007.11.23 05:01:33.477,1.6072,1.6075,0.80,0.40
2007.11.23 05:01:33.581,1.6072,1.6075,0.80,0.40
2007.11.23 05:01:33.683,1.6072,1.6075,0.80,0.40
2007.11.23 05:01:33.787,1.6072,1.6075,0.80,0.40
2007.11.23 05:01:34.054,1.6072,1.6075,0.80,0.40
2007.11.23 05:01:34.323,1.6072,1.6075,0.80,0.40
2007.11.23 05:01:34.593,1.6072,1.6075,0.80,0.40
2007.11.23 05:01:34.860,1.6072,1.6075,0.80,0.40
2007.11.23 05:01:35.029,1.6072,1.6075,0.80,0.40
2007.11.23 05:01:35.198,1.6072,1.6075,0.80,0.40
2007.11.23 05:01:35.365,1.6072,1.6075,0.80,0.40
2007.11.23 05:01:35.534,1.6072,1.6075,0.80,0.40
2007.11.23 05:01:35.703,1.6072,1.6075,0.80,0.40
2007.11.23 05:01:35.871,1.6072,1.6075,0.80,0.40
2007.11.23 05:01:36.004,1.6072,1.6075,4.80,12.20
2007.11.23 05:01:36.138,1.6072,1.6075,4.80,12.20
2007.11.23 05:01:36.271,1.6072,1.6075,4.80,12.20
2007.11.23 05:01:36.502,1.6072,1.6075,4.80,12.20
2007.11.23 05:01:36.637,1.6072,1.6075,4.80,12.20
2007.11.23 05:01:36.770,1.6072,1.6075,4.80,12.20
2007.11.23 05:01:36.903,1.6072,1.6075,4.80,12.20
2007.11.23 05:01:37.047,1.6072,1.6075,4.80,12.20
2007.11.23 05:01:37.190,1.6072,1.6075,4.80,12.20
2007.11.23 05:01:37.333,1.6072,1.6075,4.80,12.20
2007.11.23 05:01:37.482,1.6072,1.6075,4.80,12.20
2007.11.23 05:01:37.619,1.6072,1.6075,4.80,12.20
2007.11.23 05:01:37.762,1.6072,1.6075,4.80,12.20
2007.11.23 05:01:37.906,1.6072,1.6075,4.80,12.20
2007.11.23 05:01:38.079,1.6072,1.6075,4.80,12.20
2007.11.23 05:01:38.253,1.6072,1.6075,4.80,12.20
2007.11.23 05:01:38.426,1.6072,1.6075,4.80,12.20
2007.11.23 05:01:38.598,1.6072,1.6075,4.80,12.20
2007.11.23 05:01:38.772,1.6072,1.6075,4.80,12.20
2007.11.23 05:01:38.944,1.6072,1.6075,4.80,12.20
2007.11.23 05:01:39.052,1.6072,1.6075,4.80,12.20
2007.11.23 05:01:39.160,1.6072,1.6075,4.80,12.20
2007.11.23 05:01:39.268,1.6072,1.6075,4.80,12.20
2007.11.23 05:01:39.375,1.6072,1.6075,4.80,12.20
2007.11.23 05:01:39.483,1.6072,1.6075,4.80,12.20
2007.11.23 05:01:39.592,1.6072,1.6075,4.80,12.20
2007.11.23 05:01:39.699,1.6072,1.6075,4.80,12.20
2007.11.23 05:01:39.807,1.6072,1.6075,4.80,12.20
2007.11.23 05:01:39.917,1.6072,1.6075,4.80,12.20
2007.11.23 05:01:40.024,1.6072,1.6075,4.80,12.20
2007.11.23 05:01:40.177,1.6072,1.6075,4.80,12.20
2007.11.23 05:01:40.330,1.6072,1.6075,4.80,12.20
2007.11.23 05:01:40.483,1.6072,1.6075,4.80,12.20
2007.11.23 05:01:40.641,1.6072,1.6075,4.80,12.20
2007.11.23 05:01:40.789,1.6072,1.6075,4.80,12.20
2007.11.23 05:01:40.942,1.6072,1.6075,4.80,12.20
2007.11.23 05:01:41.095,1.6072,1.6075,4.80,12.20
2007.11.23 05:01:41.328,1.6072,1.6075,4.80,12.20
2007.11.23 05:01:41.561,1.6072,1.6075,4.80,12.20
2007.11.23 05:01:41.794,1.6072,1.6075,4.80,12.20
2007.11.23 05:01:42.027,1.6072,1.6075,4.80,12.20
2007.11.23 05:01:42.125,1.6072,1.6075,4.80,12.20
2007.11.23 05:01:42.223,1.6072,1.6075,4.80,12.20
2007.11.23 05:01:42.321,1.6072,1.6075,4.80,12.20
2007.11.23 05:01:42.420,1.6072,1.6075,4.80,12.20
2007.11.23 05:01:42.665,1.6072,1.6075,4.80,12.20
2007.11.23 05:01:42.762,1.6072,1.6075,4.80,12.20
2007.11.23 05:01:42.860,1.6072,1.6075,4.80,12.20
2007.11.23 05:01:42.958,1.6072,1.6075,4.80,12.20
2007.11.23 05:01:43.059,1.6072,1.6075,4.80,12.20
2007.11.23 05:01:43.163,1.6072,1.6075,4.80,12.20
2007.11.23 05:01:43.332,1.6072,1.6075,4.80,12.20
2007.11.23 05:01:43.503,1.6072,1.6075,4.80,12.20
2007.11.23 05:01:43.677,1.6072,1.6075,4.80,12.20
2007.11.23 05:01:43.849,1.6072,1.6075,4.80,12.20
2007.11.23 05:01:44.023,1.6072,1.6075,4.80,12.20
2007.11.23 05:01:44.196,1.6072,1.6075,4.80,12.20
2007.11.23 05:01:44.403,1.6072,1.6075,4.80,12.20
2007.11.23 05:01:44.611,1.6072,1.6075,4.80,12.20
2007.11.23 05:01:44.820,1.6072,1.6075,4.80,12.20
2007.11.23 05:01:45.028,1.6072,1.6075,4.80,12.20
2007.11.23 05:01:45.237,1.6072,1.6075,4.80,12.20
2007.11.23 05:01:45.415,1.6072,1.6075,4.80,12.20
2007.11.23 05:01:45.593,1.6072,1.6075,4.80,12.20
2007.11.23 05:01:45.771,1.6072,1.6075,4.80,12.20
2007.11.23 05:01:45.949,1.6072,1.6075,4.80,12.20
2007.11.23 05:01:46.126,1.6072,1.6075,4.80,12.20
2007.11.23 05:01:46.304,1.6072,1.6075,4.80,12.20
2007.11.23 05:01:46.432,1.6072,1.6075,4.80,12.20
2007.11.23 05:01:46.560,1.6072,1.6075,4.80,12.20
2007.11.23 05:01:46.688,1.6072,1.6075,4.80,12.20
2007.11.23 05:01:46.816,1.6072,1.6075,4.80,12.20
2007.11.23 05:01:46.944,1.6072,1.6075,4.80,12.20
2007.11.23 05:01:47.072,1.6072,1.6075,4.80,12.20
2007.11.23 05:01:47.206,1.6072,1.6075,4.80,12.20
2007.11.23 05:01:47.329,1.6072,1.6075,4.80,12.20
2007.11.23 05:01:47.467,1.6072,1.6075,4.80,12.20
2007.11.23 05:01:47.604,1.6072,1.6075,4.80,12.20
2007.11.23 05:01:47.743,1.6072,1.6075,4.80,12.20
2007.11.23 05:01:47.881,1.6072,1.6075,4.80,12.20
2007.11.23 05:01:48.019,1.6072,1.6075,4.80,12.20
2007.11.23 05:01:48.157,1.6072,1.6075,4.80,12.20
2007.11.23 05:01:48.295,1.6072,1.6075,4.80,12.20
2007.11.23 05:01:48.433,1.6072,1.6075,4.80,12.20
2007.11.23 05:01:48.646,1.6072,1.6075,4.80,12.20
2007.11.23 05:01:48.861,1.6072,1.6075,4.80,12.20
2007.11.23 05:01:49.073,1.6072,1.6075,4.80,12.20
2007.11.23 05:01:49.292,1.6072,1.6075,4.80,12.20
2007.11.23 05:01:49.504,1.6072,1.6075,4.80,12.20
2007.11.23 05:01:49.663,1.6072,1.6075,4.80,12.20
2007.11.23 05:01:49.811,1.6072,1.6075,4.80,12.20
2007.11.23 05:01:49.963,1.6072,1.6075,4.80,12.20
2007.11.23 05:01:50.116,1.6072,1.6075,4.80,12.20
2007.11.23 05:01:50.269,1.6072,1.6075,4.80,12.20
2007.11.23 05:01:50.421,1.6072,1.6075,4.80,12.20
2007.11.23 05:01:50.664,1.6072,1.6075,4.80,12.20
2007.11.23 05:01:50.907,1.6072,1.6075,4.80,12.20
2007.11.23 05:01:51.156,1.6072,1.6075,4.80,12.20
2007.11.23 05:01:51.399,1.6072,1.6075,4.80,12.20
2007.11.23 05:01:51.642,1.6072,1.6075,4.80,12.20
2007.11.23 05:01:51.870,1.6072,1.6075,4.80,12.20
2007.11.23 05:01:52.099,1.6072,1.6075,4.80,12.20
2007.11.23 05:01:52.327,1.6072,1.6075,4.80,12.20
2007.11.23 05:01:52.554,1.6072,1.6075,4.80,12.20
2007.11.23 05:01:52.702,1.6072,1.6075,4.80,12.20
2007.11.23 05:01:52.851,1.6071,1.6072,0.80,0.30
2007.11.23 05:01:53.004,1.6071,1.6072,0.80,0.30
2007.11.23 05:01:53.153,1.6071,1.6072,0.80,0.30
2007.11.23 05:01:53.302,1.6072,1.6075,0.80,12.20
2007.11.23 05:01:53.450,1.6072,1.6075,4.80,12.20
2007.11.23 05:01:53.773,1.6072,1.6075,4.80,12.20
2007.11.23 05:01:54.096,1.6072,1.6075,4.80,12.20
2007.11.23 05:01:54.419,1.6072,1.6075,4.80,12.20
2007.11.23 05:01:54.742,1.6072,1.6075,4.80,12.20
2007.11.23 05:01:54.996,1.6072,1.6075,4.80,12.20
2007.11.23 05:01:55.160,1.6072,1.6075,4.80,12.20
2007.11.23 05:01:55.325,1.6072,1.6075,4.80,12.20
2007.11.23 05:01:55.495,1.6072,1.6075,4.80,12.20
2007.11.23 05:01:55.652,1.6072,1.6075,4.80,12.20
2007.11.23 05:01:55.810,1.6072,1.6075,4.80,12.20
2007.11.23 05:01:55.968,1.6072,1.6075,4.80,12.20
2007.11.23 05:01:56.133,1.6072,1.6075,4.80,12.20
2007.11.23 05:01:56.284,1.6072,1.6075,4.80,0.40
2007.11.23 05:01:56.442,1.6072,1.6076,8.00,4.00
2007.11.23 05:01:56.601,1.6072,1.6076,8.00,4.00
2007.11.23 05:01:56.808,1.6072,1.6076,8.00,4.00
2007.11.23 05:01:57.016,1.6072,1.6076,8.00,4.00
2007.11.23 05:01:57.225,1.6072,1.6076,8.00,4.00
2007.11.23 05:01:57.433,1.6072,1.6076,8.00,4.00
2007.11.23 05:01:57.640,1.6072,1.6076,8.00,4.00
2007.11.23 05:01:57.788,1.6072,1.6076,8.00,4.00
2007.11.23 05:01:57.937,1.6072,1.6076,8.00,4.00
2007.11.23 05:01:58.084,1.6072,1.6076,8.00,4.00
2007.11.23 05:01:58.233,1.6072,1.6076,8.00,4.00
2007.11.23 05:01:58.380,1.6072,1.6076,8.00,4.00
2007.11.23 05:01:58.528,1.6072,1.6076,8.00,4.00
2007.11.23 05:01:58.676,1.6072,1.6076,8.00,4.00
2007.11.23 05:01:58.853,1.6072,1.6076,8.00,4.00
2007.11.23 05:01:59.031,1.6072,1.6076,8.00,4.00
2007.11.23 05:01:59.209,1.6072,1.6076,8.00,4.00
2007.11.23 05:01:59.386,1.6072,1.6076,8.00,4.00
2007.11.23 05:01:59.564,1.6072,1.6076,8.00,4.00
2007.11.23 05:01:59.742,1.6072,1.6076,8.00,4.00
2007.11.23 05:01:59.896,1.6072,1.6078,4.00,12.20
2007.11.23 05:02:00.050,1.6073,1.6078,4.00,11.90
2007.11.23 05:02:00.203,1.6073,1.6078,4.00,11.90
2007.11.23 05:02:00.354,1.6073,1.6078,4.00,11.90
2007.11.23 05:02:00.510,1.60725,1.6078,11.90,11.90
2007.11.23 05:02:00.663,1.60725,1.6078,11.90,11.90
2007.11.23 05:02:00.816,1.6072,1.60785,4.00,5.60
2007.11.23 05:02:01.163,1.6071,1.6078,5.60,1.10
2007.11.23 05:02:01.504,1.6071,1.6074,0.80,12.20
2007.11.23 05:02:01.550,1.6071,1.6074,0.80,0.70
2007.11.23 05:02:01.838,1.6071,1.6074,0.80,0.80
2007.11.23 05:02:02.021,1.6071,1.6074,0.80,0.50
2007.11.23 05:02:02.204,1.6071,1.60745,0.80,17.80
2007.11.23 05:02:02.387,1.6071,1.60745,0.80,17.80
2007.11.23 05:02:02.570,1.6071,1.60745,0.80,17.80
2007.11.23 05:02:02.754,1.6071,1.6075,0.80,16.20
2007.11.23 05:02:02.938,1.6072,1.6076,0.80,16.30
2007.11.23 05:02:03.271,1.6072,1.6075,0.80,0.40
2007.11.23 05:02:03.604,1.6072,1.6076,0.80,16.30
2007.11.23 05:02:03.938,1.6072,1.6076,0.80,16.30
2007.11.23 05:02:04.076,1.6072,1.6075,0.80,0.40
2007.11.23 05:02:04.214,1.6072,1.6075,0.80,0.40
2007.11.23 05:02:04.351,1.6072,1.6075,0.80,0.40
2007.11.23 05:02:04.489,1.6072,1.6075,0.80,0.40
2007.11.23 05:02:04.627,1.6072,1.6075,0.80,0.40
2007.11.23 05:02:04.766,1.6072,1.6075,0.80,0.40
2007.11.23 05:02:04.904,1.6072,1.6075,0.80,0.40
2007.11.23 05:02:05.180,1.6072,1.6075,0.80,0.40
2007.11.23 05:02:05.460,1.6072,1.6075,0.80,0.40
2007.11.23 05:02:05.740,1.6072,1.6076,0.80,16.30
2007.11.23 05:02:06.015,1.6072,1.6076,0.80,16.30
2007.11.23 05:02:06.178,1.6072,1.6076,0.80,16.30
2007.11.23 05:02:06.340,1.6072,1.6076,0.80,16.30
2007.11.23 05:02:06.502,1.6072,1.6075,0.80,0.40
2007.11.23 05:02:06.666,1.6072,1.6076,0.80,16.30
2007.11.23 05:02:06.829,1.6072,1.6076,0.80,16.30
2007.11.23 05:02:06.992,1.6072,1.6075,0.80,0.40
2007.11.23 05:02:07.315,1.6072,1.6075,0.80,6.00
2007.11.23 05:02:07.488,1.6071,1.60745,0.80,17.80
2007.11.23 05:02:07.662,1.6071,1.6074,0.80,0.90
2007.11.23 05:02:07.834,1.6071,1.6074,0.80,0.70
2007.11.23 05:02:08.007,1.6071,1.60745,0.80,17.80
2007.11.23 05:02:08.230,1.6071,1.60745,0.80,17.80
2007.11.23 05:02:08.453,1.6071,1.6074,0.80,0.80
2007.11.23 05:02:08.677,1.6071,1.6074,0.80,0.80
2007.11.23 05:02:08.899,1.6071,1.60745,0.80,17.80
2007.11.23 05:02:09.123,1.6071,1.6074,0.80,0.60
2007.11.23 05:02:09.271,1.6071,1.6074,0.80,0.90
2007.11.23 05:02:09.420,1.6071,1.60745,0.80,17.80
2007.11.23 05:02:09.567,1.6071,1.6074,0.80,0.80
2007.11.23 05:02:09.715,1.6071,1.60745,0.80,17.80
2007.11.23 05:02:09.864,1.6071,1.6074,0.80,0.70
2007.11.23 05:02:10.012,1.6071,1.60745,0.80,17.80
2007.11.23 05:02:10.160,1.6071,1.60745,0.80,17.80
2007.11.23 05:02:10.323,1.6071,1.60745,0.80,17.80
2007.11.23 05:02:10.487,1.6071,1.60745,0.80,17.80
2007.11.23 05:02:10.650,1.6071,1.60745,0.80,23.00
2007.11.23 05:02:10.814,1.6071,1.60745,0.80,23.00
2007.11.23 05:02:10.976,1.6071,1.60745,0.80,23.00
2007.11.23 05:02:11.145,1.6071,1.60745,0.80,23.00
2007.11.23 05:02:11.303,1.6071,1.60745,0.80,23.00
2007.11.23 05:02:11.465,1.6071,1.60745,0.80,23.00
2007.11.23 05:02:11.628,1.6071,1.60745,0.80,23.00
2007.11.23 05:02:11.791,1.6071,1.60745,0.80,23.00
2007.11.23 05:02:11.955,1.6071,1.6074,0.80,0.50
2007.11.23 05:02:12.118,1.6071,1.60745,0.80,23.00
2007.11.23 05:02:12.282,1.6071,1.6074,0.80,0.70
2007.11.23 05:02:12.424,1.6071,1.60745,0.80,23.00
2007.11.23 05:02:12.567,1.6071,1.60745,0.80,23.00
2007.11.23 05:02:12.710,1.6071,1.60745,0.80,23.00
2007.11.23 05:02:12.857,1.6071,1.60745,0.80,23.00
2007.11.23 05:02:13.001,1.6071,1.6074,0.80,0.90
2007.11.23 05:02:13.144,1.6071,1.60745,0.80,23.00
2007.11.23 05:02:13.287,1.6071,1.60735,0.80,7.10
2007.11.23 05:02:13.580,1.6071,1.60735,0.80,11.10
2007.11.23 05:02:13.873,1.6071,1.60735,0.80,11.10
2007.11.23 05:02:14.167,1.6071,1.6073,0.80,0.70
2007.11.23 05:02:14.460,1.6071,1.6073,0.80,0.90
2007.11.23 05:02:14.642,1.6071,1.60735,0.80,11.10
2007.11.23 05:02:14.828,1.6071,1.6073,0.80,0.40
2007.11.23 05:02:15.011,1.6071,1.6073,0.80,0.40
2007.11.23 05:02:15.202,1.6071,1.6073,0.80,0.40
2007.11.23 05:02:15.378,1.6071,1.6073,0.80,0.70
2007.11.23 05:02:15.646,1.6071,1.60735,0.80,11.10
2007.11.23 05:02:15.915,1.6071,1.6073,0.80,0.90
2007.11.23 05:02:16.182,1.6071,1.60735,0.80,11.10
2007.11.23 05:02:16.451,1.6071,1.6073,0.80,0.60
2007.11.23 05:02:16.643,1.6071,1.60735,0.80,11.10
2007.11.23 05:02:16.836,1.6071,1.60735,0.80,11.10
2007.11.23 05:02:17.034,1.6071,1.60735,0.80,11.10
2007.11.23 05:02:17.221,1.6071,1.60735,0.80,11.10
2007.11.23 05:02:17.414,1.6071,1.60735,0.80,11.10
2007.11.23 05:02:17.609,1.6071,1.6073,0.80,0.50
2007.11.23 05:02:17.816,1.6071,1.60735,0.80,11.10
2007.11.23 05:02:18.025,1.6071,1.6073,0.80,0.90
2007.11.23 05:02:18.233,1.6071,1.6072,0.80,18.10
2007.11.23 05:02:18.442,1.6069,1.60715,0.80,6.00
2007.11.23 05:02:18.652,1.6069,1.60715,0.80,6.00
2007.11.23 05:02:18.866,1.6069,1.6071,17.50,0.40
2007.11.23 05:02:19.079,1.607,1.6072,0.80,0.40
2007.11.23 05:02:19.293,1.607,1.6073,0.80,16.30
2007.11.23 05:02:19.657,1.607,1.60735,0.80,21.80
2007.11.23 05:02:19.871,1.607,1.6073,0.80,19.40
2007.11.23 05:02:20.081,1.607,1.60725,0.80,6.40
2007.11.23 05:02:20.279,1.607,1.6072,0.80,8.80
2007.11.23 05:02:20.482,1.6069,1.60715,0.80,6.00
2007.11.23 05:02:20.684,1.6069,1.6071,0.80,0.40
2007.11.23 05:02:20.897,1.6069,1.60715,0.80,6.00
2007.11.23 05:02:21.111,1.6069,1.60715,0.80,6.00
2007.11.23 05:02:21.325,1.6069,1.6071,0.80,0.40
2007.11.23 05:02:21.537,1.6069,1.6071,0.80,0.40
2007.11.23 05:02:21.750,1.6069,1.60715,0.80,6.00
2007.11.23 05:02:21.934,1.6069,1.6071,0.80,0.40
2007.11.23 05:02:22.118,1.6069,1.6071,0.80,0.40
2007.11.23 05:02:22.300,1.6069,1.60715,0.80,6.00
2007.11.23 05:02:22.484,1.6069,1.60715,0.80,6.00
2007.11.23 05:02:22.667,1.6069,1.60715,0.80,6.00
2007.11.23 05:02:22.858,1.6069,1.6071,0.80,0.40
2007.11.23 05:02:22.970,1.6069,1.60715,0.80,6.00
2007.11.23 05:02:23.087,1.6069,1.6071,0.80,0.40
2007.11.23 05:02:23.206,1.6069,1.60715,0.80,6.00
2007.11.23 05:02:23.323,1.6069,1.6071,0.80,0.40
2007.11.23 05:02:23.443,1.6069,1.60715,0.80,6.00
2007.11.23 05:02:23.560,1.6069,1.6071,0.80,0.40
2007.11.23 05:02:23.678,1.6069,1.6071,0.80,0.40
2007.11.23 05:02:23.796,1.6069,1.6071,0.80,0.40
2007.11.23 05:02:23.913,1.6069,1.60715,0.80,6.00
2007.11.23 05:02:24.208,1.6069,1.6071,1.60,0.40
2007.11.23 05:02:24.500,1.6069,1.60715,1.60,6.00
2007.11.23 05:02:24.794,1.6069,1.6071,1.60,0.40
2007.11.23 05:02:25.086,1.6069,1.6071,1.60,0.40
2007.11.23 05:02:25.325,1.6069,1.6071,1.60,0.40
2007.11.23 05:02:25.563,1.6069,1.6071,1.60,0.40
2007.11.23 05:02:25.816,1.6069,1.6071,1.60,0.40
2007.11.23 05:02:26.054,1.6069,1.60715,1.60,6.00
2007.11.23 05:02:26.146,1.6069,1.6071,1.60,0.40
2007.11.23 05:02:26.240,1.6069,1.6071,1.60,0.40
2007.11.23 05:02:26.332,1.6069,1.6071,1.60,0.40
2007.11.23 05:02:26.427,1.6069,1.60715,1.60,6.00
2007.11.23 05:02:26.520,1.6069,1.60715,1.60,6.00
2007.11.23 05:02:26.612,1.6069,1.60715,1.60,6.00
2007.11.23 05:02:26.706,1.6069,1.60715,1.60,6.00
2007.11.23 05:02:26.798,1.6069,1.60715,1.60,6.00
2007.11.23 05:02:26.890,1.6069,1.6071,1.60,0.40
2007.11.23 05:02:26.984,1.6069,1.60715,1.60,6.00
2007.11.23 05:02:27.181,1.6069,1.60715,1.60,6.00
2007.11.23 05:02:27.379,1.6069,1.60715,1.60,6.00
2007.11.23 05:02:27.583,1.6069,1.60715,1.60,6.00
2007.11.23 05:02:27.775,1.6069,1.60715,1.60,6.00
2007.11.23 05:02:27.973,1.6069,1.6071,1.60,0.40
2007.11.23 05:02:28.173,1.6069,1.60715,1.60,6.00
2007.11.23 05:02:28.296,1.6069,1.6071,0.80,0.40
2007.11.23 05:02:28.419,1.6069,1.60715,0.80,6.00
2007.11.23 05:02:28.543,1.6069,1.6071,0.80,0.40
2007.11.23 05:02:28.665,1.6069,1.60715,0.80,6.00
2007.11.23 05:02:28.788,1.6069,1.60715,0.80,6.00
2007.11.23 05:02:28.911,1.6069,1.60715,0.80,6.00
2007.11.23 05:02:29.035,1.6069,1.60715,0.80,6.00
2007.11.23 05:02:29.157,1.6069,1.60715,0.80,6.00
2007.11.23 05:02:29.417,1.6069,1.60715,0.80,6.00
2007.11.23 05:02:29.675,1.6069,1.60715,6.20,6.00
2007.11.23 05:02:29.932,1.6069,1.6071,6.20,0.40
2007.11.23 05:02:30.190,1.6069,1.6071,6.20,0.40
2007.11.23 05:02:30.368,1.6069,1.6071,6.20,0.40
2007.11.23 05:02:30.551,1.6069,1.6071,6.20,0.40
2007.11.23 05:02:30.729,1.6069,1.6071,6.20,0.40
2007.11.23 05:02:30.907,1.6069,1.6071,6.20,0.40
2007.11.23 05:02:31.085,1.6069,1.6071,6.20,0.40
2007.11.23 05:02:31.262,1.6069,1.6071,6.20,0.40
2007.11.23 05:02:31.376,1.6069,1.6071,6.20,0.40
2007.11.23 05:02:31.489,1.6069,1.6071,6.20,0.40
2007.11.23 05:02:31.601,1.6069,1.6071,6.20,0.40
2007.11.23 05:02:31.713,1.6069,1.6071,6.20,0.40
2007.11.23 05:02:31.970,1.6069,1.6071,6.20,0.40
2007.11.23 05:02:32.082,1.6069,1.6071,6.20,0.40
2007.11.23 05:02:32.196,1.6069,1.6071,6.20,0.40
2007.11.23 05:02:32.354,1.6069,1.6071,6.20,0.40
2007.11.23 05:02:32.512,1.6069,1.6071,6.20,0.40
2007.11.23 05:02:32.669,1.6069,1.6071,6.20,0.40
2007.11.23 05:02:32.827,1.6069,1.6071,6.20,0.40
2007.11.23 05:02:32.986,1.6069,1.6071,6.20,0.40
2007.11.23 05:02:33.143,1.6069,1.6071,6.20,0.40
2007.11.23 05:02:33.421,1.6069,1.6071,6.20,0.40
2007.11.23 05:02:33.698,1.6069,1.6071,6.20,0.40
2007.11.23 05:02:33.976,1.6069,1.6071,6.20,0.40
2007.11.23 05:02:34.254,1.6069,1.6071,6.20,0.40
2007.11.23 05:02:34.372,1.6069,1.6071,6.20,0.40
2007.11.23 05:02:34.490,1.6069,1.6071,6.20,0.40
2007.11.23 05:02:34.608,1.6069,1.6071,6.20,0.40
2007.11.23 05:02:34.725,1.6069,1.6071,6.20,0.40
2007.11.23 05:02:34.844,1.6069,1.6071,6.20,0.40
2007.11.23 05:02:34.962,1.6069,1.6071,6.20,0.40
2007.11.23 05:02:35.079,1.6069,1.6071,6.20,0.40
2007.11.23 05:02:35.197,1.6069,1.6071,6.20,0.40
2007.11.23 05:02:35.315,1.6069,1.6071,6.20,0.40
2007.11.23 05:02:35.648,1.6069,1.6071,6.20,0.40
2007.11.23 05:02:35.981,1.6069,1.6071,6.20,0.40
2007.11.23 05:02:36.315,1.6069,1.6071,6.20,0.40
2007.11.23 05:02:36.507,1.6069,1.6071,6.20,0.40
2007.11.23 05:02:36.700,1.6069,1.6071,6.20,0.40
2007.11.23 05:02:36.893,1.6069,1.6071,6.20,0.40
2007.11.23 05:02:37.088,1.6069,1.6071,6.20,0.40
2007.11.23 05:02:37.280,1.6069,1.6071,6.20,0.40
2007.11.23 05:02:37.483,1.6069,1.6071,6.20,0.40
2007.11.23 05:02:37.761,1.6069,1.6071,6.20,0.40
2007.11.23 05:02:38.127,1.6069,1.6071,6.20,0.40
2007.11.23 05:02:38.415,1.6069,1.6071,6.20,0.40
2007.11.23 05:02:38.617,1.6069,1.6071,6.20,0.40
2007.11.23 05:02:38.820,1.6069,1.6071,6.20,0.40
2007.11.23 05:02:39.022,1.6069,1.6071,6.20,0.40
2007.11.23 05:02:39.225,1.6069,1.6071,6.20,0.40
2007.11.23 05:02:39.427,1.6069,1.6071,6.20,0.40
2007.11.23 05:02:39.622,1.6069,1.6071,6.20,0.40
2007.11.23 05:02:39.810,1.6069,1.6071,6.20,0.40
2007.11.23 05:02:39.998,1.6069,1.6071,6.20,0.40
2007.11.23 05:02:40.186,1.6069,1.6071,6.20,0.40
2007.11.23 05:02:40.374,1.6069,1.6071,6.20,0.40
2007.11.23 05:02:40.577,1.6069,1.6071,6.20,0.40
2007.11.23 05:02:40.780,1.6069,1.6071,6.20,0.40
2007.11.23 05:02:40.982,1.6069,1.6071,6.20,0.40
2007.11.23 05:02:41.185,1.6069,1.6071,6.20,0.40
2007.11.23 05:02:41.387,1.6069,1.6071,6.20,0.40
2007.11.23 05:02:41.590,1.6069,1.6071,6.20,0.40
2007.11.23 05:02:41.828,1.6069,1.6071,6.20,0.40
2007.11.23 05:02:42.066,1.6069,1.6071,6.20,0.40
2007.11.23 05:02:42.304,1.6069,1.6071,6.20,0.40
2007.11.23 05:02:42.543,1.6069,1.6071,6.20,0.40
2007.11.23 05:02:42.710,1.6069,1.6071,6.20,0.40
2007.11.23 05:02:42.878,1.6069,1.6071,6.20,0.40
2007.11.23 05:02:43.046,1.6069,1.6071,6.20,0.40
2007.11.23 05:02:43.215,1.6069,1.6071,6.20,0.40
2007.11.23 05:02:43.382,1.6069,1.6071,6.20,0.40
2007.11.23 05:02:43.550,1.6069,1.6071,6.20,0.40
2007.11.23 05:02:43.829,1.6069,1.6071,6.20,0.40
2007.11.23 05:02:44.107,1.6069,1.6071,6.20,0.40
2007.11.23 05:02:44.386,1.6069,1.6071,6.20,0.40
2007.11.23 05:02:44.664,1.6069,1.6071,6.20,0.40
2007.11.23 05:02:44.871,1.6069,1.6071,6.20,0.40
2007.11.23 05:02:45.079,1.6069,1.6071,6.20,0.40
2007.11.23 05:02:45.287,1.6069,1.6071,6.20,0.40
2007.11.23 05:02:45.495,1.6069,1.6071,6.20,0.40
2007.11.23 05:02:45.703,1.6069,1.6071,6.20,0.40
2007.11.23 05:02:45.901,1.6069,1.6071,6.20,0.40
2007.11.23 05:02:46.099,1.6069,1.6071,6.20,0.40
2007.11.23 05:02:46.298,1.6069,1.6071,6.20,0.40
2007.11.23 05:02:46.495,1.6069,1.6071,6.20,0.40
2007.11.23 05:02:46.693,1.6069,1.6071,6.20,0.40
2007.11.23 05:02:46.971,1.6069,1.6071,6.20,0.40
2007.11.23 05:02:47.249,1.6069,1.6071,6.20,0.40
2007.11.23 05:02:47.527,1.6069,1.6071,6.20,0.40
2007.11.23 05:02:47.805,1.6069,1.6071,6.20,0.40
2007.11.23 05:02:47.973,1.6069,1.6071,6.20,0.40
2007.11.23 05:02:48.141,1.6069,1.6071,6.20,0.40
2007.11.23 05:02:48.309,1.6069,1.6071,6.20,0.40
2007.11.23 05:02:48.477,1.6069,1.6071,6.20,0.40
2007.11.23 05:02:48.645,1.6069,1.6071,6.20,0.40
2007.11.23 05:02:48.859,1.6069,1.6071,1.80,0.40
2007.11.23 05:02:49.071,1.6069,1.6071,3.00,0.40
2007.11.23 05:02:49.284,1.6069,1.6071,1.80,0.40
2007.11.23 05:02:49.497,1.6069,1.6071,3.30,0.40
2007.11.23 05:02:49.710,1.60685,1.6071,6.80,0.40
2007.11.23 05:02:49.923,1.60685,1.6071,6.80,0.40
2007.11.23 05:02:50.136,1.60685,1.6071,6.80,0.40
2007.11.23 05:02:50.458,1.6069,1.6071,0.60,0.40
2007.11.23 05:02:50.672,1.6069,1.6071,0.60,0.40
2007.11.23 05:02:50.855,1.6069,1.6071,3.50,0.40
2007.11.23 05:02:51.038,1.60685,1.6071,6.80,0.40
2007.11.23 05:02:51.221,1.60685,1.6071,6.80,0.40
2007.11.23 05:02:51.403,1.60685,1.6071,6.80,0.40
2007.11.23 05:02:51.585,1.60685,1.6071,6.80,0.40
2007.11.23 05:02:51.770,1.60685,1.6071,6.80,0.40
2007.11.23 05:02:51.953,1.60685,1.6071,6.80,0.40
2007.11.23 05:02:52.112,1.6069,1.6071,1.20,0.40
2007.11.23 05:02:52.269,1.60685,1.6071,6.80,0.40
2007.11.23 05:02:52.428,1.60685,1.6071,6.80,0.40
2007.11.23 05:02:52.587,1.6069,1.6071,3.00,0.40
2007.11.23 05:02:52.745,1.60685,1.6071,6.80,0.40
2007.11.23 05:02:52.905,1.6069,1.6071,6.80,0.40
2007.11.23 05:02:53.073,1.60695,1.6071,0.60,0.40
2007.11.23 05:02:53.241,1.6069,1.6071,6.80,0.40
2007.11.23 05:02:53.409,1.6069,1.6071,6.80,0.40
2007.11.23 05:02:53.577,1.60695,1.6071,0.60,0.40
2007.11.23 05:02:53.745,1.60695,1.6071,0.60,0.40
2007.11.23 05:02:53.913,1.6069,1.6071,1.50,0.40
2007.11.23 05:02:54.201,1.6069,1.6071,6.50,0.40
2007.11.23 05:02:54.488,1.6069,1.6071,6.50,0.40
2007.11.23 05:02:54.775,1.6069,1.6071,6.50,0.40
2007.11.23 05:02:55.063,1.60695,1.6071,0.50,0.40
2007.11.23 05:02:55.252,1.6069,1.6071,6.50,0.40
2007.11.23 05:02:55.439,1.6069,1.6071,6.50,0.40
2007.11.23 05:02:55.627,1.6069,1.6071,6.50,0.40
2007.11.23 05:02:55.815,1.6069,1.6071,6.50,0.40
2007.11.23 05:02:56.003,1.6069,1.6071,6.50,0.40
2007.11.23 05:02:56.161,1.6069,1.6071,6.50,0.40
2007.11.23 05:02:56.320,1.6069,1.6071,6.50,0.40
2007.11.23 05:02:56.613,1.60695,1.6071,0.50,0.40
2007.11.23 05:02:56.772,1.6069,1.6071,6.50,0.40
2007.11.23 05:02:56.932,1.607,1.6071,0.10,0.40
2007.11.23 05:02:57.129,1.6069,1.6071,6.10,0.40
2007.11.23 05:02:57.328,1.6069,1.6071,6.10,0.40
2007.11.23 05:02:57.533,1.6069,1.6071,6.10,0.40
2007.11.23 05:02:57.729,1.6069,1.6071,6.10,0.40
2007.11.23 05:02:57.934,1.6069,1.6071,6.10,0.40
2007.11.23 05:02:58.125,1.6069,1.6071,6.10,0.40
2007.11.23 05:02:58.458,1.6069,1.6071,6.10,0.40
2007.11.23 05:02:58.791,1.6069,1.6071,6.10,0.40
2007.11.23 05:02:59.123,1.6069,1.6071,6.10,0.40
2007.11.23 05:02:59.282,1.607,1.6071,0.10,0.40
2007.11.23 05:02:59.440,1.6069,1.6071,6.10,0.40
2007.11.23 05:02:59.597,1.607,1.6071,0.10,0.40
2007.11.23 05:02:59.757,1.607,1.6071,0.10,0.40
2007.11.23 05:02:59.915,1.607,1.6071,0.10,0.40
2007.11.23 05:03:00.072,1.607,1.6071,0.10,0.40
2007.11.23 05:03:00.330,1.6069,1.6071,6.10,0.40
2007.11.23 05:03:00.587,1.6069,1.6071,6.10,0.40
2007.11.23 05:03:00.846,1.6069,1.6071,6.10,0.40
2007.11.23 05:03:01.104,1.607,1.6071,0.10,0.40
2007.11.23 05:03:01.283,1.607,1.6071,0.10,0.40
2007.11.23 05:03:01.462,1.607,1.6071,0.10,0.40
2007.11.23 05:03:01.640,1.6069,1.6071,6.10,0.40
2007.11.23 05:03:01.819,1.607,1.6071,0.10,0.40
2007.11.23 05:03:01.996,1.6069,1.6071,6.10,0.40
2007.11.23 05:03:02.173,1.6069,1.6071,6.10,0.40
2007.11.23 05:03:02.416,1.6069,1.6071,6.10,0.40
2007.11.23 05:03:02.782,1.6069,1.6071,6.10,0.40
2007.11.23 05:03:03.026,1.6069,1.6071,6.10,0.40
2007.11.23 05:03:03.153,1.6069,1.6071,6.10,0.40
2007.11.23 05:03:03.282,1.607,1.6071,0.10,0.40
2007.11.23 05:03:03.410,1.607,1.6071,0.10,0.40
2007.11.23 05:03:03.538,1.6069,1.6071,6.10,0.40
2007.11.23 05:03:03.667,1.607,1.6071,0.10,0.40
2007.11.23 05:03:03.794,1.6069,1.6071,6.10,0.40
2007.11.23 05:03:03.923,1.6069,1.6071,6.10,0.40
2007.11.23 05:03:04.052,1.607,1.6071,0.10,0.40
2007.11.23 05:03:04.239,1.607,1.6071,0.10,0.40
2007.11.23 05:03:04.427,1.6069,1.6071,6.10,0.40
2007.11.23 05:03:04.616,1.6069,1.6071,6.10,0.40
2007.11.23 05:03:04.803,1.6069,1.6071,6.10,0.40
2007.11.23 05:03:04.992,1.6069,1.6071,6.10,0.40
2007.11.23 05:03:05.180,1.607,1.6071,0.10,0.40
2007.11.23 05:03:05.287,1.6069,1.6071,6.10,0.40
2007.11.23 05:03:05.395,1.6069,1.6071,6.10,0.40
2007.11.23 05:03:05.503,1.6069,1.6071,6.10,0.40
2007.11.23 05:03:05.611,1.6069,1.6071,6.10,0.40
2007.11.23 05:03:05.719,1.6069,1.6071,6.10,0.40
2007.11.23 05:03:05.826,1.607,1.6071,0.10,0.40
2007.11.23 05:03:05.935,1.607,1.6071,0.10,0.40
2007.11.23 05:03:06.043,1.607,1.6071,0.10,0.40
2007.11.23 05:03:06.151,1.6069,1.6071,6.10,0.40
2007.11.23 05:03:06.324,1.6069,1.6071,6.10,0.40
2007.11.23 05:03:06.497,1.6069,1.6071,6.10,0.40
2007.11.23 05:03:06.670,1.607,1.6071,0.10,0.40
2007.11.23 05:03:06.843,1.6069,1.6071,6.10,0.40
2007.11.23 05:03:07.015,1.607,1.6071,0.10,0.40
2007.11.23 05:03:07.189,1.607,1.6071,0.10,0.40
2007.11.23 05:03:07.322,1.6069,1.6071,6.10,0.40
2007.11.23 05:03:07.455,1.6069,1.6071,6.10,0.40
2007.11.23 05:03:07.588,1.607,1.6071,0.10,0.40
2007.11.23 05:03:07.722,1.6069,1.6071,6.10,0.40
2007.11.23 05:03:07.856,1.6069,1.6071,6.10,0.40
2007.11.23 05:03:07.989,1.6069,1.6071,6.10,0.40
2007.11.23 05:03:08.121,1.6069,1.6071,6.10,0.40
2007.11.23 05:03:08.253,1.6069,1.6071,6.10,0.40
2007.11.23 05:03:08.447,1.6069,1.6071,6.10,0.40
2007.11.23 05:03:08.640,1.607,1.6071,0.10,0.40
2007.11.23 05:03:08.960,1.607,1.6071,0.10,0.40
2007.11.23 05:03:09.152,1.607,1.6071,0.10,0.40
2007.11.23 05:03:09.345,1.6069,1.6071,6.10,0.40
2007.11.23 05:03:09.543,1.6069,1.6071,6.10,0.40
2007.11.23 05:03:09.741,1.6069,1.6071,0.90,0.40
2007.11.23 05:03:09.941,1.607,1.6073,0.80,0.40
2007.11.23 05:03:10.139,1.60695,1.6073,13.60,0.40
2007.11.23 05:03:10.338,1.6071,1.6073,4.40,0.40
2007.11.23 05:03:10.486,1.607,1.6076,16.00,13.80
2007.11.23 05:03:10.638,1.607,1.6076,16.00,13.80
2007.11.23 05:03:10.786,1.607,1.6076,16.00,13.80
2007.11.23 05:03:10.935,1.607,1.6076,16.00,12.20
2007.11.23 05:03:11.083,1.6071,1.6076,4.80,12.20
2007.11.23 05:03:11.231,1.60695,1.6076,15.70,0.40
2007.11.23 05:03:11.380,1.60705,1.6077,8.00,0.40
2007.11.23 05:03:11.627,1.60705,1.6077,8.00,0.40
2007.11.23 05:03:11.876,1.6071,1.6077,0.60,0.40
2007.11.23 05:03:12.124,1.60705,1.6077,8.00,0.40
2007.11.23 05:03:12.372,1.60705,1.6077,8.00,0.40
2007.11.23 05:03:12.494,1.60705,1.6077,8.00,0.40
2007.11.23 05:03:12.619,1.6071,1.6077,2.20,0.40
2007.11.23 05:03:12.747,1.6071,1.60765,8.50,5.60
2007.11.23 05:03:12.871,1.60715,1.6075,1.60,0.40
2007.11.23 05:03:12.997,1.6072,1.6075,0.80,0.40
2007.11.23 05:03:13.120,1.6072,1.6075,0.80,0.40
2007.11.23 05:03:13.243,1.6072,1.6075,0.80,0.40
2007.11.23 05:03:13.369,1.6071,1.6075,4.80,0.40
2007.11.23 05:03:13.492,1.607,1.6078,10.10,0.40
2007.11.23 05:03:13.800,1.607,1.6078,10.10,0.40
2007.11.23 05:03:14.108,1.607,1.6078,10.10,0.40
2007.11.23 05:03:14.416,1.6071,1.6076,2.90,11.90
2007.11.23 05:03:14.555,1.607,1.6076,21.60,11.90
2007.11.23 05:03:14.692,1.607,1.6076,21.60,11.90
2007.11.23 05:03:14.831,1.607,1.6076,21.60,11.90
2007.11.23 05:03:15.152,1.6071,1.6076,8.80,11.90
2007.11.23 05:03:15.289,1.607,1.6076,21.60,11.90
2007.11.23 05:03:15.428,1.607,1.6076,21.60,11.90
2007.11.23 05:03:15.566,1.607,1.6076,21.60,11.90
2007.11.23 05:03:15.749,1.607,1.6076,21.60,11.90
2007.11.23 05:03:15.927,1.607,1.6076,21.60,11.90
2007.11.23 05:03:16.104,1.607,1.6076,21.60,11.90
2007.11.23 05:03:16.283,1.6071,1.6076,0.50,11.90
2007.11.23 05:03:16.461,1.6071,1.6076,10.30,11.90
2007.11.23 05:03:16.640,1.607,1.6076,21.60,11.90
2007.11.23 05:03:16.779,1.607,1.6076,21.60,11.90
2007.11.23 05:03:16.918,1.6071,1.6076,8.10,11.90
2007.11.23 05:03:17.057,1.607,1.6076,21.60,11.90
2007.11.23 05:03:17.196,1.6071,1.6076,3.40,11.90
2007.11.23 05:03:17.334,1.6071,1.6075,16.70,0.40
2007.11.23 05:03:17.478,1.6071,1.6075,16.70,0.40
2007.11.23 05:03:17.650,1.6071,1.6075,16.70,0.40
2007.11.23 05:03:17.828,1.6071,1.6075,16.70,0.40
2007.11.23 05:03:18.006,1.6071,1.6075,16.70,0.40
2007.11.23 05:03:18.185,1.6072,1.6075,0.80,0.40
2007.11.23 05:03:18.363,1.6071,1.6075,16.70,0.40
2007.11.23 05:03:18.541,1.6071,1.6075,16.70,0.40
2007.11.23 05:03:18.750,1.6072,1.6075,0.80,0.40
2007.11.23 05:03:18.958,1.6071,1.6075,16.70,0.40
2007.11.23 05:03:19.166,1.6072,1.6075,0.80,0.40
2007.11.23 05:03:19.374,1.6072,1.6075,0.80,0.40
2007.11.23 05:03:19.583,1.6071,1.6075,16.70,0.40
2007.11.23 05:03:19.809,1.6071,1.6075,16.70,0.40
2007.11.23 05:03:20.037,1.6072,1.6075,0.80,0.40
2007.11.23 05:03:20.267,1.6071,1.6075,16.70,0.40
2007.11.23 05:03:20.495,1.6072,1.6075,0.80,0.40
2007.11.23 05:03:20.729,1.6072,1.6075,0.80,0.40
2007.11.23 05:03:20.861,1.6071,1.6075,16.70,0.40
2007.11.23 05:03:20.999,1.6072,1.6075,0.80,0.40
2007.11.23 05:03:21.142,1.6071,1.6075,16.70,0.40
2007.11.23 05:03:21.333,1.6071,1.6075,16.70,0.40
2007.11.23 05:03:21.471,1.6071,1.6075,16.70,0.40
2007.11.23 05:03:21.609,1.6071,1.6075,16.70,0.40
2007.11.23 05:03:21.809,1.6071,1.6075,16.70,0.40
2007.11.23 05:03:21.997,1.6072,1.6075,0.80,0.40
2007.11.23 05:03:22.191,1.6072,1.6075,0.80,0.40
2007.11.23 05:03:22.388,1.6072,1.6075,0.80,0.40
2007.11.23 05:03:22.581,1.6072,1.6075,0.80,0.40
2007.11.23 05:03:22.775,1.6071,1.6075,16.70,0.40
2007.11.23 05:03:22.942,1.6072,1.6075,0.80,0.40
2007.11.23 05:03:23.111,1.6072,1.6075,0.80,0.40
2007.11.23 05:03:23.278,1.6072,1.6075,0.80,0.40
2007.11.23 05:03:23.446,1.6072,1.6075,0.80,0.40
2007.11.23 05:03:23.615,1.6072,1.6075,0.80,0.40
2007.11.23 05:03:23.782,1.6071,1.6075,16.70,0.40
2007.11.23 05:03:23.931,1.6072,1.6075,0.80,0.40
2007.11.23 05:03:24.079,1.6072,1.6075,0.80,0.40
2007.11.23 05:03:24.228,1.6072,1.6075,0.80,0.40
2007.11.23 05:03:24.376,1.6071,1.6075,16.70,0.40
2007.11.23 05:03:24.524,1.6071,1.6075,16.70,0.40
2007.11.23 05:03:24.678,1.6071,1.6075,16.70,0.40
2007.11.23 05:03:24.815,1.6072,1.6075,0.80,0.40
2007.11.23 05:03:24.957,1.6071,1.6075,16.70,0.40
2007.11.23 05:03:25.101,1.6072,1.6075,0.80,0.40
2007.11.23 05:03:25.244,1.6071,1.6075,16.70,0.40
2007.11.23 05:03:25.387,1.6071,1.6075,16.70,0.40
2007.11.23 05:03:25.531,1.6071,1.6075,16.70,0.40
2007.11.23 05:03:25.673,1.6071,1.6075,16.70,0.40
2007.11.23 05:03:25.857,1.6071,1.6075,16.70,0.40
2007.11.23 05:03:26.039,1.6071,1.6075,16.70,0.40
2007.11.23 05:03:26.223,1.6072,1.6075,0.80,0.40
2007.11.23 05:03:26.405,1.6072,1.6075,0.80,0.40
2007.11.23 05:03:26.594,1.6071,1.6075,16.70,0.40
2007.11.23 05:03:26.771,1.6071,1.6075,16.70,0.40
2007.11.23 05:03:26.889,1.6071,1.6075,16.70,0.40
2007.11.23 05:03:27.008,1.6072,1.6075,0.80,0.40
2007.11.23 05:03:27.126,1.6071,1.6075,16.70,0.40
2007.11.23 05:03:27.243,1.6071,1.6075,16.70,0.40
2007.11.23 05:03:27.480,1.6071,1.6075,16.70,0.40
2007.11.23 05:03:27.598,1.6071,1.6075,16.70,0.40
2007.11.23 05:03:27.716,1.6072,1.6075,0.80,0.40
2007.11.23 05:03:27.835,1.6072,1.6075,0.80,0.40
2007.11.23 05:03:27.974,1.6072,1.6075,0.80,0.40
2007.11.23 05:03:28.111,1.6071,1.6075,16.70,0.40
2007.11.23 05:03:28.251,1.6071,1.6075,16.70,0.40
2007.11.23 05:03:28.388,1.6071,1.6075,16.70,0.40
2007.11.23 05:03:28.526,1.6072,1.6075,0.80,0.40
2007.11.23 05:03:28.664,1.6071,1.6075,16.70,0.40
2007.11.23 05:03:28.803,1.6072,1.6075,0.80,0.40
2007.11.23 05:03:28.941,1.6072,1.6075,0.80,0.40
2007.11.23 05:03:29.143,1.6071,1.6075,16.70,0.40
2007.11.23 05:03:29.346,1.6071,1.6075,16.70,0.40
2007.11.23 05:03:29.550,1.6072,1.6075,0.80,0.40
2007.11.23 05:03:29.754,1.6075,1.6076,0.80,11.90
2007.11.23 05:03:29.959,1.6075,1.6077,0.80,0.40
2007.11.23 05:03:30.147,1.60735,1.6077,22.30,0.40
2007.11.23 05:03:30.336,1.6072,1.6075,4.80,0.40
2007.11.23 05:03:30.524,1.6073,1.6075,1.20,0.40
2007.11.23 05:03:30.712,1.60705,1.6075,16.70,0.40
2007.11.23 05:03:30.901,1.60705,1.6075,16.70,0.40
2007.11.23 05:03:31.089,1.60705,1.6075,16.70,0.40
2007.11.23 05:03:31.387,1.6072,1.6075,0.80,0.40
2007.11.23 05:03:31.686,1.60705,1.6075,16.70,0.40
2007.11.23 05:03:31.985,1.60705,1.6075,16.70,0.40
2007.11.23 05:03:32.285,1.60705,1.6075,16.70,0.40
2007.11.23 05:03:32.412,1.6072,1.6075,0.80,0.40
2007.11.23 05:03:32.540,1.6072,1.6075,0.80,0.40
2007.11.23 05:03:32.669,1.6072,1.6075,0.80,0.40
2007.11.23 05:03:32.798,1.60705,1.6075,16.70,0.40
2007.11.23 05:03:32.926,1.6072,1.6075,0.80,0.40
2007.11.23 05:03:33.053,1.60705,1.6075,16.70,0.40
2007.11.23 05:03:33.182,1.60705,1.6075,16.70,0.40
2007.11.23 05:03:33.639,1.60705,1.6076,19.90,11.90
2007.11.23 05:03:33.973,1.60705,1.6075,16.70,0.40
2007.11.23 05:03:34.306,1.6072,1.6075,0.80,0.40
2007.11.23 05:03:34.480,1.6071,1.6076,1.20,11.90
2007.11.23 05:03:34.654,1.60705,1.6076,19.90,11.90
2007.11.23 05:03:34.826,1.60705,1.6076,19.90,11.90
2007.11.23 05:03:35.006,1.60705,1.6076,19.90,11.90
2007.11.23 05:03:35.173,1.60705,1.6076,19.90,11.90
2007.11.23 05:03:35.386,1.60705,1.6076,19.90,11.90
2007.11.23 05:03:35.599,1.6071,1.6076,1.00,11.90
2007.11.23 05:03:35.813,1.6071,1.6076,2.20,11.90
2007.11.23 05:03:36.025,1.6071,1.6076,1.30,11.90
2007.11.23 05:03:36.238,1.60705,1.6076,19.90,11.90
2007.11.23 05:03:36.381,1.60705,1.6076,19.90,11.90
2007.11.23 05:03:36.525,1.60705,1.6076,19.90,11.90
2007.11.23 05:03:36.668,1.6071,1.6076,2.40,11.90
2007.11.23 05:03:36.810,1.6071,1.6076,2.40,11.90
2007.11.23 05:03:36.953,1.60705,1.6076,19.90,11.90
2007.11.23 05:03:37.096,1.6071,1.6076,1.40,11.90
2007.11.23 05:03:37.240,1.60705,1.6076,19.90,11.90
2007.11.23 05:03:37.397,1.60705,1.6076,19.90,11.90
2007.11.23 05:03:37.555,1.6071,1.6076,2.40,11.90
2007.11.23 05:03:37.713,1.6071,1.6076,4.00,11.90
2007.11.23 05:03:37.870,1.6071,1.6076,4.00,11.90
2007.11.23 05:03:38.029,1.6071,1.6076,4.00,11.90
2007.11.23 05:03:38.187,1.6071,1.6076,4.00,11.90
2007.11.23 05:03:38.346,1.6071,1.6076,4.00,11.90
2007.11.23 05:03:38.518,1.6071,1.6076,4.00,11.90
2007.11.23 05:03:38.692,1.6071,1.6076,4.00,11.90
2007.11.23 05:03:38.864,1.6071,1.6076,4.00,11.90
2007.11.23 05:03:39.038,1.6071,1.6076,4.00,11.90
2007.11.23 05:03:39.212,1.6071,1.6076,4.00,11.90
2007.11.23 05:03:39.385,1.6071,1.6076,4.00,11.90
2007.11.23 05:03:39.508,1.6071,1.6076,4.00,11.90
2007.11.23 05:03:39.630,1.6071,1.6076,4.00,11.90
2007.11.23 05:03:39.806,1.6071,1.6076,4.00,11.90
2007.11.23 05:03:39.929,1.6071,1.6076,4.00,11.90
2007.11.23 05:03:40.053,1.6071,1.6076,4.00,11.90
2007.11.23 05:03:40.177,1.6071,1.6076,4.00,11.90
2007.11.23 05:03:40.301,1.6071,1.6076,4.00,11.90
2007.11.23 05:03:40.456,1.6071,1.6076,4.00,11.90
2007.11.23 05:03:40.608,1.6071,1.6076,4.00,11.90
2007.11.23 05:03:40.760,1.6071,1.6076,4.00,11.90
2007.11.23 05:03:40.920,1.6072,1.6077,15.90,11.90
2007.11.23 05:03:41.073,1.6073,1.6076,0.80,0.40
2007.11.23 05:03:41.227,1.6073,1.6076,0.80,0.40
2007.11.23 05:03:41.380,1.6073,1.6076,16.70,0.40
2007.11.23 05:03:41.643,1.6073,1.6076,16.70,0.40
2007.11.23 05:03:41.908,1.6073,1.6076,16.70,0.40
2007.11.23 05:03:42.172,1.6073,1.6076,16.70,0.40
2007.11.23 05:03:42.434,1.6073,1.6076,16.70,0.40
2007.11.23 05:03:42.661,1.6073,1.6076,16.70,0.40
2007.11.23 05:03:42.806,1.6073,1.6077,16.70,12.30
2007.11.23 05:03:42.889,1.6073,1.6076,16.70,0.40
2007.11.23 05:03:43.117,1.6073,1.6076,16.70,0.40
2007.11.23 05:03:43.345,1.6073,1.6077,16.70,12.30
2007.11.23 05:03:43.573,1.6073,1.6077,16.70,12.30
2007.11.23 05:03:43.721,1.6073,1.6077,16.70,12.30
2007.11.23 05:03:43.869,1.6073,1.6076,16.70,0.40
2007.11.23 05:03:44.017,1.6073,1.6077,16.70,12.30
2007.11.23 05:03:44.165,1.6073,1.6077,16.70,12.30
2007.11.23 05:03:44.314,1.6073,1.6076,16.70,0.40
2007.11.23 05:03:44.461,1.6073,1.6076,16.70,0.40
2007.11.23 05:03:44.610,1.6073,1.6076,16.70,0.40
2007.11.23 05:03:44.788,1.6073,1.6076,16.70,0.40
2007.11.23 05:03:44.965,1.6073,1.6077,16.70,12.30
2007.11.23 05:03:45.144,1.6073,1.6077,16.70,12.30
2007.11.23 05:03:45.321,1.6073,1.6077,16.70,12.30
2007.11.23 05:03:45.499,1.6073,1.6077,16.70,12.30
2007.11.23 05:03:45.677,1.6073,1.6077,16.70,12.30
2007.11.23 05:03:45.810,1.6073,1.6077,16.70,12.30
2007.11.23 05:03:45.972,1.6073,1.6077,16.70,12.30
2007.11.23 05:03:46.104,1.6073,1.6077,16.70,12.30
2007.11.23 05:03:46.239,1.60735,1.6076,0.80,0.40
2007.11.23 05:03:46.376,1.60745,1.608,0.80,13.80
2007.11.23 05:03:46.509,1.60745,1.6079,0.80,0.70
2007.11.23 05:03:46.643,1.60745,1.6079,0.80,0.50
2007.11.23 05:03:46.955,1.6076,1.6079,0.80,0.40
2007.11.23 05:03:47.269,1.6076,1.608,0.80,12.30
2007.11.23 05:03:47.582,1.6076,1.608,0.80,12.30
2007.11.23 05:03:47.902,1.6076,1.608,19.10,12.30
2007.11.23 05:03:48.085,1.6076,1.608,19.10,12.30
2007.11.23 05:03:48.268,1.6076,1.6079,19.10,0.40
2007.11.23 05:03:48.456,1.6076,1.608,19.10,12.30
2007.11.23 05:03:48.639,1.6076,1.608,19.10,12.30
2007.11.23 05:03:48.821,1.6076,1.608,19.10,12.30
2007.11.23 05:03:48.985,1.6076,1.6079,17.50,0.40
2007.11.23 05:03:49.148,1.6076,1.6079,17.50,0.40
2007.11.23 05:03:49.311,1.6076,1.608,17.50,12.30
2007.11.23 05:03:49.473,1.6076,1.608,17.50,12.30
2007.11.23 05:03:49.636,1.6076,1.608,17.50,12.30
2007.11.23 05:03:49.799,1.6076,1.6079,17.50,0.40
2007.11.23 05:03:49.947,1.6076,1.608,17.50,12.30
2007.11.23 05:03:50.095,1.6076,1.608,17.50,12.30
2007.11.23 05:03:50.243,1.6076,1.608,17.50,12.30
2007.11.23 05:03:50.391,1.6076,1.608,17.50,12.30
2007.11.23 05:03:50.539,1.6076,1.608,16.70,12.30
2007.11.23 05:03:50.687,1.6076,1.608,16.70,12.30
2007.11.23 05:03:50.834,1.6076,1.6079,16.70,0.40
2007.11.23 05:03:51.002,1.6076,1.6079,16.70,0.40
2007.11.23 05:03:51.170,1.6076,1.6079,16.70,0.40
2007.11.23 05:03:51.338,1.6076,1.6079,16.70,0.40
2007.11.23 05:03:51.507,1.6076,1.608,16.70,16.30
2007.11.23 05:03:51.674,1.6076,1.6079,16.70,0.40
2007.11.23 05:03:51.843,1.6076,1.608,4.80,16.20
2007.11.23 05:03:52.131,1.60745,1.6079,1.60,0.80
2007.11.23 05:03:52.306,1.60745,1.6079,1.60,15.90
2007.11.23 05:03:52.487,1.60745,1.6078,1.60,0.70
2007.11.23 05:03:52.659,1.60745,1.6079,1.60,15.90
2007.11.23 05:03:52.848,1.6073,1.6078,21.50,0.50
2007.11.23 05:03:53.133,1.6073,1.6078,21.50,0.70
2007.11.23 05:03:53.430,1.6073,1.6076,0.80,0.40
2007.11.23 05:03:53.728,1.6073,1.6076,0.80,0.40
2007.11.23 05:03:54.026,1.6073,1.6076,0.80,0.40
2007.11.23 05:03:54.199,1.6073,1.6076,0.80,0.40
2007.11.23 05:03:54.373,1.6073,1.6076,0.80,0.40
2007.11.23 05:03:54.546,1.6073,1.6077,0.80,12.30
2007.11.23 05:03:54.719,1.6073,1.6077,0.80,12.30
2007.11.23 05:03:54.892,1.6073,1.6077,0.80,12.30
2007.11.23 05:03:55.065,1.6073,1.6077,0.80,12.30
2007.11.23 05:03:55.239,1.6073,1.6077,0.80,12.30
2007.11.23 05:03:55.410,1.6073,1.6077,0.80,12.30
2007.11.23 05:03:55.583,1.6073,1.6076,0.80,0.40
2007.11.23 05:03:55.756,1.6073,1.6076,0.80,0.40
2007.11.23 05:03:55.929,1.6073,1.6076,0.80,0.40
2007.11.23 05:03:56.073,1.6073,1.6076,0.80,0.40
2007.11.23 05:03:56.216,1.6073,1.6076,0.80,0.40
2007.11.23 05:03:56.359,1.6073,1.6077,0.80,12.30
2007.11.23 05:03:56.502,1.6073,1.6076,0.80,0.40
2007.11.23 05:03:56.645,1.6073,1.6076,0.80,0.40
2007.11.23 05:03:56.787,1.6073,1.6077,0.80,12.30
2007.11.23 05:03:56.932,1.6073,1.6077,0.80,12.30
2007.11.23 05:03:57.065,1.6073,1.6077,0.80,12.30
2007.11.23 05:03:57.198,1.6073,1.6077,0.80,12.30
2007.11.23 05:03:57.330,1.6073,1.6077,0.80,12.30
2007.11.23 05:03:57.464,1.6073,1.6076,0.80,0.40
2007.11.23 05:03:57.597,1.6073,1.6076,0.80,0.40
2007.11.23 05:03:57.730,1.6073,1.6077,0.80,12.30
2007.11.23 05:03:57.867,1.6073,1.6076,0.80,0.40
2007.11.23 05:03:57.995,1.6073,1.6077,0.80,12.30
2007.11.23 05:03:58.128,1.6073,1.6077,0.80,12.30
2007.11.23 05:03:58.291,1.6073,1.6077,0.80,12.30
2007.11.23 05:03:58.424,1.6073,1.6076,0.80,0.40
2007.11.23 05:03:58.557,1.6073,1.6077,0.80,12.30
2007.11.23 05:03:58.690,1.6073,1.6077,0.80,12.30
2007.11.23 05:03:58.824,1.6073,1.6077,0.80,12.30
2007.11.23 05:03:58.967,1.6073,1.6077,0.80,12.30
2007.11.23 05:03:59.098,1.6073,1.6076,0.80,0.40
2007.11.23 05:03:59.222,1.6073,1.6076,0.80,0.40
2007.11.23 05:03:59.351,1.6073,1.6077,12.70,12.30
2007.11.23 05:03:59.474,1.6073,1.6076,16.70,0.40
2007.11.23 05:03:59.598,1.6074,1.60775,0.80,17.80
2007.11.23 05:03:59.727,1.6074,1.60775,0.80,17.80
2007.11.23 05:03:59.844,1.6074,1.6077,0.80,0.60
2007.11.23 05:03:59.967,1.6074,1.60775,0.80,17.80
2007.11.23 05:04:00.090,1.6074,1.60775,0.80,17.80
2007.11.23 05:04:00.213,1.6074,1.6077,0.80,0.70
2007.11.23 05:04:00.456,1.6074,1.60775,0.80,17.80
2007.11.23 05:04:00.699,1.6074,1.60775,0.80,17.80
2007.11.23 05:04:00.942,1.6074,1.6077,0.80,0.60
2007.11.23 05:04:01.185,1.6074,1.6077,4.80,0.60
2007.11.23 05:04:01.259,1.6074,1.60775,4.80,17.80
2007.11.23 05:04:01.331,1.6074,1.60775,4.80,17.80
2007.11.23 05:04:01.406,1.6074,1.60775,4.80,17.80
2007.11.23 05:04:01.479,1.6074,1.60775,4.80,17.80
2007.11.23 05:04:01.552,1.6074,1.6077,4.80,0.80
2007.11.23 05:04:01.625,1.6074,1.60775,4.80,17.80
2007.11.23 05:04:01.698,1.6074,1.6077,4.80,0.60
2007.11.23 05:04:01.772,1.6074,1.60775,4.80,17.80
2007.11.23 05:04:01.845,1.6074,1.6077,4.80,0.50
2007.11.23 05:04:01.918,1.6074,1.6077,4.80,0.90
2007.11.23 05:04:01.991,1.6074,1.60775,4.80,17.80
2007.11.23 05:04:02.064,1.6074,1.6077,4.80,0.70
2007.11.23 05:04:02.137,1.6074,1.6077,4.80,0.90
2007.11.23 05:04:02.210,1.6074,1.60775,4.80,17.80
2007.11.23 05:04:02.433,1.6074,1.60775,4.80,17.80
2007.11.23 05:04:02.655,1.6074,1.60775,4.80,17.80
2007.11.23 05:04:02.884,1.6074,1.60775,4.80,17.80
2007.11.23 05:04:03.102,1.6074,1.6077,4.80,0.80
2007.11.23 05:04:03.324,1.6074,1.60775,4.80,17.80
2007.11.23 05:04:03.458,1.6074,1.60775,4.80,17.80
2007.11.23 05:04:03.592,1.6074,1.60775,4.80,17.80
2007.11.23 05:04:03.724,1.6074,1.60775,4.80,17.80
2007.11.23 05:04:03.858,1.6073,1.6077,0.80,12.30
2007.11.23 05:04:03.991,1.6073,1.6076,0.80,0.40
2007.11.23 05:04:04.124,1.6073,1.6077,0.80,12.30
2007.11.23 05:04:04.257,1.6073,1.6077,0.80,12.30
2007.11.23 05:04:04.459,1.6073,1.6077,0.80,12.30
2007.11.23 05:04:04.786,1.6073,1.6077,0.80,12.30
2007.11.23 05:04:05.114,1.6073,1.6076,0.80,0.40
2007.11.23 05:04:05.442,1.6072,1.6075,0.80,0.40
2007.11.23 05:04:05.770,1.6072,1.6075,0.80,0.40
2007.11.23 05:04:05.909,1.6073,1.6077,0.80,12.30
2007.11.23 05:04:06.052,1.6073,1.6077,0.80,12.30
2007.11.23 05:04:06.184,1.6073,1.6076,0.80,0.40
2007.11.23 05:04:06.321,1.6073,1.6076,0.80,0.40
2007.11.23 05:04:06.458,1.6073,1.6077,0.80,12.30
2007.11.23 05:04:06.597,1.6073,1.6077,0.80,12.30
2007.11.23 05:04:06.814,1.6073,1.6076,0.80,0.40
2007.11.23 05:04:07.031,1.6073,1.6076,0.80,0.40
2007.11.23 05:04:07.250,1.6073,1.6077,0.80,12.30
2007.11.23 05:04:07.467,1.6073,1.6077,0.80,12.30
2007.11.23 05:04:07.686,1.6073,1.6077,0.80,12.30
2007.11.23 05:04:07.808,1.6073,1.6077,0.80,12.30
2007.11.23 05:04:07.934,1.6073,1.6076,0.80,0.40
2007.11.23 05:04:08.057,1.6073,1.6077,0.80,12.30
2007.11.23 05:04:08.179,1.6073,1.6077,0.80,12.30
2007.11.23 05:04:08.301,1.6073,1.6077,0.80,12.30
2007.11.23 05:04:08.425,1.6073,1.6077,0.80,12.30
2007.11.23 05:04:08.549,1.6073,1.6076,0.80,0.40
2007.11.23 05:04:08.672,1.6073,1.6076,0.80,0.40
2007.11.23 05:04:08.830,1.6073,1.6077,0.80,12.30
2007.11.23 05:04:08.987,1.6073,1.6077,0.80,12.30
2007.11.23 05:04:09.147,1.6073,1.6076,0.80,0.40
2007.11.23 05:04:09.305,1.6073,1.6076,0.80,0.40
2007.11.23 05:04:09.462,1.6073,1.6077,0.80,12.30
2007.11.23 05:04:09.620,1.6073,1.6077,0.80,12.30
2007.11.23 05:04:09.735,1.6073,1.6076,0.80,0.40
2007.11.23 05:04:09.848,1.6073,1.6076,0.80,0.40
2007.11.23 05:04:09.960,1.6073,1.6076,0.80,0.40
2007.11.23 05:04:10.072,1.6073,1.6077,0.80,12.30
2007.11.23 05:04:10.185,1.6073,1.6077,0.80,12.30
2007.11.23 05:04:10.299,1.6073,1.6077,0.80,12.30
2007.11.23 05:04:10.412,1.6073,1.6077,0.80,12.30
2007.11.23 05:04:10.621,1.6073,1.6077,0.80,12.30
2007.11.23 05:04:10.733,1.6073,1.6076,0.80,0.40
2007.11.23 05:04:10.887,1.6073,1.6076,0.80,0.50
2007.11.23 05:04:11.041,1.6072,1.6075,16.70,0.40
2007.11.23 05:04:11.195,1.6072,1.6076,16.70,12.30
2007.11.23 05:04:11.347,1.6072,1.6076,16.70,12.30
2007.11.23 05:04:11.501,1.6072,1.6076,16.70,12.30
2007.11.23 05:04:11.654,1.6072,1.6076,16.70,12.30
2007.11.23 05:04:11.906,1.6072,1.6075,16.70,0.40
2007.11.23 05:04:12.158,1.6072,1.6075,16.70,0.40
2007.11.23 05:04:12.412,1.6072,1.6075,16.70,0.40
2007.11.23 05:04:12.665,1.6072,1.6075,16.70,0.40
2007.11.23 05:04:12.917,1.6072,1.6075,16.70,0.40
2007.11.23 05:04:13.065,1.6072,1.6075,16.70,0.40
2007.11.23 05:04:13.213,1.6072,1.6075,16.70,0.40
2007.11.23 05:04:13.360,1.6072,1.6075,16.70,0.40
2007.11.23 05:04:13.508,1.6072,1.6075,16.70,0.40
2007.11.23 05:04:13.658,1.6072,1.6075,16.70,0.40
2007.11.23 05:04:13.805,1.6072,1.6075,16.70,0.40
2007.11.23 05:04:13.927,1.6072,1.6075,16.70,0.40
2007.11.23 05:04:14.051,1.6072,1.6075,16.70,0.40
2007.11.23 05:04:14.174,1.6072,1.6075,16.70,0.40
2007.11.23 05:04:14.298,1.6072,1.6075,16.70,0.40
2007.11.23 05:04:14.424,1.6072,1.6075,16.70,0.40
2007.11.23 05:04:14.547,1.6072,1.6075,16.70,0.40
2007.11.23 05:04:15.882,1.6072,1.6075,16.70,0.40
2007.11.23 05:04:16.002,1.6072,1.6075,16.70,0.40
2007.11.23 05:04:16.119,1.6072,1.6075,16.70,0.40
2007.11.23 05:04:16.237,1.6072,1.6075,16.70,0.40
2007.11.23 05:04:16.355,1.6072,1.6075,16.70,0.40
2007.11.23 05:04:16.474,1.6072,1.6075,16.70,0.40
2007.11.23 05:04:16.596,1.6072,1.6075,16.70,0.40
2007.11.23 05:04:16.709,1.6072,1.6075,16.70,0.40
2007.11.23 05:04:16.826,1.6072,1.6075,16.70,0.40
2007.11.23 05:04:16.944,1.6072,1.6075,16.70,0.40
2007.11.23 05:04:17.233,1.6072,1.6075,16.70,0.40
2007.11.23 05:04:17.521,1.6072,1.6075,16.70,0.40
2007.11.23 05:04:17.810,1.6072,1.6075,16.70,0.40
2007.11.23 05:04:18.016,1.6072,1.6075,3.50,0.40
2007.11.23 05:04:18.098,1.6071,1.6075,25.80,0.40
2007.11.23 05:04:18.171,1.6071,1.6075,25.80,0.40
2007.11.23 05:04:18.245,1.6071,1.6075,25.80,0.40
2007.11.23 05:04:18.319,1.6072,1.6075,4.80,0.40
2007.11.23 05:04:18.392,1.6071,1.6075,25.80,0.40
2007.11.23 05:04:18.465,1.6072,1.6075,0.60,0.40
2007.11.23 05:04:18.537,1.6071,1.6075,25.80,0.40
2007.11.23 05:04:18.609,1.6071,1.6075,25.80,0.40
2007.11.23 05:04:18.683,1.6072,1.6075,1.00,0.40
2007.11.23 05:04:18.756,1.6071,1.6075,25.80,0.40
2007.11.23 05:04:18.828,1.6072,1.6075,2.20,0.40
2007.11.23 05:04:18.901,1.6071,1.6075,25.80,0.40
2007.11.23 05:04:18.974,1.6071,1.6075,25.80,0.40
2007.11.23 05:04:19.048,1.6072,1.6075,7.50,0.40
2007.11.23 05:04:19.275,1.6071,1.6075,25.80,0.40
2007.11.23 05:04:19.503,1.6072,1.6075,5.70,0.40
2007.11.23 05:04:19.731,1.6072,1.6075,6.50,0.40
2007.11.23 05:04:19.959,1.6072,1.6075,0.80,0.40
2007.11.23 05:04:20.186,1.6072,1.6075,7.00,0.40
2007.11.23 05:04:20.314,1.6071,1.6075,25.80,0.40
2007.11.23 05:04:20.441,1.6071,1.6075,25.80,0.40
2007.11.23 05:04:20.570,1.6072,1.6075,1.90,0.40
2007.11.23 05:04:20.704,1.6072,1.6075,4.10,0.40
2007.11.23 05:04:20.832,1.60715,1.6075,17.50,0.40
2007.11.23 05:04:20.961,1.6073,1.6076,0.80,0.40
2007.11.23 05:04:21.089,1.6072,1.6076,4.80,0.40
2007.11.23 05:04:21.322,1.6072,1.6076,4.80,0.40
2007.11.23 05:04:21.555,1.6072,1.6076,4.80,0.40
2007.11.23 05:04:21.788,1.6072,1.6076,4.80,0.40
2007.11.23 05:04:22.021,1.6072,1.6076,4.80,0.40
2007.11.23 05:04:22.254,1.6073,1.6076,0.80,0.40
2007.11.23 05:04:22.398,1.6072,1.6076,4.80,0.40
2007.11.23 05:04:22.540,1.6073,1.6076,0.80,0.40
2007.11.23 05:04:22.683,1.6072,1.6076,4.80,0.40
2007.11.23 05:04:22.827,1.6073,1.6076,0.80,0.40
2007.11.23 05:04:22.969,1.6072,1.6076,4.80,0.40
2007.11.23 05:04:23.111,1.6073,1.6076,0.80,0.40
2007.11.23 05:04:23.255,1.6073,1.6076,0.80,0.40
2007.11.23 05:04:23.475,1.60725,1.6076,4.00,0.40
2007.11.23 05:04:23.692,1.6073,1.6076,0.80,0.40
2007.11.23 05:04:23.912,1.6074,1.6077,0.80,12.20
2007.11.23 05:04:24.179,1.6074,1.6077,1.90,12.20
2007.11.23 05:04:24.398,1.6074,1.6077,2.20,12.20
2007.11.23 05:04:24.626,1.6074,1.6077,1.50,12.20
2007.11.23 05:04:24.849,1.6073,1.6077,16.70,12.20
2007.11.23 05:04:25.072,1.6074,1.6077,2.20,12.20
2007.11.23 05:04:25.297,1.6074,1.6077,2.50,12.20
2007.11.23 05:04:25.455,1.6074,1.6077,2.30,12.20
2007.11.23 05:04:25.618,1.6074,1.6077,1.50,12.20
2007.11.23 05:04:25.775,1.6074,1.6077,1.10,12.20
2007.11.23 05:04:25.940,1.6074,1.6077,1.20,12.20
2007.11.23 05:04:26.097,1.6073,1.6077,16.70,12.20
2007.11.23 05:04:26.256,1.6074,1.6077,0.50,12.20
2007.11.23 05:04:26.415,1.6073,1.6077,16.70,12.20
2007.11.23 05:04:26.712,1.6073,1.6077,16.70,12.20
2007.11.23 05:04:27.013,1.6073,1.6077,16.70,12.20
2007.11.23 05:04:27.311,1.6074,1.6077,1.20,12.20
2007.11.23 05:04:27.608,1.6073,1.6077,16.70,12.20
2007.11.23 05:04:27.701,1.6074,1.6077,2.00,12.20
2007.11.23 05:04:27.795,1.6073,1.6077,16.70,12.20
2007.11.23 05:04:27.888,1.6073,1.6077,16.70,12.20
2007.11.23 05:04:27.983,1.6073,1.6077,16.70,12.20
2007.11.23 05:04:28.076,1.6074,1.6077,2.20,12.20
2007.11.23 05:04:28.169,1.6074,1.6077,1.20,12.20
2007.11.23 05:04:28.263,1.6074,1.6077,0.70,12.20
2007.11.23 05:04:28.356,1.6073,1.6077,16.70,12.20
2007.11.23 05:04:28.534,1.6073,1.6077,16.70,12.20
2007.11.23 05:04:28.713,1.6074,1.6077,0.80,12.20
2007.11.23 05:04:28.891,1.6074,1.6077,17.70,0.40
2007.11.23 05:04:29.069,1.6075,1.6078,0.80,0.40
2007.11.23 05:04:29.246,1.60745,1.6078,16.70,0.40
2007.11.23 05:04:29.430,1.60745,1.6078,16.70,0.40
2007.11.23 05:04:29.642,1.60745,1.6078,16.70,0.40
2007.11.23 05:04:29.860,1.6075,1.6078,0.80,0.40
2007.11.23 05:04:30.078,1.6075,1.6078,0.80,0.40
2007.11.23 05:04:30.339,1.60745,1.6078,16.70,0.40
2007.11.23 05:04:30.557,1.60745,1.6078,16.70,0.40
2007.11.23 05:04:30.670,1.6075,1.6078,0.80,0.40
2007.11.23 05:04:30.783,1.60745,1.6078,16.70,0.40
2007.11.23 05:04:30.899,1.6075,1.6078,0.80,0.40
2007.11.23 05:04:31.010,1.60745,1.6078,16.70,0.40
2007.11.23 05:04:31.124,1.60745,1.6078,16.70,0.40
2007.11.23 05:04:31.238,1.6075,1.6078,0.80,0.40
2007.11.23 05:04:31.357,1.6074,1.6078,20.70,0.40
2007.11.23 05:04:31.470,1.6075,1.6078,0.80,0.40
2007.11.23 05:04:31.657,1.60735,1.6078,16.70,0.40
2007.11.23 05:04:31.851,1.60735,1.6078,16.70,0.40
2007.11.23 05:04:32.039,1.6075,1.6078,0.80,0.40
2007.11.23 05:04:32.228,1.60735,1.6078,16.70,0.40
2007.11.23 05:04:32.415,1.6075,1.6078,0.80,0.40
2007.11.23 05:04:32.577,1.60735,1.6078,16.70,0.40
2007.11.23 05:04:32.741,1.60735,1.60775,16.70,5.60
2007.11.23 05:04:32.910,1.6075,1.6077,0.80,11.90
2007.11.23 05:04:33.067,1.60735,1.6077,4.80,11.90
2007.11.23 05:04:33.230,1.60735,1.6077,4.80,12.20
2007.11.23 05:04:33.394,1.60735,1.6077,4.80,12.20
2007.11.23 05:04:33.557,1.6074,1.6077,0.80,12.20
2007.11.23 05:04:33.795,1.60735,1.6077,4.80,12.20
2007.11.23 05:04:34.033,1.6074,1.6077,0.80,12.20
2007.11.23 05:04:34.271,1.6074,1.6077,0.80,12.20
2007.11.23 05:04:34.509,1.60735,1.6077,4.80,12.20
2007.11.23 05:04:34.637,1.6074,1.6077,0.80,12.20
2007.11.23 05:04:34.765,1.6074,1.6077,0.80,12.20
2007.11.23 05:04:34.892,1.60735,1.6077,4.80,12.20
2007.11.23 05:04:35.019,1.60735,1.6077,4.80,12.20
2007.11.23 05:04:35.147,1.60735,1.6077,4.80,12.20
2007.11.23 05:04:35.274,1.60735,1.6077,4.80,12.20
2007.11.23 05:04:35.402,1.60735,1.6077,4.80,12.20
2007.11.23 05:04:35.530,1.60735,1.6077,4.80,12.20
2007.11.23 05:04:35.658,1.60735,1.6077,4.80,12.20
2007.11.23 05:04:35.785,1.60735,1.6077,4.80,12.20
2007.11.23 05:04:35.913,1.6074,1.6077,0.80,12.20
2007.11.23 05:04:36.041,1.60735,1.6077,4.80,12.20
2007.11.23 05:04:36.169,1.60735,1.6077,4.80,12.20
2007.11.23 05:04:36.297,1.60735,1.6077,4.80,12.20
2007.11.23 05:04:36.500,1.60735,1.6077,4.80,12.20
2007.11.23 05:04:36.627,1.60735,1.6077,4.80,12.20
2007.11.23 05:04:36.761,1.60735,1.6077,4.80,12.20
2007.11.23 05:04:36.918,1.6072,1.6076,4.80,0.40
2007.11.23 05:04:37.077,1.6073,1.6076,0.80,0.40
2007.11.23 05:04:37.236,1.6072,1.6076,4.80,0.40
2007.11.23 05:04:37.393,1.6072,1.6076,4.80,0.40
2007.11.23 05:04:37.553,1.6073,1.6076,0.80,0.40
2007.11.23 05:04:37.711,1.6073,1.6076,0.80,0.40
2007.11.23 05:04:38.005,1.6073,1.6076,0.80,0.40
2007.11.23 05:04:38.297,1.6072,1.6076,20.70,0.40
2007.11.23 05:04:38.591,1.6072,1.6076,20.70,0.40
2007.11.23 05:04:38.888,1.6073,1.6076,0.80,0.40
2007.11.23 05:04:38.972,1.6072,1.6076,20.70,0.40
2007.11.23 05:04:39.056,1.6073,1.6076,0.80,0.40
2007.11.23 05:04:39.139,1.6073,1.6076,0.80,0.40
2007.11.23 05:04:39.225,1.60725,1.6076,9.60,0.40
2007.11.23 05:04:39.308,1.60735,1.6077,4.80,12.20
2007.11.23 05:04:39.390,1.60735,1.6077,4.80,12.20
2007.11.23 05:04:39.474,1.60735,1.6077,4.80,12.20
2007.11.23 05:04:39.556,1.6074,1.6077,0.80,12.20
2007.11.23 05:04:39.639,1.60735,1.6077,4.80,12.20
2007.11.23 05:04:39.722,1.6074,1.6077,0.80,12.20
2007.11.23 05:04:39.805,1.60735,1.6077,4.80,12.20
2007.11.23 05:04:39.888,1.6074,1.6077,0.80,12.20
2007.11.23 05:04:39.971,1.60735,1.6077,4.80,12.20
2007.11.23 05:04:40.289,1.6074,1.6077,0.80,12.20
2007.11.23 05:04:40.607,1.60735,1.6077,4.80,12.20
2007.11.23 05:04:40.925,1.60735,1.6077,4.80,12.20
2007.11.23 05:04:41.069,1.60735,1.6077,4.80,12.20
2007.11.23 05:04:41.211,1.60735,1.6077,4.80,12.20
2007.11.23 05:04:41.355,1.6073,1.6076,4.80,0.40
2007.11.23 05:04:41.498,1.6073,1.6076,0.80,0.40
2007.11.23 05:04:41.641,1.6073,1.6076,0.80,0.40
2007.11.23 05:04:41.784,1.6072,1.6076,20.70,0.40
2007.11.23 05:04:41.927,1.6072,1.6076,20.70,0.40
2007.11.23 05:04:42.070,1.6072,1.6076,20.70,0.40
2007.11.23 05:04:42.273,1.6072,1.6076,20.70,0.40
2007.11.23 05:04:42.476,1.6072,1.6076,20.70,0.40
2007.11.23 05:04:42.679,1.6073,1.6076,0.80,0.40
2007.11.23 05:04:42.882,1.6073,1.6076,0.80,0.40
2007.11.23 05:04:43.085,1.6072,1.6076,20.70,0.40
2007.11.23 05:04:43.193,1.6073,1.6076,0.80,0.40
2007.11.23 05:04:43.302,1.6073,1.6076,0.80,0.40
2007.11.23 05:04:43.411,1.6072,1.6076,20.70,0.40
2007.11.23 05:04:43.518,1.6072,1.6076,20.70,0.40
2007.11.23 05:04:43.626,1.6073,1.6076,0.80,0.40
2007.11.23 05:04:43.734,1.6072,1.6076,20.70,0.40
2007.11.23 05:04:43.843,1.6072,1.6076,20.70,12.20
2007.11.23 05:04:43.951,1.6072,1.6075,7.20,0.40
2007.11.23 05:04:44.060,1.6071,1.6075,23.90,0.40
2007.11.23 05:04:44.308,1.6072,1.6075,0.80,0.40
2007.11.23 05:04:44.555,1.6072,1.6075,4.00,0.40
2007.11.23 05:04:44.803,1.6071,1.6075,23.90,0.40
2007.11.23 05:04:45.050,1.6071,1.6075,23.90,0.40
2007.11.23 05:04:45.184,1.6071,1.6075,24.90,0.40
2007.11.23 05:04:45.318,1.6072,1.6075,1.10,0.40
2007.11.23 05:04:45.450,1.6071,1.6075,24.90,0.40
2007.11.23 05:04:45.583,1.6072,1.6075,4.00,0.40
2007.11.23 05:04:45.716,1.6072,1.6075,1.90,0.40
2007.11.23 05:04:45.849,1.6072,1.6075,8.70,0.40
2007.11.23 05:04:45.982,1.6071,1.6075,24.90,0.40
2007.11.23 05:04:46.115,1.6071,1.6075,24.90,0.40
2007.11.23 05:04:46.253,1.6071,1.6075,24.90,0.40
2007.11.23 05:04:46.390,1.6072,1.6075,5.50,0.40
2007.11.23 05:04:46.530,1.6071,1.6075,24.90,0.40
2007.11.23 05:04:46.668,1.6071,1.6075,24.90,0.40
2007.11.23 05:04:46.811,1.6071,1.6075,24.90,0.40
2007.11.23 05:04:46.944,1.6072,1.6075,2.30,0.40
2007.11.23 05:04:47.082,1.6071,1.6075,24.90,0.40
2007.11.23 05:04:47.221,1.6072,1.6075,1.60,0.40
2007.11.23 05:04:47.354,1.6072,1.6075,21.70,0.40
2007.11.23 05:04:47.488,1.6073,1.6076,1.30,0.40
2007.11.23 05:04:47.621,1.6072,1.6076,21.70,0.40
2007.11.23 05:04:47.755,1.6074,1.6077,0.80,12.20
2007.11.23 05:04:47.889,1.6074,1.6077,1.10,12.20
2007.11.23 05:04:48.021,1.60735,1.6077,2.00,12.20
2007.11.23 05:04:48.154,1.60735,1.6077,2.00,12.20
2007.11.23 05:04:48.487,1.60735,1.6077,2.00,12.20
2007.11.23 05:04:48.823,1.60735,1.6077,2.00,12.20
2007.11.23 05:04:49.154,1.6074,1.6077,0.50,12.20
2007.11.23 05:04:49.272,1.60735,1.6077,2.00,12.20
2007.11.23 05:04:49.391,1.60735,1.6077,2.00,12.20
2007.11.23 05:04:49.514,1.6074,1.6077,1.10,12.20
2007.11.23 05:04:49.626,1.6074,1.6077,0.80,12.20
2007.11.23 05:04:49.744,1.6074,1.6077,1.10,12.20
2007.11.23 05:04:49.862,1.6074,1.6077,0.70,12.20
2007.11.23 05:04:49.980,1.6074,1.6077,0.90,12.20
2007.11.23 05:04:50.097,1.60735,1.6077,2.00,12.20
2007.11.23 05:04:50.216,1.60735,1.6077,2.00,12.20
2007.11.23 05:04:50.374,1.60735,1.6077,2.00,12.20
2007.11.23 05:04:50.533,1.60735,1.6077,2.00,12.20
2007.11.23 05:04:50.691,1.6074,1.6077,0.50,12.20
2007.11.23 05:04:50.849,1.60735,1.6077,2.00,12.20
2007.11.23 05:04:51.007,1.60735,1.6077,2.00,12.20
2007.11.23 05:04:52.089,1.6073,1.6076,1.40,12.20
2007.11.23 05:04:52.191,1.6073,1.6076,0.80,12.20
2007.11.23 05:04:52.291,1.60715,1.6076,21.10,11.90
2007.11.23 05:04:52.394,1.6072,1.6078,19.90,11.90
2007.11.23 05:04:52.497,1.6073,1.6078,3.30,11.90
2007.11.23 05:04:52.607,1.6073,1.6078,1.50,11.90
2007.11.23 05:04:52.710,1.6072,1.6078,19.90,11.90
2007.11.23 05:04:52.813,1.6073,1.6078,1.70,11.90
2007.11.23 05:04:52.916,1.6073,1.6078,5.70,11.90
2007.11.23 05:04:53.020,1.6073,1.6078,4.10,11.90
2007.11.23 05:04:53.124,1.6072,1.6078,19.90,11.90
2007.11.23 05:04:53.458,1.6073,1.6078,2.10,11.90
2007.11.23 05:04:53.793,1.6073,1.6078,6.30,11.90
2007.11.23 05:04:54.127,1.6072,1.6078,19.90,11.90
2007.11.23 05:04:54.246,1.6072,1.6077,1.80,11.90
2007.11.23 05:04:54.365,1.6072,1.6076,22.70,0.40
2007.11.23 05:04:54.483,1.6073,1.6076,0.80,0.40
2007.11.23 05:04:54.608,1.6072,1.6076,18.70,0.40
2007.11.23 05:04:54.727,1.6072,1.6076,18.70,0.40
2007.11.23 05:04:54.845,1.6072,1.6076,17.10,0.40
2007.11.23 05:04:54.963,1.6072,1.6076,17.10,0.40
2007.11.23 05:04:55.088,1.60725,1.6076,1.70,0.40
2007.11.23 05:04:55.245,1.60725,1.6076,1.70,0.40
2007.11.23 05:04:55.517,1.60725,1.6076,1.70,0.40
2007.11.23 05:04:55.790,1.60725,1.6076,1.70,0.40
2007.11.23 05:04:56.064,1.6073,1.6076,0.80,0.40
2007.11.23 05:04:56.336,1.60725,1.6076,1.70,0.40
2007.11.23 05:04:56.524,1.60725,1.6076,1.70,0.40
2007.11.23 05:04:56.713,1.60725,1.6076,1.70,0.40
2007.11.23 05:04:56.902,1.60725,1.6076,1.70,0.40
2007.11.23 05:04:57.089,1.60725,1.6076,1.70,0.40
2007.11.23 05:04:57.281,1.6073,1.6076,1.00,0.40
2007.11.23 05:04:57.478,1.6073,1.6076,1.00,0.40
2007.11.23 05:04:57.678,1.60725,1.6076,1.70,0.40
2007.11.23 05:04:57.876,1.6073,1.6076,0.80,0.40
2007.11.23 05:04:58.073,1.60725,1.6076,1.70,0.40
2007.11.23 05:04:58.278,1.60725,1.6076,1.70,0.40
2007.11.23 05:04:58.469,1.6073,1.6076,0.60,0.40
2007.11.23 05:04:58.654,1.60725,1.6076,1.70,0.40
2007.11.23 05:04:58.837,1.6073,1.6076,1.00,0.40
2007.11.23 05:04:59.021,1.60725,1.6076,1.70,0.40
2007.11.23 05:04:59.204,1.60725,1.6076,1.70,0.40
2007.11.23 05:04:59.387,1.60725,1.6076,1.70,0.40
2007.11.23 05:04:59.571,1.6073,1.6076,0.60,0.40
2007.11.23 05:04:59.834,1.6073,1.6076,0.80,0.40
2007.11.23 05:05:00.097,1.60725,1.6076,1.70,0.40
2007.11.23 05:05:00.361,1.60725,1.6076,1.70,0.40
2007.11.23 05:05:00.623,1.60725,1.6076,1.70,0.40
2007.11.23 05:05:00.746,1.60725,1.6076,1.70,0.40
2007.11.23 05:05:00.869,1.60725,1.6076,1.70,0.40
2007.11.23 05:05:00.993,1.60725,1.6076,1.70,0.40
2007.11.23 05:05:01.116,1.60725,1.6076,1.70,0.40
2007.11.23 05:05:01.240,1.60725,1.6076,1.70,0.40
2007.11.23 05:05:01.398,1.60725,1.6076,1.70,0.40
2007.11.23 05:05:01.521,1.6073,1.6076,0.70,0.40
2007.11.23 05:05:01.680,1.6073,1.6076,0.90,0.40
2007.11.23 05:05:01.836,1.60725,1.6076,1.70,0.40
2007.11.23 05:05:02.000,1.60725,1.6076,1.70,0.40
2007.11.23 05:05:02.153,1.60725,1.6076,1.70,0.40
2007.11.23 05:05:02.311,1.6073,1.6076,0.80,0.40
2007.11.23 05:05:02.470,1.60725,1.6076,1.70,0.40
2007.11.23 05:05:02.628,1.6073,1.6076,0.80,0.40
2007.11.23 05:05:02.771,1.60725,1.6076,1.70,0.40
2007.11.23 05:05:02.914,1.6073,1.6076,0.60,0.40
2007.11.23 05:05:03.057,1.6073,1.6076,0.70,0.40
2007.11.23 05:05:03.200,1.60725,1.6076,1.70,0.40
2007.11.23 05:05:03.343,1.60725,1.6076,1.70,0.40
2007.11.23 05:05:03.485,1.60725,1.6076,1.70,0.40
2007.11.23 05:05:03.629,1.60725,1.6076,1.70,0.40
2007.11.23 05:05:03.792,1.6073,1.6076,0.70,0.40
2007.11.23 05:05:03.956,1.60725,1.6076,1.70,0.40
2007.11.23 05:05:04.120,1.6073,1.6076,0.50,0.40
2007.11.23 05:05:04.282,1.6073,1.6076,0.60,0.40
2007.11.23 05:05:04.445,1.60725,1.6076,1.70,0.40
2007.11.23 05:05:04.608,1.60725,1.6076,1.70,0.40
2007.11.23 05:05:04.772,1.6073,1.6076,0.80,0.40
2007.11.23 05:05:04.915,1.60725,1.6076,1.70,0.40
2007.11.23 05:05:05.058,1.60725,1.6076,1.70,0.40
2007.11.23 05:05:05.201,1.60725,1.6076,1.70,0.40
2007.11.23 05:05:05.343,1.60725,1.6076,1.70,0.40
2007.11.23 05:05:05.487,1.60725,1.6076,1.70,0.40
2007.11.23 05:05:05.635,1.60725,1.6076,1.70,0.40
2007.11.23 05:05:05.807,1.60725,1.6076,1.70,0.40
2007.11.23 05:05:05.986,1.60725,1.6076,1.70,0.40
2007.11.23 05:05:06.164,1.6073,1.6076,0.80,0.40
2007.11.23 05:05:06.342,1.60725,1.6076,1.70,0.40
2007.11.23 05:05:06.520,1.6073,1.6076,0.50,0.40
2007.11.23 05:05:06.698,1.60725,1.6076,1.70,0.40
2007.11.23 05:05:06.861,1.6073,1.6076,0.70,0.40
2007.11.23 05:05:07.024,1.6073,1.6076,0.80,0.40
2007.11.23 05:05:07.186,1.60725,1.6076,1.70,0.40
2007.11.23 05:05:07.350,1.6073,1.6076,1.00,0.40
2007.11.23 05:05:07.559,1.60725,1.6076,1.70,0.40
2007.11.23 05:05:07.723,1.6073,1.6076,0.90,0.40
2007.11.23 05:05:07.836,1.6073,1.6076,0.90,0.40
2007.11.23 05:05:07.949,1.60725,1.6076,1.70,0.40
2007.11.23 05:05:08.062,1.60725,1.6076,1.70,0.40
2007.11.23 05:05:08.179,1.60725,1.6076,1.70,0.40
2007.11.23 05:05:08.292,1.6073,1.6076,0.90,0.40
2007.11.23 05:05:08.405,1.6073,1.6076,0.80,0.40
2007.11.23 05:05:08.519,1.6073,1.6076,0.70,0.40
2007.11.23 05:05:08.632,1.60725,1.6076,1.70,0.40
2007.11.23 05:05:08.745,1.60725,1.6076,1.70,0.40
2007.11.23 05:05:08.903,1.6073,1.6076,1.00,0.40
2007.11.23 05:05:09.061,1.60725,1.6076,1.70,0.40
2007.11.23 05:05:09.218,1.60725,1.6076,1.70,0.40
2007.11.23 05:05:09.377,1.60725,1.6076,1.70,0.40
2007.11.23 05:05:09.540,1.60725,1.6076,1.70,0.40
2007.11.23 05:05:09.693,1.6073,1.6076,0.90,0.40
2007.11.23 05:05:09.850,1.60725,1.6076,1.70,0.40
2007.11.23 05:05:09.989,1.6073,1.6076,0.90,0.40
2007.11.23 05:05:10.123,1.60725,1.6076,1.70,0.40
2007.11.23 05:05:10.257,1.6073,1.6076,0.90,0.40
2007.11.23 05:05:10.389,1.60725,1.6076,1.70,0.40
2007.11.23 05:05:10.522,1.60725,1.6076,1.70,0.40
2007.11.23 05:05:10.656,1.6073,1.6076,0.70,0.40
2007.11.23 05:05:10.789,1.60725,1.6076,1.70,0.40
2007.11.23 05:05:11.007,1.6073,1.6076,0.70,0.40
2007.11.23 05:05:11.225,1.6073,1.6076,0.90,0.40
2007.11.23 05:05:11.442,1.60725,1.6076,1.70,0.40
2007.11.23 05:05:11.660,1.6073,1.6076,0.90,0.40
2007.11.23 05:05:11.877,1.60725,1.6076,1.70,0.40
2007.11.23 05:05:11.981,1.60725,1.6076,1.70,0.40
2007.11.23 05:05:12.084,1.60725,1.6076,1.70,0.40
2007.11.23 05:05:12.187,1.60725,1.6076,1.70,0.40
2007.11.23 05:05:12.290,1.6073,1.6076,0.90,0.40
2007.11.23 05:05:12.393,1.60725,1.6076,1.70,0.40
2007.11.23 05:05:12.496,1.6073,1.6076,0.90,0.40
2007.11.23 05:05:12.600,1.6073,1.6076,0.60,0.40
2007.11.23 05:05:12.703,1.6073,1.6076,0.70,0.40
2007.11.23 05:05:12.805,1.60725,1.6076,1.70,0.40
2007.11.23 05:05:12.909,1.60725,1.6076,1.70,0.40
2007.11.23 05:05:13.082,1.60725,1.6076,1.70,0.40
2007.11.23 05:05:13.254,1.60725,1.6076,1.70,0.40
2007.11.23 05:05:13.428,1.60725,1.6076,1.70,0.40
2007.11.23 05:05:13.712,1.60725,1.6076,1.70,0.40
2007.11.23 05:05:13.885,1.60725,1.6076,1.70,0.40
2007.11.23 05:05:14.057,1.60725,1.6076,1.70,0.40
2007.11.23 05:05:14.155,1.60725,1.6076,1.70,0.40
2007.11.23 05:05:14.253,1.6073,1.6076,0.70,0.40
2007.11.23 05:05:14.352,1.60725,1.6076,1.70,0.40
2007.11.23 05:05:14.450,1.60725,1.6076,1.70,0.40
2007.11.23 05:05:14.548,1.60725,1.6076,1.70,0.40
2007.11.23 05:05:14.647,1.60725,1.6076,1.70,0.40
2007.11.23 05:05:14.746,1.6073,1.6076,0.80,0.40
2007.11.23 05:05:14.844,1.6073,1.6076,0.90,0.40
2007.11.23 05:05:14.943,1.60725,1.6076,1.70,0.40
2007.11.23 05:05:15.046,1.6073,1.6076,1.00,0.40
2007.11.23 05:05:15.144,1.6073,1.6076,0.60,0.40
2007.11.23 05:05:15.422,1.60725,1.6076,1.70,0.40
2007.11.23 05:05:15.701,1.6073,1.6076,1.00,0.40
2007.11.23 05:05:15.979,1.60725,1.6076,1.70,0.40
2007.11.23 05:05:16.259,1.60725,1.6076,1.70,0.40
2007.11.23 05:05:16.402,1.6073,1.6076,1.60,0.40
2007.11.23 05:05:16.546,1.60735,1.6076,0.80,0.40
2007.11.23 05:05:16.690,1.60735,1.6076,0.80,0.40
2007.11.23 05:05:16.834,1.6073,1.6076,1.60,0.40
2007.11.23 05:05:16.977,1.60735,1.6076,0.80,0.40
2007.11.23 05:05:17.123,1.6073,1.6076,0.80,0.40
2007.11.23 05:05:17.340,1.60725,1.6076,17.50,0.40
2007.11.23 05:05:17.559,1.6073,1.6076,0.80,0.40
2007.11.23 05:05:17.777,1.60725,1.6076,17.50,0.40
2007.11.23 05:05:17.996,1.60725,1.6076,17.50,0.40
2007.11.23 05:05:18.213,1.60725,1.6076,17.50,0.40
2007.11.23 05:05:18.350,1.60725,1.6076,17.50,0.40
2007.11.23 05:05:18.490,1.6073,1.6076,0.80,0.40
2007.11.23 05:05:18.629,1.6073,1.6076,0.80,0.40
2007.11.23 05:05:18.768,1.60725,1.6076,17.10,0.40
2007.11.23 05:05:18.906,1.60725,1.6076,16.70,0.40
2007.11.23 05:05:19.044,1.6072,1.6076,22.70,0.40
2007.11.23 05:05:19.184,1.6072,1.6076,22.70,0.40
2007.11.23 05:05:19.377,1.6073,1.6076,0.80,0.40
2007.11.23 05:05:19.570,1.6072,1.6076,18.70,0.40
2007.11.23 05:05:19.873,1.6072,1.6076,17.10,0.40
2007.11.23 05:05:20.065,1.6072,1.6076,17.10,0.40
2007.11.23 05:05:20.259,1.6073,1.6076,0.80,0.40
2007.11.23 05:05:20.478,1.6073,1.6076,0.80,0.40
2007.11.23 05:05:20.695,1.6073,1.6076,0.80,0.40
2007.11.23 05:05:20.913,1.6073,1.6076,0.80,0.40
2007.11.23 05:05:21.131,1.6072,1.6076,17.10,0.40
2007.11.23 05:05:21.358,1.6072,1.6076,17.10,0.40
2007.11.23 05:05:21.591,1.6072,1.6076,17.10,0.40
2007.11.23 05:05:21.834,1.6073,1.6076,0.80,0.40
2007.11.23 05:05:22.076,1.6072,1.6076,17.10,0.40
2007.11.23 05:05:22.320,1.6072,1.6076,17.10,0.40
2007.11.23 05:05:22.417,1.6073,1.6076,0.80,0.40
2007.11.23 05:05:22.515,1.6073,1.6076,0.80,0.40
2007.11.23 05:05:22.613,1.6072,1.6076,17.10,0.40
2007.11.23 05:05:22.712,1.6072,1.6076,17.10,0.40
2007.11.23 05:05:22.809,1.6073,1.6076,0.80,0.40
2007.11.23 05:05:22.907,1.6073,1.6076,0.80,0.40
2007.11.23 05:05:23.007,1.6072,1.6076,17.10,0.40
2007.11.23 05:05:23.104,1.6073,1.6076,0.80,0.40
2007.11.23 05:05:23.201,1.6072,1.6076,17.10,0.40
2007.11.23 05:05:23.299,1.6072,1.6076,17.10,0.40
2007.11.23 05:05:23.398,1.6072,1.6076,17.10,0.40
2007.11.23 05:05:23.570,1.6073,1.6076,0.80,0.40
2007.11.23 05:05:23.742,1.6072,1.6076,17.10,0.40
2007.11.23 05:05:23.916,1.60715,1.6078,16.70,12.20
2007.11.23 05:05:24.090,1.6072,1.6078,15.90,11.90
2007.11.23 05:05:24.262,1.60725,1.6078,4.90,11.90
2007.11.23 05:05:24.436,1.6072,1.6078,15.90,11.90
2007.11.23 05:05:24.639,1.60725,1.6078,0.70,11.90
2007.11.23 05:05:24.843,1.6072,1.6078,15.90,11.90
2007.11.23 05:05:25.046,1.60725,1.6078,5.40,11.90
2007.11.23 05:05:25.249,1.6074,1.6078,0.50,11.90
2007.11.23 05:05:25.453,1.6074,1.6078,0.50,11.90
2007.11.23 05:05:25.597,1.6074,1.6078,0.50,11.90
2007.11.23 05:05:25.739,1.6074,1.6078,0.50,11.90
2007.11.23 05:05:26.023,1.6075,1.6078,0.80,0.40
2007.11.23 05:05:26.165,1.60735,1.6078,13.10,0.40
2007.11.23 05:05:26.310,1.6073,1.6078,4.50,11.90
2007.11.23 05:05:26.452,1.6073,1.6078,4.50,11.90
2007.11.23 05:05:26.651,1.6073,1.6078,4.50,11.90
2007.11.23 05:05:26.850,1.6073,1.6076,5.30,0.40
2007.11.23 05:05:27.049,1.60735,1.6076,0.50,0.40
2007.11.23 05:05:27.250,1.60725,1.6076,17.50,0.40
2007.11.23 05:05:27.447,1.60725,1.6076,17.50,0.40
2007.11.23 05:05:27.645,1.60725,1.6076,17.50,0.40
2007.11.23 05:05:27.867,1.6073,1.6076,0.80,0.40
2007.11.23 05:05:28.091,1.6073,1.6076,0.80,0.40
2007.11.23 05:05:28.314,1.6073,1.6076,0.80,0.40
2007.11.23 05:05:28.542,1.60725,1.6076,17.50,0.40
2007.11.23 05:05:28.765,1.6073,1.6076,0.80,0.40
2007.11.23 05:05:28.986,1.60725,1.6076,17.50,0.40
2007.11.23 05:05:29.094,1.60725,1.6076,17.50,0.40
2007.11.23 05:05:29.204,1.60725,1.6076,17.50,0.40
2007.11.23 05:05:29.313,1.60725,1.6076,17.50,0.40
2007.11.23 05:05:29.420,1.60725,1.6076,17.50,0.40
2007.11.23 05:05:29.528,1.60725,1.6076,17.50,0.40
2007.11.23 05:05:29.637,1.60725,1.6076,20.70,0.40
2007.11.23 05:05:29.745,1.60725,1.6076,20.70,0.40
2007.11.23 05:05:29.853,1.60725,1.6076,20.70,0.40
2007.11.23 05:05:30.026,1.6073,1.6076,0.80,0.40
2007.11.23 05:05:30.200,1.60725,1.6076,20.70,0.40
2007.11.23 05:05:30.372,1.60725,1.6076,20.70,0.40
2007.11.23 05:05:30.545,1.60725,1.6076,20.70,0.40
2007.11.23 05:05:30.718,1.60725,1.6076,20.70,0.40
2007.11.23 05:05:30.890,1.60725,1.6076,20.70,0.40
2007.11.23 05:05:31.009,1.60725,1.6076,20.70,0.40
2007.11.23 05:05:31.132,1.60725,1.6076,20.70,0.40
2007.11.23 05:05:31.251,1.60725,1.6076,20.70,0.40
2007.11.23 05:05:31.368,1.6073,1.6076,0.80,0.40
2007.11.23 05:05:31.487,1.60725,1.6076,20.70,0.40
2007.11.23 05:05:31.604,1.60725,1.6076,20.70,0.40
2007.11.23 05:05:31.722,1.6073,1.6076,0.80,0.40
2007.11.23 05:05:31.840,1.60725,1.6076,20.70,0.40
2007.11.23 05:05:31.959,1.60725,1.6076,20.70,0.40
2007.11.23 05:05:32.271,1.60725,1.6076,20.70,0.40
2007.11.23 05:05:32.585,1.60725,1.6076,20.70,0.40
2007.11.23 05:05:32.899,1.6073,1.6076,0.80,0.40
2007.11.23 05:05:33.219,1.60725,1.6076,15.90,0.40
2007.11.23 05:05:33.372,1.6072,1.6076,22.70,0.40
2007.11.23 05:05:33.525,1.6072,1.6076,18.70,0.40
2007.11.23 05:05:33.679,1.6073,1.6076,0.80,0.40
2007.11.23 05:05:33.832,1.6072,1.6076,17.10,0.40
2007.11.23 05:05:33.986,1.6072,1.6076,17.10,0.40
2007.11.23 05:05:34.184,1.6072,1.6076,18.10,0.40
2007.11.23 05:05:34.381,1.6073,1.6076,0.80,0.40
2007.11.23 05:05:34.580,1.60725,1.6076,20.70,0.40
2007.11.23 05:05:34.779,1.6073,1.6076,0.80,0.40
2007.11.23 05:05:34.976,1.60725,1.6076,20.70,0.40
2007.11.23 05:05:35.190,1.60725,1.6076,20.70,0.40
2007.11.23 05:05:35.393,1.6073,1.6076,0.80,0.40
2007.11.23 05:05:35.600,1.6073,1.6076,0.80,0.40
2007.11.23 05:05:35.807,1.6073,1.6076,0.80,0.40
2007.11.23 05:05:36.016,1.6073,1.6076,0.80,0.40
2007.11.23 05:05:36.144,1.6073,1.6076,0.80,0.40
2007.11.23 05:05:36.271,1.6073,1.6076,0.80,0.40
2007.11.23 05:05:36.399,1.6073,1.6076,0.80,0.40
2007.11.23 05:05:36.527,1.6073,1.6076,0.80,0.40
2007.11.23 05:05:36.656,1.6073,1.6076,0.80,0.40
2007.11.23 05:05:36.784,1.6073,1.6076,0.80,0.40
2007.11.23 05:05:36.911,1.6073,1.6076,0.80,0.40
2007.11.23 05:05:37.039,1.6073,1.6076,0.80,0.40
2007.11.23 05:05:37.208,1.6073,1.6076,0.80,0.40
2007.11.23 05:05:37.375,1.6073,1.6076,0.80,0.40
2007.11.23 05:05:37.543,1.6073,1.6076,0.80,0.40
2007.11.23 05:05:37.711,1.6073,1.6076,0.80,0.40
2007.11.23 05:05:37.879,1.6073,1.6076,0.80,0.40
2007.11.23 05:05:38.047,1.6073,1.6076,0.80,0.40
2007.11.23 05:05:38.352,1.6073,1.6076,0.80,0.40
2007.11.23 05:05:38.463,1.6073,1.6076,0.80,0.40
2007.11.23 05:05:38.577,1.6073,1.6076,0.80,0.40
2007.11.23 05:05:38.690,1.6073,1.6076,0.80,0.40
2007.11.23 05:05:38.803,1.6073,1.6076,0.80,0.40
2007.11.23 05:05:38.915,1.6073,1.6076,0.80,0.40
2007.11.23 05:05:39.028,1.6073,1.6076,0.80,0.40
2007.11.23 05:05:39.142,1.6073,1.6076,0.80,0.40
2007.11.23 05:05:39.255,1.6073,1.6076,0.80,0.40
2007.11.23 05:05:39.437,1.6073,1.6076,0.80,0.40
2007.11.23 05:05:39.620,1.6073,1.6076,0.80,0.40
2007.11.23 05:05:39.804,1.6073,1.6076,0.80,0.40
2007.11.23 05:05:39.986,1.6073,1.6076,0.80,0.40
2007.11.23 05:05:40.169,1.6073,1.6076,0.80,0.40
2007.11.23 05:05:40.354,1.6073,1.6077,0.80,12.30
2007.11.23 05:05:40.475,1.6073,1.6076,0.80,0.40
2007.11.23 05:05:40.598,1.6073,1.6076,0.80,0.40
2007.11.23 05:05:40.726,1.6073,1.6076,0.80,0.40
2007.11.23 05:05:40.844,1.6073,1.6076,0.80,0.40
2007.11.23 05:05:40.966,1.6073,1.6076,0.80,0.40
2007.11.23 05:05:41.089,1.6073,1.6076,0.80,0.40
2007.11.23 05:05:41.213,1.6073,1.6076,0.80,0.40
2007.11.23 05:05:41.372,1.6073,1.6076,0.80,0.40
2007.11.23 05:05:41.524,1.6073,1.6076,0.80,0.40
2007.11.23 05:05:41.678,1.6073,1.6076,0.80,0.40
2007.11.23 05:05:41.830,1.6073,1.6076,0.80,0.40
2007.11.23 05:05:41.983,1.6073,1.6076,0.80,0.40
2007.11.23 05:05:42.136,1.6073,1.6076,0.80,0.40
2007.11.23 05:05:42.290,1.6073,1.6076,0.80,0.40
2007.11.23 05:05:42.499,1.6073,1.6076,12.70,0.40
2007.11.23 05:05:42.715,1.6073,1.6076,12.70,0.40
2007.11.23 05:05:42.924,1.6073,1.6076,0.80,0.40
2007.11.23 05:05:43.133,1.6073,1.6076,0.80,0.40
2007.11.23 05:05:43.342,1.6073,1.6076,0.80,0.40
2007.11.23 05:05:43.625,1.6073,1.6076,0.80,0.40
2007.11.23 05:05:43.909,1.6073,1.6076,0.80,0.40
2007.11.23 05:05:44.193,1.6073,1.6076,0.80,0.40
2007.11.23 05:05:44.519,1.6073,1.6076,0.80,0.40
2007.11.23 05:05:44.621,1.6073,1.6076,0.80,0.40
2007.11.23 05:05:44.724,1.6073,1.6076,0.80,0.40
2007.11.23 05:05:44.827,1.6073,1.6076,0.80,0.40
2007.11.23 05:05:44.930,1.6073,1.6076,0.80,0.40
2007.11.23 05:05:45.035,1.6073,1.6076,0.80,0.40
2007.11.23 05:05:45.138,1.6073,1.6076,0.80,0.40
2007.11.23 05:05:45.240,1.6073,1.6076,0.80,0.40
2007.11.23 05:05:45.343,1.6073,1.6076,0.80,0.40
2007.11.23 05:05:45.446,1.6073,1.6076,0.80,0.40
2007.11.23 05:05:45.550,1.6073,1.6076,0.80,0.40
2007.11.23 05:05:45.792,1.6073,1.6076,0.80,0.40
2007.11.23 05:05:46.036,1.6073,1.6076,0.80,0.40
2007.11.23 05:05:46.280,1.6073,1.6076,0.80,0.40
2007.11.23 05:05:46.522,1.6073,1.6076,0.80,0.40
2007.11.23 05:05:46.766,1.6073,1.6076,0.80,0.40
2007.11.23 05:05:46.868,1.6073,1.6076,0.80,0.40
2007.11.23 05:05:46.976,1.6073,1.6076,0.80,0.40
2007.11.23 05:05:47.079,1.6073,1.6076,0.80,0.40
2007.11.23 05:05:47.182,1.6073,1.6076,0.80,0.40
2007.11.23 05:05:47.287,1.6073,1.6076,0.80,0.40
2007.11.23 05:05:47.389,1.6073,1.6076,0.80,0.40
