2017.07.21 10:00:00.639,1.29961,1.29965,2.44,1.00
2017.07.21 10:00:01.140,1.2996,1.29964,1.19,1.00
2017.07.21 10:00:02.392,1.29961,1.29965,1.12,1.00
2017.07.21 10:00:03.268,1.2996,1.29966,1.87,4.69
2017.07.21 10:00:03.605,1.29959,1.29963,1.25,1.00
2017.07.21 10:00:04.322,1.29958,1.29962,1.69,1.00
2017.07.21 10:00:05.463,1.29961,1.29962,1.00,1.25
2017.07.21 10:00:05.515,1.29961,1.29965,1.12,2.47
2017.07.21 10:00:06.657,1.29961,1.29967,1.00,2.70
2017.07.21 10:00:06.708,1.29962,1.29967,1.31,1.19
2017.07.21 10:00:07.777,1.29962,1.29967,1.69,1.00
2017.07.21 10:00:08.313,1.29963,1.29968,1.00,1.69
2017.07.21 10:00:08.873,1.29962,1.29968,2.06,1.69
2017.07.21 10:00:09.402,1.29962,1.29968,1.31,1.69
2017.07.21 10:00:10.594,1.29962,1.29967,1.31,1.00
2017.07.21 10:00:11.102,1.29962,1.29967,1.31,1.00
2017.07.21 10:00:11.767,1.29963,1.29967,1.00,1.00
2017.07.21 10:00:11.922,1.29966,1.29968,1.00,1.25
2017.07.21 10:00:11.973,1.29966,1.29972,1.00,2.47
2017.07.21 10:00:12.177,1.29967,1.29972,2.44,2.47
2017.07.21 10:00:12.930,1.29967,1.29972,1.00,1.19
2017.07.21 10:00:16.259,1.29967,1.29973,2.62,1.19
2017.07.21 10:00:16.995,1.2997,1.29974,1.00,2.44
2017.07.21 10:00:17.251,1.29968,1.29973,1.25,1.69
2017.07.21 10:00:18.146,1.29968,1.29973,2.06,1.19
2017.07.21 10:00:18.554,1.29967,1.29972,1.31,1.87
2017.07.21 10:00:19.394,1.29965,1.2997,3.75,1.00
2017.07.21 10:00:19.706,1.29965,1.29969,1.87,1.00
2017.07.21 10:00:20.213,1.29964,1.29969,2.25,1.00
2017.07.21 10:00:20.264,1.29964,1.29969,1.50,1.00
2017.07.21 10:00:21.566,1.29964,1.29968,3.00,1.00
2017.07.21 10:00:21.617,1.29965,1.2997,2.62,1.69
2017.07.21 10:00:22.183,1.29967,1.2997,1.00,1.00
2017.07.21 10:00:22.726,1.29966,1.29971,2.25,1.00
2017.07.21 10:00:23.241,1.29965,1.29968,1.50,1.00
2017.07.21 10:00:23.293,1.29964,1.29968,2.62,1.00
2017.07.21 10:00:23.447,1.29965,1.2997,1.12,1.69
2017.07.21 10:00:23.983,1.29962,1.29967,3.37,1.00
2017.07.21 10:00:25.255,1.29962,1.29967,2.25,1.00
2017.07.21 10:00:25.769,1.29964,1.29967,1.00,1.00
2017.07.21 10:00:26.294,1.29962,1.29966,1.87,1.00
2017.07.21 10:00:26.345,1.29962,1.29968,1.19,1.69
2017.07.21 10:00:26.397,1.29961,1.29966,1.69,1.00
2017.07.21 10:00:26.602,1.29963,1.29969,3.00,2.44
2017.07.21 10:00:26.878,1.29964,1.29969,3.19,1.00
2017.07.21 10:00:28.050,1.29965,1.2997,1.19,1.25
2017.07.21 10:00:28.101,1.29967,1.29972,2.25,1.25
2017.07.21 10:00:28.367,1.29969,1.29973,1.37,1.69
2017.07.21 10:00:28.831,1.29969,1.29971,1.00,1.00
2017.07.21 10:00:28.882,1.29966,1.29971,1.87,1.50
2017.07.21 10:00:29.594,1.29967,1.29972,1.00,1.69
2017.07.21 10:00:29.646,1.29969,1.29972,1.00,1.25
2017.07.21 10:00:29.698,1.29969,1.29974,2.06,1.00
2017.07.21 10:00:30.210,1.2997,1.29973,1.00,1.00
2017.07.21 10:00:30.723,1.29968,1.29973,2.62,1.00
2017.07.21 10:00:31.435,1.29968,1.29973,2.06,1.00
2017.07.21 10:00:31.639,1.29972,1.29973,1.00,1.00
2017.07.21 10:00:32.635,1.29971,1.29973,1.25,1.00
2017.07.21 10:00:33.139,1.29971,1.29973,1.87,1.00
2017.07.21 10:00:33.688,1.29971,1.29973,1.69,1.00
2017.07.21 10:00:34.301,1.29972,1.29973,1.00,1.00
2017.07.21 10:00:34.811,1.29971,1.29973,1.69,1.00
2017.07.21 10:00:35.588,1.29971,1.29973,1.69,1.00
2017.07.21 10:00:36.097,1.2997,1.29972,1.25,1.00
2017.07.21 10:00:36.667,1.2997,1.29973,1.50,1.00
2017.07.21 10:00:36.820,1.29972,1.29977,3.37,1.00
2017.07.21 10:00:36.871,1.29975,1.29978,1.00,1.50
2017.07.21 10:00:36.974,1.29972,1.29979,4.87,1.50
2017.07.21 10:00:37.178,1.29972,1.29977,3.19,1.00
2017.07.21 10:00:37.690,1.29972,1.29978,3.56,1.00
2017.07.21 10:00:38.241,1.29972,1.29977,2.06,1.00
2017.07.21 10:00:38.673,1.29972,1.29979,1.31,3.75
2017.07.21 10:00:39.085,1.29972,1.29977,2.06,1.00
2017.07.21 10:00:39.476,1.29973,1.29979,1.87,3.19
2017.07.21 10:00:39.806,1.29975,1.2998,3.37,1.69
2017.07.21 10:00:40.354,1.29975,1.29981,3.56,1.00
2017.07.21 10:00:40.663,1.29975,1.29976,1.00,1.00
2017.07.21 10:00:40.715,1.29972,1.29976,1.00,1.00
2017.07.21 10:00:40.873,1.2997,1.29974,2.06,1.12
2017.07.21 10:00:41.423,1.29969,1.29974,1.37,1.00
2017.07.21 10:00:42.406,1.29969,1.29973,1.62,1.00
2017.07.21 10:00:42.610,1.2997,1.29975,2.06,1.00
2017.07.21 10:00:42.815,1.29972,1.29977,3.00,1.25
2017.07.21 10:00:43.121,1.29974,1.29978,1.50,1.00
2017.07.21 10:00:43.638,1.29974,1.29979,2.06,1.25
2017.07.21 10:00:43.944,1.2997,1.29973,3.37,1.00
2017.07.21 10:00:44.471,1.29969,1.29974,1.81,1.50
2017.07.21 10:00:46.773,1.29968,1.29973,2.25,1.00
2017.07.21 10:00:47.006,1.29968,1.29973,1.69,3.19
2017.07.21 10:00:47.058,1.29966,1.2997,2.81,1.25
2017.07.21 10:00:47.568,1.29965,1.29969,2.06,1.00
2017.07.21 10:00:47.721,1.29966,1.29971,1.31,1.00
2017.07.21 10:00:48.232,1.29966,1.29972,2.06,1.00
2017.07.21 10:00:49.018,1.29966,1.29969,1.37,1.00
2017.07.21 10:00:49.556,1.29966,1.2997,1.50,1.69
2017.07.21 10:00:52.468,1.29965,1.2997,1.87,1.00
2017.07.21 10:00:52.988,1.29965,1.29969,1.87,1.00
2017.07.21 10:00:54.672,1.29965,1.29968,1.25,1.00
2017.07.21 10:00:54.926,1.29965,1.2997,4.12,1.69
2017.07.21 10:00:55.991,1.29965,1.29968,1.69,1.00
2017.07.21 10:00:56.144,1.29959,1.29964,1.69,1.00
2017.07.21 10:00:56.195,1.29959,1.29962,1.69,1.00
2017.07.21 10:00:56.501,1.29952,1.29956,1.75,1.69
2017.07.21 10:00:56.706,1.29951,1.29955,1.69,1.69
2017.07.21 10:00:57.960,1.29951,1.29956,4.87,1.69
2017.07.21 10:00:58.557,1.2995,1.29953,2.62,1.00
2017.07.21 10:00:59.108,1.29949,1.29952,2.62,1.00
2017.07.21 10:01:00.871,1.29948,1.29952,3.00,1.69
2017.07.21 10:01:00.923,1.29948,1.29952,2.25,1.00
2017.07.21 10:01:01.129,1.29947,1.29953,3.37,1.69
2017.07.21 10:01:01.884,1.29953,1.29954,1.00,1.69
2017.07.21 10:01:01.986,1.29952,1.29956,1.69,1.00
2017.07.21 10:01:02.038,1.29951,1.29956,1.20,1.69
2017.07.21 10:01:02.652,1.29955,1.29957,1.69,1.25
2017.07.21 10:01:02.825,1.29955,1.29959,2.06,1.00
2017.07.21 10:01:03.371,1.29955,1.29959,1.69,1.00
2017.07.21 10:01:04.220,1.29954,1.29958,2.44,1.00
2017.07.21 10:01:04.373,1.29954,1.29956,1.00,1.00
2017.07.21 10:01:04.476,1.29952,1.29954,1.00,1.00
2017.07.21 10:01:04.833,1.29955,1.29956,1.50,1.25
2017.07.21 10:01:04.884,1.29956,1.29958,1.00,1.00
2017.07.21 10:01:04.987,1.29956,1.2996,3.94,1.69
2017.07.21 10:01:05.257,1.2996,1.29962,2.62,1.25
2017.07.21 10:01:05.309,1.2996,1.29964,3.00,1.00
2017.07.21 10:01:06.621,1.29963,1.29966,1.00,1.69
2017.07.21 10:01:06.877,1.29966,1.2997,5.06,1.69
2017.07.21 10:01:07.556,1.29966,1.29969,2.62,1.00
2017.07.21 10:01:08.059,1.29966,1.29969,1.69,1.00
2017.07.21 10:01:08.365,1.29965,1.29966,1.00,1.00
2017.07.21 10:01:08.916,1.29963,1.29966,1.37,1.00
2017.07.21 10:01:09.461,1.29962,1.29966,1.25,1.00
2017.07.21 10:01:09.513,1.2996,1.29962,1.25,1.00
2017.07.21 10:01:10.023,1.29959,1.29962,1.25,1.69
2017.07.21 10:01:10.699,1.29958,1.29962,1.12,1.69
2017.07.21 10:01:11.050,1.29956,1.29959,2.25,1.00
2017.07.21 10:01:11.359,1.29954,1.29957,1.00,1.00
2017.07.21 10:01:11.872,1.29953,1.29956,1.25,1.00
2017.07.21 10:01:15.066,1.29952,1.29955,3.56,1.00
2017.07.21 10:01:15.117,1.29954,1.29957,1.00,1.00
2017.07.21 10:01:15.219,1.29954,1.29959,2.44,1.69
2017.07.21 10:01:15.803,1.29954,1.29959,1.25,1.00
2017.07.21 10:01:16.870,1.29955,1.29957,1.00,1.00
2017.07.21 10:01:17.177,1.29952,1.29955,1.37,1.00
2017.07.21 10:01:17.425,1.29953,1.29956,1.69,1.00
2017.07.21 10:01:17.949,1.29953,1.29956,1.69,1.00
2017.07.21 10:01:18.103,1.2995,1.29953,1.31,1.00
2017.07.21 10:01:18.207,1.29948,1.29952,1.00,1.00
2017.07.21 10:01:18.564,1.29947,1.2995,1.87,1.00
2017.07.21 10:01:19.525,1.29945,1.29947,2.44,1.00
2017.07.21 10:01:19.628,1.29941,1.29944,1.50,1.00
2017.07.21 10:01:20.052,1.29944,1.29945,1.00,1.25
2017.07.21 10:01:20.104,1.29944,1.29947,1.44,1.69
2017.07.21 10:01:20.615,1.29944,1.29948,1.44,1.69
2017.07.21 10:01:21.437,1.29945,1.29949,1.25,1.00
2017.07.21 10:01:21.809,1.29944,1.29947,2.62,1.00
2017.07.21 10:01:21.861,1.29944,1.29949,4.12,1.00
2017.07.21 10:01:22.371,1.29944,1.2995,2.62,1.69
2017.07.21 10:01:22.628,1.29948,1.2995,2.25,1.25
2017.07.21 10:01:22.679,1.29948,1.29952,1.44,1.00
2017.07.21 10:01:23.218,1.29948,1.29952,2.06,1.00
2017.07.21 10:01:23.757,1.29949,1.29952,1.25,1.00
2017.07.21 10:01:23.809,1.29946,1.2995,5.06,1.00
2017.07.21 10:01:24.408,1.29948,1.2995,1.19,1.00
2017.07.21 10:01:24.459,1.29948,1.29952,2.44,1.00
2017.07.21 10:01:25.460,1.29946,1.2995,1.69,1.00
2017.07.21 10:01:30.449,1.29948,1.29951,1.19,1.00
2017.07.21 10:01:30.957,1.29948,1.29951,1.00,1.00
2017.07.21 10:01:31.501,1.29947,1.29951,1.00,1.69
2017.07.21 10:01:31.840,1.29945,1.2995,1.25,2.06
2017.07.21 10:01:31.996,1.2994,1.29946,2.44,1.69
2017.07.21 10:01:32.526,1.29941,1.29945,1.31,1.00
2017.07.21 10:01:33.225,1.29944,1.29947,1.00,1.69
2017.07.21 10:01:33.429,1.29944,1.29949,2.44,1.69
2017.07.21 10:01:33.532,1.29947,1.2995,1.69,1.69
2017.07.21 10:01:33.583,1.29947,1.29952,2.44,1.69
2017.07.21 10:01:33.686,1.29947,1.29952,4.12,1.00
2017.07.21 10:01:33.839,1.2995,1.29954,1.12,1.69
2017.07.21 10:01:34.503,1.29949,1.29953,1.69,1.00
2017.07.21 10:01:34.875,1.29948,1.29951,1.19,1.00
2017.07.21 10:01:35.639,1.29945,1.29949,2.25,1.00
2017.07.21 10:01:35.960,1.29943,1.29946,1.44,1.69
2017.07.21 10:01:38.587,1.29943,1.29947,1.19,1.69
2017.07.21 10:01:39.865,1.29941,1.29944,3.00,1.00
2017.07.21 10:01:40.377,1.29941,1.29946,1.87,1.69
2017.07.21 10:01:40.890,1.29941,1.29945,2.62,1.00
2017.07.21 10:01:43.416,1.2994,1.29944,3.94,1.00
2017.07.21 10:01:43.569,1.29939,1.29944,2.25,1.00
2017.07.21 10:01:44.113,1.29938,1.29943,2.62,1.69
2017.07.21 10:01:44.164,1.29936,1.2994,2.06,1.00
2017.07.21 10:01:44.267,1.29935,1.29938,1.31,1.00
2017.07.21 10:01:44.421,1.29933,1.29938,1.31,1.69
2017.07.21 10:01:44.473,1.29931,1.29936,1.69,1.50
2017.07.21 10:01:45.052,1.29932,1.29937,1.25,1.69
2017.07.21 10:01:45.563,1.29932,1.29936,1.25,1.00
2017.07.21 10:01:48.429,1.29931,1.29935,1.44,1.00
2017.07.21 10:01:48.935,1.29931,1.29934,3.37,1.00
2017.07.21 10:01:49.106,1.29931,1.29936,3.37,1.69
2017.07.21 10:01:49.362,1.29934,1.29936,1.00,1.69
2017.07.21 10:01:49.464,1.29935,1.29938,1.25,1.69
2017.07.21 10:01:49.515,1.29937,1.29939,1.00,1.00
2017.07.21 10:01:50.025,1.29936,1.29939,1.00,1.00
2017.07.21 10:01:51.027,1.29934,1.29939,2.44,1.00
2017.07.21 10:01:51.332,1.29933,1.29937,2.81,1.00
2017.07.21 10:01:51.997,1.29933,1.29937,1.87,1.00
2017.07.21 10:01:52.506,1.29932,1.29936,1.19,1.00
2017.07.21 10:01:53.883,1.29935,1.29938,1.25,1.69
2017.07.21 10:01:54.394,1.29936,1.29939,2.25,1.00
2017.07.21 10:01:54.598,1.29937,1.29942,1.69,2.44
2017.07.21 10:01:55.013,1.2994,1.29942,1.00,1.25
2017.07.21 10:01:55.574,1.29936,1.2994,1.50,1.00
2017.07.21 10:01:56.310,1.29935,1.29938,2.62,1.00
2017.07.21 10:01:56.516,1.29933,1.29936,1.50,1.00
2017.07.21 10:01:57.224,1.29935,1.29936,1.00,1.00
2017.07.21 10:01:57.543,1.29931,1.29936,1.44,1.00
2017.07.21 10:01:58.003,1.29932,1.29934,1.19,1.00
2017.07.21 10:01:58.516,1.29931,1.29933,1.25,1.00
2017.07.21 10:01:59.036,1.2993,1.29932,1.25,1.00
2017.07.21 10:02:00.006,1.29928,1.29932,2.25,1.00
2017.07.21 10:02:00.312,1.29929,1.29934,1.50,2.06
2017.07.21 10:02:00.364,1.29929,1.29932,1.25,1.00
2017.07.21 10:02:00.909,1.29927,1.29932,3.37,1.00
2017.07.21 10:02:01.115,1.29926,1.2993,2.81,1.00
2017.07.21 10:02:01.338,1.29925,1.29927,1.00,1.00
2017.07.21 10:02:01.595,1.29929,1.29932,2.25,1.25
2017.07.21 10:02:01.750,1.29928,1.2993,1.25,1.00
2017.07.21 10:02:02.332,1.29929,1.2993,1.00,1.00
2017.07.21 10:02:02.640,1.29924,1.29926,1.50,1.00
2017.07.21 10:02:02.997,1.29922,1.29924,1.50,1.00
2017.07.21 10:02:03.151,1.29921,1.29925,3.00,1.25
2017.07.21 10:02:04.324,1.29921,1.29925,1.31,1.00
2017.07.21 10:02:04.375,1.29921,1.29923,2.62,1.00
2017.07.21 10:02:04.580,1.29916,1.29921,1.44,2.32
2017.07.21 10:02:04.734,1.29915,1.29919,1.81,1.00
2017.07.21 10:02:04.943,1.29905,1.29908,1.19,1.25
2017.07.21 10:02:05.047,1.29906,1.2991,1.12,1.69
2017.07.21 10:02:05.408,1.29905,1.29907,1.50,1.00
2017.07.21 10:02:05.737,1.29897,1.29901,3.56,1.00
2017.07.21 10:02:05.789,1.29895,1.29902,3.00,1.00
2017.07.21 10:02:05.841,1.29897,1.299,1.50,1.00
2017.07.21 10:02:05.996,1.29898,1.29902,3.19,1.39
2017.07.21 10:02:06.524,1.29898,1.29901,1.25,1.00
2017.07.21 10:02:08.258,1.29898,1.29902,1.25,1.25
2017.07.21 10:02:08.360,1.29902,1.29904,1.50,2.32
2017.07.21 10:02:08.463,1.29904,1.29908,1.50,1.69
2017.07.21 10:02:08.616,1.29905,1.29908,1.19,1.00
2017.07.21 10:02:08.951,1.29904,1.29908,2.81,1.50
2017.07.21 10:02:09.207,1.29902,1.29906,5.25,1.00
2017.07.21 10:02:09.617,1.29902,1.29908,3.37,1.39
2017.07.21 10:02:10.253,1.29903,1.29907,1.69,1.00
2017.07.21 10:02:10.762,1.29903,1.29909,3.19,6.90
2017.07.21 10:02:12.246,1.29901,1.29909,1.87,4.39
2017.07.21 10:02:12.299,1.299,1.29905,2.06,1.95
2017.07.21 10:02:12.555,1.29904,1.29907,1.00,2.14
2017.07.21 10:02:13.167,1.29904,1.29908,1.00,1.00
2017.07.21 10:02:13.703,1.29904,1.29909,1.25,1.39
2017.07.21 10:02:14.631,1.29907,1.29909,3.00,1.10
2017.07.21 10:02:15.176,1.29906,1.29912,1.50,5.32
2017.07.21 10:02:15.741,1.29904,1.29911,2.25,2.14
2017.07.21 10:02:16.479,1.29906,1.29911,1.00,2.32
2017.07.21 10:02:16.836,1.29908,1.29911,2.25,1.00
2017.07.21 10:02:17.418,1.29908,1.29914,2.06,2.14
2017.07.21 10:02:17.725,1.29913,1.29915,2.44,1.25
2017.07.21 10:02:17.980,1.29913,1.29917,3.19,1.25
2017.07.21 10:02:18.492,1.29914,1.29919,1.00,1.87
2017.07.21 10:02:19.519,1.29915,1.2992,1.25,1.39
2017.07.21 10:02:19.875,1.29917,1.29921,1.00,1.82
2017.07.21 10:02:23.259,1.29918,1.29921,1.19,1.00
2017.07.21 10:02:23.767,1.29919,1.29924,1.25,1.76
2017.07.21 10:02:24.517,1.2992,1.29925,1.00,1.39
2017.07.21 10:02:25.043,1.2992,1.29925,1.00,1.29
2017.07.21 10:02:25.552,1.29919,1.29925,1.69,1.39
2017.07.21 10:02:26.070,1.29918,1.29925,3.37,2.89
2017.07.21 10:02:26.593,1.29918,1.29925,2.62,2.89
2017.07.21 10:02:26.899,1.29918,1.29925,4.12,1.00
2017.07.21 10:02:27.001,1.29918,1.29923,2.62,1.00
2017.07.21 10:02:28.010,1.29919,1.29923,1.00,1.00
2017.07.21 10:02:28.556,1.29919,1.29924,1.00,1.10
2017.07.21 10:02:29.104,1.29919,1.29924,2.81,1.00
2017.07.21 10:02:29.613,1.29919,1.29925,6.19,1.10
2017.07.21 10:02:29.920,1.29922,1.29926,2.25,1.00
2017.07.21 10:02:30.431,1.29922,1.29927,3.75,1.00
2017.07.21 10:02:30.970,1.29923,1.29928,1.12,1.01
2017.07.21 10:02:31.480,1.29923,1.29928,1.31,1.01
2017.07.21 10:02:31.799,1.29921,1.29923,1.50,1.00
2017.07.21 10:02:31.953,1.29917,1.2992,1.69,1.25
2017.07.21 10:02:32.260,1.29917,1.29922,2.62,2.14
2017.07.21 10:02:32.364,1.2992,1.29923,1.00,1.00
2017.07.21 10:02:32.568,1.29918,1.29923,2.44,1.69
2017.07.21 10:02:33.077,1.29918,1.29925,3.56,1.50
2017.07.21 10:02:33.591,1.2992,1.29925,1.25,1.57
2017.07.21 10:02:34.142,1.2992,1.29924,1.00,1.09
2017.07.21 10:02:34.435,1.29919,1.29922,1.00,1.19
2017.07.21 10:02:34.983,1.29919,1.29922,1.00,1.01
2017.07.21 10:02:35.495,1.29919,1.29923,1.00,1.10
2017.07.21 10:02:36.001,1.29917,1.29922,2.81,1.00
2017.07.21 10:02:36.706,1.29917,1.29921,1.69,1.00
2017.07.21 10:02:37.357,1.29916,1.29921,2.44,1.10
2017.07.21 10:02:38.334,1.29918,1.29923,3.56,1.00
2017.07.21 10:02:38.385,1.2992,1.29924,1.00,1.57
2017.07.21 10:02:38.759,1.29918,1.29924,2.25,1.57
2017.07.21 10:02:39.268,1.29918,1.29923,2.25,1.00
2017.07.21 10:02:39.790,1.29919,1.29924,1.00,1.25
2017.07.21 10:02:40.391,1.29918,1.29924,2.62,1.10
2017.07.21 10:02:40.934,1.29919,1.29924,1.69,1.00
2017.07.21 10:02:41.484,1.29922,1.29925,1.00,1.10
2017.07.21 10:02:41.998,1.29921,1.29925,1.25,1.50
2017.07.21 10:02:42.458,1.29922,1.29927,1.50,1.00
2017.07.21 10:02:42.992,1.29923,1.29928,2.44,1.50
2017.07.21 10:02:43.095,1.29924,1.29928,1.19,1.50
2017.07.21 10:02:43.505,1.29923,1.29929,2.06,1.87
2017.07.21 10:02:44.219,1.29924,1.29929,1.00,1.87
2017.07.21 10:02:45.032,1.29925,1.29929,1.00,1.12
2017.07.21 10:02:45.290,1.29923,1.2993,2.06,1.57
2017.07.21 10:02:47.508,1.29924,1.2993,1.00,1.47
2017.07.21 10:02:48.048,1.29925,1.2993,1.69,1.10
2017.07.21 10:02:48.102,1.29927,1.29931,1.87,1.20
2017.07.21 10:02:48.205,1.29925,1.2993,3.75,1.00
2017.07.21 10:02:48.722,1.29924,1.2993,1.37,1.29
2017.07.21 10:02:48.824,1.29925,1.29931,1.12,1.00
2017.07.21 10:02:49.898,1.29926,1.29931,1.00,1.50
2017.07.21 10:02:50.933,1.29926,1.29932,1.50,1.25
2017.07.21 10:02:51.187,1.2993,1.29933,1.25,1.00
2017.07.21 10:02:51.290,1.29929,1.29936,1.25,3.19
2017.07.21 10:02:51.342,1.2993,1.29936,4.31,2.44
2017.07.21 10:02:51.802,1.2993,1.29936,1.25,1.69
2017.07.21 10:02:52.410,1.2993,1.29935,1.44,1.00
2017.07.21 10:02:52.564,1.29928,1.29933,1.25,1.50
2017.07.21 10:02:53.077,1.29928,1.29934,1.69,1.50
2017.07.21 10:02:53.612,1.29929,1.29933,1.69,1.00
2017.07.21 10:02:53.867,1.2993,1.29935,1.00,2.44
2017.07.21 10:02:54.410,1.2993,1.29934,1.00,1.00
2017.07.21 10:02:54.972,1.29929,1.29935,1.00,3.26
2017.07.21 10:02:55.505,1.2993,1.29934,1.00,1.00
2017.07.21 10:02:56.719,1.29929,1.29934,2.44,1.57
2017.07.21 10:02:57.513,1.2993,1.29934,1.00,1.00
2017.07.21 10:02:58.040,1.29929,1.29934,1.25,2.25
2017.07.21 10:02:58.499,1.29931,1.29934,1.69,1.50
2017.07.21 10:02:58.756,1.2993,1.29934,1.25,1.50
2017.07.21 10:02:59.705,1.29929,1.29933,2.44,1.00
2017.07.21 10:02:59.807,1.2993,1.29935,2.44,1.00
2017.07.21 10:03:00.334,1.29931,1.29936,1.00,1.50
2017.07.21 10:03:00.853,1.29932,1.29936,1.00,1.50
2017.07.21 10:03:01.365,1.29932,1.29934,1.00,1.00
2017.07.21 10:03:01.621,1.29928,1.29935,4.20,3.19
2017.07.21 10:03:02.031,1.29931,1.29935,1.00,1.50
2017.07.21 10:03:02.582,1.29931,1.29934,1.25,1.00
2017.07.21 10:03:03.125,1.29932,1.29935,1.25,1.00
2017.07.21 10:03:03.279,1.2993,1.29935,1.00,1.25
2017.07.21 10:03:03.788,1.2993,1.29934,1.00,1.69
2017.07.21 10:03:04.104,1.29928,1.29932,1.19,1.00
2017.07.21 10:03:04.465,1.29926,1.29931,3.00,1.69
2017.07.21 10:03:04.671,1.29925,1.29929,1.00,1.00
2017.07.21 10:03:05.083,1.29918,1.2992,1.25,1.00
2017.07.21 10:03:05.134,1.29915,1.2992,1.50,1.00
2017.07.21 10:03:05.899,1.29915,1.29919,1.87,1.00
2017.07.21 10:03:06.245,1.29918,1.29922,3.00,1.00
2017.07.21 10:03:06.501,1.29924,1.29927,3.19,1.00
2017.07.21 10:03:07.010,1.29923,1.29928,1.37,1.00
2017.07.21 10:03:07.214,1.29925,1.2993,1.25,1.00
2017.07.21 10:03:07.367,1.29923,1.29928,3.37,1.00
2017.07.21 10:03:07.520,1.29923,1.29928,2.62,1.00
2017.07.21 10:03:07.572,1.29922,1.29925,1.00,1.00
2017.07.21 10:03:07.727,1.29916,1.29922,2.62,1.50
2017.07.21 10:03:08.238,1.29914,1.29921,5.81,1.69
2017.07.21 10:03:08.872,1.29916,1.29921,1.31,1.69
2017.07.21 10:03:08.924,1.29916,1.29921,1.87,1.00
2017.07.21 10:03:09.383,1.29914,1.29919,3.82,1.00
2017.07.21 10:03:09.909,1.29914,1.29919,4.20,1.00
2017.07.21 10:03:09.960,1.29914,1.2992,4.20,1.50
2017.07.21 10:03:10.494,1.29914,1.2992,4.20,1.69
2017.07.21 10:03:11.380,1.29914,1.29919,2.81,1.00
2017.07.21 10:03:11.906,1.29915,1.29919,1.00,1.00
2017.07.21 10:03:12.503,1.29913,1.29919,5.06,1.00
2017.07.21 10:03:13.011,1.29914,1.2992,1.12,1.50
2017.07.21 10:03:13.739,1.29915,1.2992,1.19,1.50
2017.07.21 10:03:14.087,1.29912,1.29914,1.25,1.00
2017.07.21 10:03:14.396,1.29911,1.29915,1.19,1.00
2017.07.21 10:03:14.499,1.29911,1.29914,2.62,1.00
2017.07.21 10:03:14.805,1.29909,1.29911,1.12,1.00
2017.07.21 10:03:15.878,1.29906,1.2991,1.31,1.69
2017.07.21 10:03:15.929,1.29906,1.29909,1.19,1.69
2017.07.21 10:03:16.133,1.29905,1.29908,2.06,1.00
2017.07.21 10:03:16.337,1.29904,1.29907,3.19,1.00
2017.07.21 10:03:16.766,1.29905,1.29907,2.44,1.00
2017.07.21 10:03:17.143,1.29906,1.29908,1.25,1.25
2017.07.21 10:03:17.681,1.29905,1.29908,5.81,1.00
2017.07.21 10:03:18.213,1.29906,1.29908,1.25,1.00
2017.07.21 10:03:18.723,1.29905,1.29908,1.12,1.00
2017.07.21 10:03:19.253,1.29905,1.29907,1.12,1.00
2017.07.21 10:03:19.356,1.29904,1.29908,3.56,1.69
2017.07.21 10:03:19.906,1.29905,1.29907,1.44,1.00
2017.07.21 10:03:20.684,1.29904,1.29908,1.62,1.69
2017.07.21 10:03:21.013,1.29908,1.2991,1.87,1.69
2017.07.21 10:03:21.522,1.2991,1.29912,1.19,1.69
2017.07.21 10:03:22.298,1.29909,1.29912,3.56,1.00
2017.07.21 10:03:22.909,1.2991,1.29912,1.25,1.00
2017.07.21 10:03:25.166,1.2991,1.29912,2.44,1.00
2017.07.21 10:03:25.320,1.2991,1.29914,1.25,1.00
2017.07.21 10:03:27.207,1.29911,1.29914,1.25,1.69
2017.07.21 10:03:27.718,1.2991,1.29914,1.25,1.00
2017.07.21 10:03:28.220,1.2991,1.29913,2.44,1.69
2017.07.21 10:03:28.761,1.2991,1.29912,2.44,1.00
2017.07.21 10:03:28.864,1.2991,1.29914,1.25,1.69
2017.07.21 10:03:29.068,1.2991,1.29912,2.44,1.00
2017.07.21 10:03:29.373,1.2991,1.29913,3.37,1.69
2017.07.21 10:03:29.425,1.2991,1.29913,3.19,1.00
2017.07.21 10:03:29.992,1.2991,1.29912,1.69,1.00
2017.07.21 10:03:30.499,1.2991,1.29914,2.44,1.69
2017.07.21 10:03:30.703,1.2991,1.29912,2.44,1.00
2017.07.21 10:03:30.908,1.29907,1.29914,4.31,1.00
2017.07.21 10:03:30.960,1.29907,1.29911,2.81,1.00
2017.07.21 10:03:31.672,1.29907,1.29911,3.19,1.00
2017.07.21 10:03:32.204,1.29907,1.29911,4.01,1.00
2017.07.21 10:03:32.727,1.29908,1.2991,1.19,1.00
2017.07.21 10:03:33.244,1.29907,1.29911,3.19,1.25
2017.07.21 10:03:33.753,1.29907,1.29911,3.94,1.69
2017.07.21 10:03:34.265,1.29908,1.29912,1.00,1.69
2017.07.21 10:03:34.634,1.29909,1.29911,1.25,1.00
2017.07.21 10:03:34.689,1.29906,1.29909,1.44,1.00
2017.07.21 10:03:35.151,1.29905,1.29908,1.87,1.00
2017.07.21 10:03:35.459,1.29904,1.29906,1.25,1.00
2017.07.21 10:03:35.637,1.29904,1.29909,2.62,1.69
2017.07.21 10:03:35.689,1.29905,1.29907,1.25,1.00
2017.07.21 10:03:35.944,1.29905,1.29909,1.87,1.69
2017.07.21 10:03:36.250,1.29905,1.29907,1.31,1.00
2017.07.21 10:03:36.532,1.29902,1.29905,1.37,1.00
2017.07.21 10:03:36.583,1.29903,1.29906,3.56,1.69
2017.07.21 10:03:37.094,1.29904,1.29907,1.69,1.00
2017.07.21 10:03:37.401,1.29904,1.29906,1.00,1.00
2017.07.21 10:03:37.951,1.29902,1.29904,1.00,1.00
2017.07.21 10:03:38.053,1.29902,1.29905,1.19,1.00
2017.07.21 10:03:38.105,1.29901,1.29904,1.50,1.00
2017.07.21 10:03:38.617,1.29901,1.29903,1.12,1.00
2017.07.21 10:03:39.129,1.29901,1.29903,1.12,1.69
2017.07.21 10:03:41.319,1.299,1.29902,1.25,1.00
2017.07.21 10:03:41.777,1.299,1.29904,1.69,1.69
2017.07.21 10:03:42.306,1.29901,1.29905,1.12,1.00
2017.07.21 10:03:45.709,1.299,1.29905,1.31,3.94
2017.07.21 10:03:46.224,1.299,1.29904,1.12,1.25
2017.07.21 10:03:46.327,1.29899,1.29901,1.12,1.00
2017.07.21 10:03:46.380,1.29896,1.29901,1.37,1.50
2017.07.21 10:03:46.431,1.29894,1.29899,2.25,1.00
2017.07.21 10:03:46.867,1.29894,1.29899,1.12,1.00
2017.07.21 10:03:46.918,1.29891,1.29896,1.37,1.00
2017.07.21 10:03:47.123,1.29892,1.29898,1.25,2.81
2017.07.21 10:03:47.225,1.29895,1.29899,1.00,1.69
2017.07.21 10:03:47.532,1.29897,1.299,1.00,1.35
2017.07.21 10:03:47.867,1.29895,1.29901,3.37,2.62
2017.07.21 10:03:48.175,1.29897,1.29901,1.00,1.69
2017.07.21 10:03:48.906,1.29897,1.29902,1.00,1.25
2017.07.21 10:03:49.212,1.29896,1.29902,1.00,2.62
2017.07.21 10:03:49.365,1.29896,1.29902,1.00,2.62
2017.07.21 10:03:50.135,1.29896,1.29902,1.00,2.62
2017.07.21 10:03:50.453,1.29894,1.29895,1.31,1.00
2017.07.21 10:03:50.504,1.29892,1.29895,1.25,1.50
2017.07.21 10:03:50.556,1.2989,1.29894,1.00,1.25
2017.07.21 10:03:50.608,1.29892,1.29893,1.00,1.00
2017.07.21 10:03:50.915,1.29895,1.29897,2.25,2.25
2017.07.21 10:03:51.806,1.299,1.29902,1.00,1.25
2017.07.21 10:03:52.013,1.29902,1.29903,1.00,1.00
2017.07.21 10:03:52.065,1.299,1.29902,1.50,1.00
2017.07.21 10:03:52.167,1.299,1.29904,1.69,1.50
2017.07.21 10:03:52.696,1.29901,1.29904,1.00,1.50
2017.07.21 10:03:53.212,1.299,1.29904,2.44,2.25
2017.07.21 10:03:53.714,1.29901,1.29904,1.00,4.01
2017.07.21 10:03:53.765,1.29898,1.29903,2.62,1.00
2017.07.21 10:03:53.867,1.29897,1.29902,2.44,1.25
2017.07.21 10:03:54.983,1.29897,1.29901,1.69,1.25
2017.07.21 10:03:55.295,1.29899,1.29901,1.00,1.87
2017.07.21 10:03:56.251,1.29898,1.29902,1.50,2.44
2017.07.21 10:03:56.610,1.29897,1.29901,1.00,1.87
2017.07.21 10:03:56.970,1.29895,1.29899,1.50,1.19
2017.07.21 10:03:57.021,1.29895,1.29899,1.00,1.69
2017.07.21 10:03:57.124,1.29893,1.29898,2.44,2.25
2017.07.21 10:03:57.279,1.29895,1.29898,1.00,2.25
2017.07.21 10:03:57.741,1.29893,1.29895,1.69,1.00
2017.07.21 10:03:57.909,1.29891,1.29895,2.81,1.19
2017.07.21 10:03:58.498,1.29891,1.29895,1.00,1.00
2017.07.21 10:03:59.007,1.29892,1.29896,1.00,1.69
2017.07.21 10:03:59.333,1.29895,1.29898,1.00,3.19
2017.07.21 10:04:00.222,1.29895,1.29899,1.00,4.01
2017.07.21 10:04:00.727,1.29895,1.29898,1.00,1.00
2017.07.21 10:04:01.395,1.29896,1.29898,1.00,1.00
2017.07.21 10:04:01.953,1.29896,1.299,1.00,1.50
2017.07.21 10:04:02.208,1.29894,1.29899,1.25,1.00
2017.07.21 10:04:02.734,1.29894,1.299,1.69,3.75
2017.07.21 10:04:03.246,1.29896,1.299,1.00,2.25
2017.07.21 10:04:03.798,1.29895,1.299,1.25,1.00
2017.07.21 10:04:04.491,1.29895,1.299,1.19,1.50
2017.07.21 10:04:05.046,1.29893,1.29897,1.19,1.50
2017.07.21 10:04:05.326,1.29895,1.29899,1.00,1.25
2017.07.21 10:04:05.638,1.29894,1.29897,1.69,1.69
2017.07.21 10:04:06.099,1.2989,1.29893,1.87,1.00
2017.07.21 10:04:06.334,1.2989,1.29893,2.62,1.00
2017.07.21 10:04:06.540,1.2989,1.29895,2.62,1.69
2017.07.21 10:04:06.642,1.2989,1.29893,2.62,1.00
2017.07.21 10:04:07.165,1.2989,1.29893,1.87,1.00
2017.07.21 10:04:08.142,1.2989,1.29895,2.06,1.00
2017.07.21 10:04:08.550,1.29892,1.29895,1.00,1.00
2017.07.21 10:04:09.417,1.29891,1.29895,4.87,1.00
2017.07.21 10:04:09.745,1.29893,1.29899,1.25,2.44
2017.07.21 10:04:09.797,1.29892,1.299,1.37,3.19
2017.07.21 10:04:10.104,1.29892,1.29897,1.25,1.00
2017.07.21 10:04:10.449,1.29895,1.29898,1.00,1.25
2017.07.21 10:04:10.501,1.29895,1.29901,1.69,2.51
2017.07.21 10:04:11.385,1.29896,1.29902,1.25,2.44
2017.07.21 10:04:12.343,1.29896,1.29901,1.31,1.00
2017.07.21 10:04:13.501,1.29895,1.29901,1.25,2.44
2017.07.21 10:04:14.285,1.29895,1.299,1.25,1.50
2017.07.21 10:04:14.855,1.29894,1.299,3.19,1.00
2017.07.21 10:04:16.486,1.29896,1.29901,1.25,3.94
2017.07.21 10:04:17.375,1.29898,1.29901,1.00,2.62
2017.07.21 10:04:17.682,1.29896,1.29901,1.00,3.94
2017.07.21 10:04:18.193,1.29896,1.299,1.00,1.10
2017.07.21 10:04:18.759,1.29896,1.29901,1.00,2.25
2017.07.21 10:04:19.423,1.29897,1.29901,1.00,1.50
2017.07.21 10:04:20.382,1.29898,1.29902,1.00,1.00
2017.07.21 10:04:20.905,1.29897,1.29902,1.00,1.44
2017.07.21 10:04:21.440,1.29897,1.29902,1.00,1.87
2017.07.21 10:04:23.009,1.29898,1.29902,1.00,1.12
2017.07.21 10:04:23.316,1.29902,1.29906,1.00,1.39
2017.07.21 10:04:23.368,1.29903,1.29907,1.00,1.12
2017.07.21 10:04:23.419,1.29902,1.29907,1.00,1.44
2017.07.21 10:04:23.523,1.299,1.29905,1.00,1.69
2017.07.21 10:04:24.304,1.29899,1.29904,1.00,1.25
2017.07.21 10:04:25.421,1.29902,1.29906,1.00,1.87
2017.07.21 10:04:27.856,1.29901,1.29906,1.31,1.87
2017.07.21 10:04:28.060,1.29896,1.29902,1.87,1.25
2017.07.21 10:04:28.602,1.29896,1.29902,1.50,1.69
2017.07.21 10:04:29.151,1.29896,1.29902,1.50,1.87
2017.07.21 10:04:29.660,1.29895,1.29901,1.00,1.69
2017.07.21 10:04:30.170,1.29896,1.299,1.00,1.25
2017.07.21 10:04:30.386,1.29896,1.29902,1.25,2.62
2017.07.21 10:04:31.014,1.29896,1.29902,1.00,1.87
2017.07.21 10:04:31.523,1.29897,1.29903,1.12,3.37
2017.07.21 10:04:33.381,1.299,1.29906,1.25,2.62
2017.07.21 10:04:33.891,1.29899,1.29904,1.69,1.12
2017.07.21 10:04:34.898,1.29898,1.29903,1.00,1.00
2017.07.21 10:04:35.103,1.29896,1.29902,1.69,1.00
2017.07.21 10:04:35.205,1.29898,1.29903,1.00,1.19
2017.07.21 10:04:35.307,1.29898,1.29904,1.00,3.19
2017.07.21 10:04:36.307,1.29897,1.29904,2.70,2.62
2017.07.21 10:04:39.639,1.29897,1.29903,1.20,1.00
2017.07.21 10:04:40.170,1.29896,1.29902,1.32,1.00
2017.07.21 10:04:40.748,1.29895,1.29902,2.32,1.00
2017.07.21 10:04:41.764,1.29896,1.29902,1.39,1.00
2017.07.21 10:04:42.019,1.29895,1.29902,2.32,1.19
2017.07.21 10:04:42.171,1.29895,1.29903,2.32,3.75
2017.07.21 10:04:42.785,1.29896,1.299,1.00,1.00
2017.07.21 10:04:42.836,1.29894,1.299,1.20,1.00
2017.07.21 10:04:43.364,1.29893,1.299,3.07,1.69
2017.07.21 10:04:43.712,1.29893,1.29897,1.00,1.00
2017.07.21 10:04:44.101,1.2989,1.29898,4.57,1.69
2017.07.21 10:04:44.305,1.29888,1.29891,4.01,1.00
2017.07.21 10:04:44.459,1.29885,1.29888,1.00,1.25
2017.07.21 10:04:44.511,1.29883,1.29888,1.00,1.25
2017.07.21 10:04:44.664,1.29881,1.29889,2.32,7.50
2017.07.21 10:04:44.716,1.29881,1.29889,1.39,6.56
2017.07.21 10:04:45.040,1.29883,1.29885,1.00,1.00
2017.07.21 10:04:45.245,1.29884,1.29888,1.00,1.00
2017.07.21 10:04:45.757,1.29885,1.2989,1.00,2.62
2017.07.21 10:04:45.912,1.29889,1.29894,1.00,5.32
2017.07.21 10:04:45.964,1.29889,1.29894,1.69,2.25
2017.07.21 10:04:46.474,1.29888,1.29895,1.12,5.25
2017.07.21 10:04:46.525,1.2989,1.29895,1.00,3.37
2017.07.21 10:04:46.576,1.29888,1.29895,1.00,6.37
2017.07.21 10:04:46.679,1.29888,1.29894,1.00,2.62
2017.07.21 10:04:46.782,1.29886,1.29892,1.50,1.19
2017.07.21 10:04:47.304,1.29887,1.29892,1.00,2.25
2017.07.21 10:04:47.815,1.29885,1.29891,1.69,1.87
2017.07.21 10:04:47.971,1.29882,1.29887,1.69,1.00
2017.07.21 10:04:48.337,1.29877,1.29878,1.25,1.12
2017.07.21 10:04:48.389,1.29872,1.29877,1.50,1.19
2017.07.21 10:04:48.543,1.29873,1.29878,1.00,1.69
2017.07.21 10:04:49.053,1.29876,1.29883,1.50,1.87
2017.07.21 10:04:49.381,1.29878,1.29884,1.00,1.87
2017.07.21 10:04:49.637,1.29876,1.29882,1.12,1.69
2017.07.21 10:04:50.148,1.29875,1.2988,1.00,1.12
2017.07.21 10:04:50.667,1.29874,1.2988,1.69,1.87
2017.07.21 10:04:50.871,1.29873,1.29879,2.44,1.12
2017.07.21 10:04:51.542,1.29875,1.2988,1.00,2.44
2017.07.21 10:04:51.645,1.29875,1.29881,2.44,1.87
2017.07.21 10:04:51.697,1.29878,1.29881,1.00,1.87
2017.07.21 10:04:51.953,1.29879,1.29883,1.00,1.00
2017.07.21 10:04:52.055,1.29881,1.29885,1.00,1.69
2017.07.21 10:04:52.310,1.29882,1.29889,1.00,2.44
2017.07.21 10:04:52.555,1.29884,1.29888,1.00,1.00
2017.07.21 10:04:52.761,1.29884,1.2989,1.00,5.62
2017.07.21 10:04:53.172,1.29886,1.29891,1.69,1.31
2017.07.21 10:04:53.695,1.29886,1.2989,1.00,1.25
2017.07.21 10:04:54.210,1.29886,1.29892,1.69,1.44
2017.07.21 10:04:55.097,1.29886,1.2989,1.69,1.00
2017.07.21 10:04:55.608,1.29888,1.29891,1.00,1.25
2017.07.21 10:04:55.813,1.29888,1.29893,1.00,1.31
2017.07.21 10:04:56.119,1.29891,1.29895,1.00,1.69
2017.07.21 10:04:56.631,1.29892,1.29898,1.00,2.44
2017.07.21 10:04:56.682,1.29892,1.29898,1.00,2.06
2017.07.21 10:04:57.193,1.29892,1.29897,1.00,1.19
2017.07.21 10:04:57.736,1.29892,1.29898,1.00,1.69
2017.07.21 10:04:58.092,1.29892,1.29897,1.00,1.44
2017.07.21 10:04:58.246,1.2989,1.29895,1.76,1.69
2017.07.21 10:04:58.349,1.29888,1.29894,2.06,3.37
2017.07.21 10:04:58.401,1.29887,1.2989,1.39,1.00
2017.07.21 10:04:58.785,1.29886,1.29888,1.00,1.25
2017.07.21 10:04:58.836,1.29886,1.2989,1.25,1.00
2017.07.21 10:04:59.040,1.29885,1.29888,1.25,1.00
2017.07.21 10:04:59.194,1.29882,1.29886,1.00,1.25
2017.07.21 10:04:59.398,1.29882,1.29885,1.00,1.19
2017.07.21 10:04:59.501,1.2988,1.29885,1.69,1.19
2017.07.21 10:05:00.036,1.29881,1.29886,1.00,4.69
2017.07.21 10:05:00.087,1.29879,1.29885,1.69,1.69
2017.07.21 10:05:00.600,1.2988,1.29885,1.00,1.19
2017.07.21 10:05:00.703,1.2988,1.29886,1.00,1.25
2017.07.21 10:05:01.192,1.29879,1.29885,1.00,1.69
2017.07.21 10:05:01.909,1.2988,1.29886,1.00,2.06
2017.07.21 10:05:02.682,1.29879,1.29886,1.00,3.19
2017.07.21 10:05:02.989,1.29883,1.29889,1.69,2.62
2017.07.21 10:05:03.041,1.29885,1.29889,1.00,1.00
2017.07.21 10:05:03.245,1.29883,1.29888,1.00,1.00
2017.07.21 10:05:03.347,1.29882,1.29887,1.00,1.19
2017.07.21 10:05:03.707,1.29881,1.29885,1.00,1.19
2017.07.21 10:05:04.029,1.29883,1.29888,1.00,1.19
2017.07.21 10:05:04.132,1.29882,1.29885,1.00,1.25
2017.07.21 10:05:04.285,1.2988,1.29885,1.76,1.69
2017.07.21 10:05:05.194,1.29881,1.29885,1.00,1.25
2017.07.21 10:05:05.473,1.2988,1.29887,3.26,1.87
2017.07.21 10:05:05.982,1.2988,1.29887,2.06,2.62
2017.07.21 10:05:06.491,1.29883,1.29889,1.12,3.94
2017.07.21 10:05:06.542,1.29883,1.29889,1.12,2.25
2017.07.21 10:05:06.762,1.29887,1.29891,1.00,3.19
2017.07.21 10:05:06.814,1.29886,1.2989,1.25,1.25
2017.07.21 10:05:06.865,1.29889,1.29892,1.00,1.19
2017.07.21 10:05:06.917,1.29889,1.29893,1.00,2.44
2017.07.21 10:05:07.223,1.29892,1.29894,1.00,1.44
2017.07.21 10:05:07.325,1.29893,1.29896,1.00,1.87
2017.07.21 10:05:07.478,1.29891,1.29895,1.00,1.69
2017.07.21 10:05:08.096,1.29891,1.29896,1.00,1.87
2017.07.21 10:05:08.547,1.29891,1.29897,1.00,1.87
2017.07.21 10:05:09.107,1.29893,1.29897,1.00,1.69
2017.07.21 10:05:09.634,1.29894,1.29899,1.00,2.62
2017.07.21 10:05:09.994,1.29892,1.29897,2.44,1.19
2017.07.21 10:05:10.096,1.29893,1.29898,1.12,1.12
2017.07.21 10:05:10.148,1.29897,1.299,1.00,1.19
2017.07.21 10:05:10.200,1.29897,1.29902,1.37,1.00
2017.07.21 10:05:10.251,1.29899,1.29904,1.00,2.25
2017.07.21 10:05:10.302,1.29899,1.29905,1.00,4.12
2017.07.21 10:05:10.722,1.29899,1.29904,1.00,1.87
2017.07.21 10:05:11.235,1.299,1.29904,1.00,1.25
2017.07.21 10:05:11.338,1.29902,1.29905,1.00,1.00
2017.07.21 10:05:11.389,1.299,1.29906,1.69,1.87
2017.07.21 10:05:11.542,1.29898,1.29903,1.00,1.19
2017.07.21 10:05:12.065,1.29898,1.29903,1.00,4.31
2017.07.21 10:05:12.372,1.29896,1.29899,1.25,1.00
2017.07.21 10:05:12.882,1.29895,1.299,1.50,1.69
2017.07.21 10:05:13.457,1.29895,1.29899,1.31,1.00
2017.07.21 10:05:13.560,1.29893,1.29898,3.00,1.00
2017.07.21 10:05:14.069,1.29893,1.29898,1.50,1.00
2017.07.21 10:05:14.291,1.2989,1.29895,1.39,1.00
2017.07.21 10:05:14.811,1.2989,1.29895,1.25,1.50
2017.07.21 10:05:15.372,1.29888,1.29894,1.19,1.44
2017.07.21 10:05:15.910,1.29888,1.29893,1.69,1.25
2017.07.21 10:05:16.420,1.29888,1.29894,1.69,1.87
2017.07.21 10:05:16.929,1.29888,1.29894,1.69,2.06
2017.07.21 10:05:17.440,1.29888,1.29895,3.56,1.69
2017.07.21 10:05:17.645,1.2989,1.29896,1.50,1.25
2017.07.21 10:05:17.800,1.2989,1.29896,1.00,1.44
2017.07.21 10:05:18.310,1.29889,1.29895,1.00,1.25
2017.07.21 10:05:19.030,1.29888,1.29894,2.62,1.00
2017.07.21 10:05:19.441,1.29888,1.29894,2.06,1.00
2017.07.21 10:05:19.954,1.29888,1.29894,2.06,1.00
2017.07.21 10:05:20.486,1.29888,1.29895,2.81,1.25
2017.07.21 10:05:20.792,1.29891,1.29898,1.25,2.06
2017.07.21 10:05:21.308,1.29892,1.29897,3.19,1.00
2017.07.21 10:05:21.410,1.29893,1.29899,1.25,1.50
2017.07.21 10:05:21.698,1.29892,1.29897,1.00,1.25
2017.07.21 10:05:21.851,1.2989,1.29896,1.25,1.00
2017.07.21 10:05:22.361,1.2989,1.29895,1.25,1.00
2017.07.21 10:05:24.583,1.2989,1.29895,2.44,1.00
2017.07.21 10:05:25.100,1.2989,1.29896,2.44,1.00
2017.07.21 10:05:25.611,1.2989,1.29896,2.44,1.00
2017.07.21 10:05:26.545,1.2989,1.29896,2.44,1.00
2017.07.21 10:05:26.699,1.29892,1.29899,3.00,2.70
2017.07.21 10:05:26.751,1.29893,1.29899,2.44,1.25
2017.07.21 10:05:27.058,1.29894,1.29901,1.31,2.06
2017.07.21 10:05:27.212,1.29893,1.29901,1.69,2.81
2017.07.21 10:05:28.861,1.29893,1.29899,1.25,1.12
2017.07.21 10:05:30.225,1.29893,1.29897,1.25,1.00
2017.07.21 10:05:31.006,1.29893,1.29895,1.25,1.00
2017.07.21 10:05:31.664,1.29891,1.29896,1.87,1.69
2017.07.21 10:05:31.716,1.29891,1.29896,1.12,1.69
2017.07.21 10:05:31.818,1.29891,1.29894,1.12,1.00
2017.07.21 10:05:34.566,1.29888,1.29892,3.00,1.00
2017.07.21 10:05:35.090,1.29889,1.29891,1.25,1.69
2017.07.21 10:05:35.396,1.29885,1.29887,1.44,1.00
2017.07.21 10:05:35.651,1.29885,1.29889,3.00,1.69
2017.07.21 10:05:36.152,1.29885,1.29888,1.25,1.00
2017.07.21 10:05:37.318,1.29885,1.29889,1.87,1.69
2017.07.21 10:05:37.864,1.29885,1.29889,1.44,1.69
2017.07.21 10:05:38.406,1.29885,1.29889,1.50,1.69
2017.07.21 10:05:41.462,1.29885,1.29889,2.25,1.00
2017.07.21 10:05:41.897,1.29887,1.29889,1.37,1.00
2017.07.21 10:05:42.406,1.29886,1.29889,1.37,1.00
2017.07.21 10:05:42.915,1.29888,1.2989,1.00,1.00
2017.07.21 10:05:44.989,1.29888,1.2989,1.50,1.00
2017.07.21 10:05:45.040,1.29888,1.29891,1.50,1.69
2017.07.21 10:05:45.144,1.29887,1.29889,1.56,1.00
2017.07.21 10:05:45.655,1.29886,1.29889,1.62,1.69
2017.07.21 10:05:45.961,1.29885,1.29889,1.25,1.69
2017.07.21 10:05:46.189,1.29885,1.29887,1.00,1.00
2017.07.21 10:05:47.312,1.29884,1.29885,1.00,1.00
2017.07.21 10:05:47.616,1.29886,1.2989,1.50,1.50
2017.07.21 10:05:48.127,1.29886,1.29889,1.69,1.00
2017.07.21 10:05:49.352,1.29885,1.2989,2.06,2.44
2017.07.21 10:05:49.455,1.29884,1.29886,1.00,1.50
2017.07.21 10:05:49.558,1.29881,1.29885,1.87,1.50
2017.07.21 10:05:49.660,1.29881,1.29885,1.50,1.00
2017.07.21 10:05:49.814,1.29885,1.29886,1.00,1.25
2017.07.21 10:05:49.916,1.29885,1.29889,1.69,1.69
2017.07.21 10:05:50.275,1.29887,1.2989,1.37,1.69
2017.07.21 10:05:50.815,1.29888,1.29891,1.00,1.00
2017.07.21 10:05:51.935,1.29889,1.29891,1.00,1.00
2017.07.21 10:05:51.986,1.29889,1.29893,1.00,1.00
2017.07.21 10:05:52.488,1.29889,1.29893,1.50,1.00
2017.07.21 10:05:53.707,1.29889,1.29894,3.19,1.69
2017.07.21 10:05:54.217,1.2989,1.29894,3.56,1.00
2017.07.21 10:05:54.370,1.29889,1.29893,1.00,1.00
2017.07.21 10:05:54.881,1.29889,1.29894,1.37,1.69
2017.07.21 10:05:55.409,1.2989,1.29895,1.50,1.25
2017.07.21 10:05:56.528,1.29891,1.29895,1.50,1.00
2017.07.21 10:05:57.039,1.29891,1.29896,2.44,1.25
2017.07.21 10:05:57.353,1.29892,1.29898,1.87,1.69
2017.07.21 10:05:57.914,1.29892,1.29898,1.12,1.69
2017.07.21 10:05:58.424,1.29892,1.29897,1.37,1.25
2017.07.21 10:05:58.928,1.29892,1.29898,1.37,1.25
2017.07.21 10:05:59.234,1.29895,1.29897,1.00,1.00
2017.07.21 10:05:59.642,1.29895,1.29899,1.00,3.19
2017.07.21 10:06:00.170,1.29894,1.29897,1.00,1.50
2017.07.21 10:06:00.222,1.2989,1.29897,1.95,2.44
2017.07.21 10:06:00.324,1.2989,1.29894,1.00,1.00
2017.07.21 10:06:00.987,1.2989,1.29893,1.00,1.00
2017.07.21 10:06:02.052,1.29889,1.29895,2.00,1.69
2017.07.21 10:06:02.880,1.29889,1.29895,2.81,1.50
2017.07.21 10:06:04.132,1.2989,1.29895,1.37,1.00
2017.07.21 10:06:04.439,1.29892,1.29896,2.81,1.25
2017.07.21 10:06:04.957,1.29892,1.29897,1.87,1.69
2017.07.21 10:06:06.254,1.29891,1.29895,1.37,1.25
2017.07.21 10:06:10.604,1.29892,1.29894,1.00,1.00
2017.07.21 10:06:12.212,1.29892,1.29895,1.00,1.00
2017.07.21 10:06:13.071,1.29892,1.29894,1.50,1.00
2017.07.21 10:06:14.350,1.29892,1.29893,1.00,1.00
2017.07.21 10:06:14.686,1.2989,1.29893,1.50,1.00
2017.07.21 10:06:15.255,1.2989,1.29894,1.50,1.50
2017.07.21 10:06:15.510,1.29892,1.29894,1.00,1.50
2017.07.21 10:06:16.273,1.29892,1.29895,1.00,2.25
2017.07.21 10:06:16.796,1.2989,1.29894,1.87,1.50
2017.07.21 10:06:17.314,1.2989,1.29894,1.00,1.00
2017.07.21 10:06:18.391,1.2989,1.29892,1.00,1.00
2017.07.21 10:06:19.613,1.29888,1.29892,1.00,1.00
2017.07.21 10:06:22.123,1.29887,1.2989,1.00,1.00
2017.07.21 10:06:22.675,1.29886,1.2989,1.00,2.44
2017.07.21 10:06:23.184,1.29885,1.29889,1.00,1.00
2017.07.21 10:06:26.914,1.29885,1.2989,1.00,1.69
2017.07.21 10:06:27.468,1.29885,1.29889,1.00,1.87
2017.07.21 10:06:27.520,1.29881,1.29886,1.00,1.50
2017.07.21 10:06:27.725,1.29879,1.29885,2.61,1.25
2017.07.21 10:06:27.827,1.29878,1.29883,1.44,1.50
2017.07.21 10:06:27.878,1.29877,1.29883,1.87,1.50
2017.07.21 10:06:27.930,1.29877,1.29881,1.12,1.00
2017.07.21 10:06:28.034,1.29875,1.2988,1.00,2.25
2017.07.21 10:06:28.560,1.29875,1.2988,1.19,1.50
2017.07.21 10:06:29.073,1.29875,1.2988,1.25,1.50
2017.07.21 10:06:30.942,1.29875,1.29881,1.69,1.00
2017.07.21 10:06:31.670,1.29874,1.29881,1.50,1.69
2017.07.21 10:06:32.368,1.29877,1.29882,1.00,1.44
2017.07.21 10:06:32.877,1.29875,1.29881,1.31,1.25
2017.07.21 10:06:33.386,1.29875,1.29881,1.25,1.12
2017.07.21 10:06:33.999,1.29876,1.29881,1.00,1.12
2017.07.21 10:06:34.459,1.29875,1.29879,1.25,1.00
2017.07.21 10:06:34.663,1.29875,1.29881,1.00,1.25
2017.07.21 10:06:37.814,1.29875,1.29882,1.00,2.62
2017.07.21 10:06:38.332,1.29875,1.29882,1.19,1.69
2017.07.21 10:06:38.485,1.29875,1.29878,1.25,1.00
2017.07.21 10:06:39.024,1.29874,1.29879,3.56,1.00
2017.07.21 10:06:39.376,1.29876,1.2988,1.87,1.25
2017.07.21 10:06:39.736,1.29875,1.29879,2.44,1.00
2017.07.21 10:06:40.626,1.29875,1.29878,1.69,1.00
2017.07.21 10:06:43.209,1.29876,1.29878,1.50,1.00
2017.07.21 10:06:43.756,1.29876,1.29878,2.44,1.00
2017.07.21 10:06:45.734,1.29878,1.2988,1.00,1.25
2017.07.21 10:06:45.785,1.29879,1.29883,2.44,1.00
2017.07.21 10:06:45.837,1.29879,1.29883,2.62,1.00
2017.07.21 10:06:46.639,1.29883,1.29884,1.12,1.69
2017.07.21 10:06:46.691,1.29885,1.29887,1.00,1.25
2017.07.21 10:06:47.252,1.29885,1.29889,1.31,1.87
2017.07.21 10:06:47.761,1.29885,1.29889,1.62,1.25
2017.07.21 10:06:48.273,1.29885,1.29887,1.31,1.00
2017.07.21 10:06:48.427,1.29883,1.29885,1.25,1.00
2017.07.21 10:06:48.580,1.29881,1.29883,1.25,1.00
2017.07.21 10:06:48.786,1.29879,1.29882,1.31,1.00
2017.07.21 10:06:48.889,1.29878,1.29879,1.00,1.25
2017.07.21 10:06:48.941,1.29877,1.29878,1.00,1.69
2017.07.21 10:06:49.100,1.29874,1.29877,2.25,1.00
2017.07.21 10:06:49.254,1.29873,1.29874,1.12,1.00
2017.07.21 10:06:49.305,1.29872,1.29876,1.87,2.81
2017.07.21 10:06:49.357,1.29871,1.29873,1.12,1.00
2017.07.21 10:06:49.766,1.29869,1.29871,1.19,1.00
2017.07.21 10:06:53.340,1.29869,1.29873,1.87,1.25
2017.07.21 10:06:53.494,1.29872,1.29876,3.75,1.00
2017.07.21 10:06:53.996,1.29873,1.29876,1.00,1.00
2017.07.21 10:06:54.546,1.29872,1.29875,1.00,1.69
2017.07.21 10:06:54.903,1.29871,1.29873,1.12,1.00
2017.07.21 10:06:56.114,1.29869,1.29873,2.25,1.00
2017.07.21 10:06:56.267,1.29872,1.29876,3.19,1.25
2017.07.21 10:06:56.674,1.29872,1.29876,2.25,1.69
2017.07.21 10:06:57.184,1.29872,1.29876,1.25,1.69
2017.07.21 10:06:57.714,1.29873,1.29875,1.00,1.00
2017.07.21 10:06:58.283,1.29872,1.29875,2.44,1.00
2017.07.21 10:06:58.489,1.29872,1.29875,2.90,1.00
2017.07.21 10:06:58.750,1.29873,1.29878,1.40,1.25
2017.07.21 10:07:00.931,1.29875,1.29878,1.09,1.25
2017.07.21 10:07:01.810,1.29875,1.29878,1.02,1.00
2017.07.21 10:07:02.120,1.2987,1.29872,1.25,1.25
2017.07.21 10:07:02.441,1.29866,1.29868,2.81,1.00
2017.07.21 10:07:04.663,1.29866,1.29869,2.34,1.25
2017.07.21 10:07:05.094,1.2987,1.29872,1.25,1.00
2017.07.21 10:07:05.604,1.2987,1.29872,1.25,1.00
2017.07.21 10:07:06.397,1.2987,1.29872,1.30,1.00
2017.07.21 10:07:06.930,1.2987,1.29873,1.68,1.00
2017.07.21 10:07:07.599,1.2987,1.29873,2.06,1.00
2017.07.21 10:07:07.971,1.29871,1.29875,2.15,1.25
2017.07.21 10:07:08.481,1.29872,1.29876,1.96,1.44
2017.07.21 10:07:08.584,1.29876,1.29877,1.00,1.69
2017.07.21 10:07:08.688,1.29878,1.2988,1.00,1.00
2017.07.21 10:07:08.792,1.29878,1.29879,1.00,1.00
2017.07.21 10:07:08.844,1.29878,1.2988,1.00,1.00
2017.07.21 10:07:09.468,1.29878,1.29879,1.00,1.00
2017.07.21 10:07:09.622,1.29876,1.29878,2.06,1.00
2017.07.21 10:07:10.159,1.29875,1.29877,1.50,1.25
2017.07.21 10:07:10.567,1.29875,1.29876,1.00,1.00
2017.07.21 10:07:11.109,1.29875,1.29878,1.37,1.00
2017.07.21 10:07:11.365,1.29878,1.29879,1.12,1.69
2017.07.21 10:07:11.789,1.29878,1.2988,1.12,1.69
2017.07.21 10:07:12.247,1.2988,1.29881,1.00,1.00
2017.07.21 10:07:12.757,1.29878,1.2988,1.50,1.00
2017.07.21 10:07:13.302,1.29879,1.29882,1.00,1.69
2017.07.21 10:07:13.557,1.29879,1.29881,1.00,1.00
2017.07.21 10:07:14.037,1.2988,1.29882,1.19,1.00
2017.07.21 10:07:14.260,1.29876,1.29879,1.62,1.50
2017.07.21 10:07:14.311,1.29876,1.29877,1.25,1.00
2017.07.21 10:07:14.414,1.29872,1.29874,1.00,4.20
2017.07.21 10:07:14.466,1.29868,1.2987,1.00,1.00
2017.07.21 10:07:14.518,1.29868,1.29871,1.62,1.00
2017.07.21 10:07:14.621,1.29864,1.29867,2.44,1.00
2017.07.21 10:07:14.723,1.29866,1.29867,1.00,1.00
2017.07.21 10:07:14.927,1.29864,1.29867,1.12,1.00
2017.07.21 10:07:15.090,1.29865,1.29867,1.37,1.25
2017.07.21 10:07:15.244,1.29866,1.29869,1.00,1.12
2017.07.21 10:07:15.564,1.29867,1.29873,1.12,1.19
2017.07.21 10:07:15.666,1.29867,1.2987,4.12,1.25
2017.07.21 10:07:15.973,1.29868,1.29872,1.62,1.87
2017.07.21 10:07:16.177,1.29869,1.2987,1.12,1.00
2017.07.21 10:07:16.588,1.2987,1.29872,1.00,1.12
2017.07.21 10:07:16.691,1.2987,1.29873,2.06,1.69
2017.07.21 10:07:16.845,1.2987,1.29872,2.81,1.00
2017.07.21 10:07:17.624,1.2987,1.29872,1.00,1.69
2017.07.21 10:07:17.676,1.29868,1.29871,2.44,1.00
2017.07.21 10:07:17.778,1.2987,1.29871,1.00,1.69
2017.07.21 10:07:18.034,1.29868,1.29871,2.44,1.69
2017.07.21 10:07:18.341,1.2987,1.29871,1.00,1.69
2017.07.21 10:07:18.665,1.29868,1.29871,1.69,1.69
2017.07.21 10:07:18.870,1.29866,1.29869,1.87,1.25
2017.07.21 10:07:19.176,1.29862,1.29864,2.06,1.00
2017.07.21 10:07:19.684,1.29862,1.29864,2.06,1.00
2017.07.21 10:07:20.228,1.2986,1.29863,1.81,1.00
2017.07.21 10:07:21.121,1.2986,1.29863,2.25,1.00
2017.07.21 10:07:22.268,1.29859,1.29863,2.71,1.69
2017.07.21 10:07:22.791,1.2986,1.29863,1.46,1.00
2017.07.21 10:07:23.355,1.2986,1.29862,1.21,1.00
2017.07.21 10:07:23.883,1.2986,1.29863,1.96,1.00
2017.07.21 10:07:24.495,1.29858,1.29861,2.34,1.00
2017.07.21 10:07:25.011,1.29858,1.2986,1.59,1.00
2017.07.21 10:07:25.552,1.29859,1.29861,1.50,1.69
2017.07.21 10:07:26.076,1.29858,1.29861,1.81,1.69
2017.07.21 10:07:26.586,1.29858,1.2986,1.81,1.00
2017.07.21 10:07:27.426,1.29856,1.2986,1.44,1.00
2017.07.21 10:07:27.480,1.29854,1.29858,1.30,1.69
2017.07.21 10:07:27.686,1.29856,1.29861,2.06,1.01
2017.07.21 10:07:27.739,1.29857,1.29862,2.61,1.00
2017.07.21 10:07:28.046,1.29857,1.29862,1.86,1.00
2017.07.21 10:07:28.433,1.29856,1.2986,1.25,1.00
2017.07.21 10:07:28.536,1.29856,1.29862,1.25,1.76
2017.07.21 10:07:28.995,1.29859,1.29862,1.00,1.00
2017.07.21 10:07:29.502,1.2986,1.29865,1.50,2.51
2017.07.21 10:07:30.064,1.2986,1.29866,3.17,1.39
2017.07.21 10:07:30.587,1.2986,1.29865,2.42,1.29
2017.07.21 10:07:31.100,1.2986,1.29866,1.00,1.19
2017.07.21 10:07:31.679,1.29859,1.29865,2.61,1.44
2017.07.21 10:07:32.189,1.2986,1.29866,1.86,1.69
2017.07.21 10:07:32.444,1.29859,1.29867,2.68,4.12
2017.07.21 10:07:32.546,1.29861,1.29867,1.00,4.50
2017.07.21 10:07:32.948,1.29865,1.29869,1.00,2.44
2017.07.21 10:07:33.456,1.29864,1.29869,1.00,5.62
2017.07.21 10:07:33.966,1.29863,1.29869,1.10,4.12
2017.07.21 10:07:34.483,1.29863,1.29869,1.27,2.44
2017.07.21 10:07:35.209,1.29863,1.29869,1.57,2.44
2017.07.21 10:07:35.464,1.29861,1.29868,3.37,1.87
2017.07.21 10:07:35.981,1.29861,1.29866,2.51,1.00
2017.07.21 10:07:36.287,1.29859,1.29864,1.75,1.00
2017.07.21 10:07:36.494,1.29857,1.29864,3.06,4.69
2017.07.21 10:07:36.546,1.29857,1.29862,1.39,1.00
2017.07.21 10:07:36.757,1.29855,1.2986,2.62,1.00
2017.07.21 10:07:37.012,1.29854,1.2986,1.18,2.44
2017.07.21 10:07:37.522,1.29854,1.29859,1.11,1.00
2017.07.21 10:07:38.747,1.29852,1.29858,4.11,1.00
2017.07.21 10:07:39.298,1.29852,1.29858,3.55,1.87
2017.07.21 10:07:39.856,1.29852,1.29858,1.86,1.87
2017.07.21 10:07:40.162,1.29859,1.29861,1.00,2.25
2017.07.21 10:07:40.519,1.29866,1.2987,2.25,1.00
2017.07.21 10:07:40.703,1.29866,1.29867,1.00,1.00
2017.07.21 10:07:40.754,1.29867,1.29868,1.25,1.00
2017.07.21 10:07:40.907,1.29867,1.2987,1.00,1.12
2017.07.21 10:07:41.010,1.29866,1.29867,1.00,1.00
2017.07.21 10:07:41.418,1.29868,1.2987,1.25,1.00
2017.07.21 10:07:41.622,1.29864,1.29867,2.32,1.00
2017.07.21 10:07:41.786,1.29868,1.29869,1.00,1.00
2017.07.21 10:07:41.888,1.29863,1.29869,1.86,1.69
2017.07.21 10:07:41.990,1.29865,1.2987,3.07,1.50
2017.07.21 10:07:42.500,1.29868,1.2987,1.00,1.00
2017.07.21 10:07:42.806,1.29868,1.29872,1.00,1.50
2017.07.21 10:07:42.986,1.29868,1.29872,4.76,1.00
2017.07.21 10:07:43.446,1.29868,1.29874,1.82,3.19
2017.07.21 10:07:43.958,1.2987,1.29873,1.00,1.00
2017.07.21 10:07:44.465,1.2987,1.29874,1.00,2.25
2017.07.21 10:07:44.999,1.29869,1.29873,1.39,1.25
2017.07.21 10:07:45.356,1.29868,1.2987,2.89,1.00
2017.07.21 10:07:45.518,1.29868,1.29872,1.45,1.00
2017.07.21 10:07:45.676,1.29868,1.29873,1.82,1.69
2017.07.21 10:07:45.981,1.29871,1.29875,1.39,1.12
2017.07.21 10:07:46.509,1.29871,1.29874,1.39,1.00
2017.07.21 10:07:46.749,1.29869,1.29873,2.32,1.00
2017.07.21 10:07:47.263,1.29869,1.29872,1.57,1.00
2017.07.21 10:07:47.572,1.29869,1.29874,1.20,1.25
2017.07.21 10:07:47.623,1.29869,1.29875,1.20,1.87
2017.07.21 10:07:47.878,1.2987,1.29875,1.10,2.44
2017.07.21 10:07:48.040,1.2987,1.29873,1.00,1.00
2017.07.21 10:07:48.552,1.29869,1.29874,1.10,1.00
2017.07.21 10:07:48.859,1.29868,1.2987,1.29,2.44
2017.07.21 10:07:48.911,1.29866,1.2987,1.39,1.00
2017.07.21 10:07:49.014,1.29868,1.2987,1.00,1.50
2017.07.21 10:07:49.117,1.29867,1.29872,2.32,2.81
2017.07.21 10:07:49.291,1.2987,1.29875,1.19,1.31
2017.07.21 10:07:49.903,1.2987,1.29875,1.39,1.87
2017.07.21 10:07:50.209,1.29869,1.29875,1.57,1.00
2017.07.21 10:07:50.727,1.29869,1.29875,1.51,1.50
2017.07.21 10:07:50.830,1.2987,1.29875,1.29,2.44
2017.07.21 10:07:51.451,1.29869,1.29875,1.64,2.44
2017.07.21 10:07:51.961,1.29869,1.29875,1.64,1.69
2017.07.21 10:07:52.473,1.29868,1.29874,2.89,1.25
2017.07.21 10:07:52.799,1.29868,1.29871,1.00,1.25
2017.07.21 10:07:53.105,1.29869,1.29874,1.76,1.12
2017.07.21 10:07:53.787,1.29869,1.29875,1.57,2.44
2017.07.21 10:07:54.092,1.29869,1.29872,1.70,1.00
2017.07.21 10:07:54.449,1.29867,1.29872,4.01,1.00
2017.07.21 10:07:54.551,1.29868,1.29874,1.39,1.69
2017.07.21 10:07:55.241,1.29869,1.29876,2.14,3.37
2017.07.21 10:07:55.345,1.29869,1.29876,1.89,1.44
2017.07.21 10:07:55.550,1.29868,1.29876,3.45,1.87
2017.07.21 10:07:55.909,1.29868,1.29874,3.07,1.00
2017.07.21 10:07:56.258,1.29868,1.29872,1.39,1.00
2017.07.21 10:07:57.054,1.29868,1.29872,1.29,1.00
2017.07.21 10:07:57.555,1.29868,1.29872,1.29,1.00
2017.07.21 10:07:58.066,1.2987,1.29872,1.19,1.00
2017.07.21 10:07:58.373,1.29872,1.29877,1.19,3.37
2017.07.21 10:07:58.909,1.29872,1.29877,1.66,1.69
2017.07.21 10:08:00.548,1.29873,1.29877,1.31,1.25
2017.07.21 10:08:01.060,1.29872,1.29877,1.29,1.69
2017.07.21 10:08:01.566,1.29874,1.2988,2.51,1.87
2017.07.21 10:08:02.077,1.29875,1.2988,1.19,1.25
2017.07.21 10:08:02.913,1.29874,1.29879,1.69,1.69
2017.07.21 10:08:03.220,1.29876,1.29882,1.31,1.69
2017.07.21 10:08:03.578,1.29877,1.29882,1.37,1.69
2017.07.21 10:08:03.893,1.29878,1.29884,2.81,1.00
2017.07.21 10:08:04.517,1.29878,1.29882,1.00,1.25
2017.07.21 10:08:06.501,1.29877,1.29882,1.00,1.69
2017.07.21 10:08:07.965,1.29878,1.2988,1.37,1.00
2017.07.21 10:08:08.017,1.29876,1.29882,1.69,1.69
2017.07.21 10:08:08.073,1.29876,1.29882,1.31,1.50
2017.07.21 10:08:08.125,1.29875,1.2988,1.69,1.00
2017.07.21 10:08:09.218,1.29875,1.29878,2.06,1.00
2017.07.21 10:08:09.478,1.29873,1.29876,1.25,1.00
2017.07.21 10:08:10.126,1.29871,1.29876,1.69,1.00
2017.07.21 10:08:10.640,1.29875,1.29879,1.69,1.25
2017.07.21 10:08:10.691,1.29876,1.29881,1.12,1.69
2017.07.21 10:08:10.743,1.29877,1.29881,1.69,1.00
2017.07.21 10:08:11.153,1.29881,1.29886,1.31,1.12
2017.07.21 10:08:11.416,1.29884,1.2989,1.19,1.19
2017.07.21 10:08:11.570,1.29882,1.29887,1.25,1.69
2017.07.21 10:08:11.826,1.29879,1.29885,3.19,3.00
2017.07.21 10:08:11.877,1.29879,1.29885,2.44,1.00
2017.07.21 10:08:12.384,1.29879,1.29884,1.19,1.87
2017.07.21 10:08:12.590,1.29877,1.29882,1.56,1.00
2017.07.21 10:08:12.900,1.29877,1.29882,1.56,1.00
2017.07.21 10:08:13.206,1.29878,1.29884,2.06,1.69
2017.07.21 10:08:13.748,1.29879,1.29884,1.19,1.00
2017.07.21 10:08:15.757,1.2988,1.29885,1.62,1.00
2017.07.21 10:08:17.097,1.2988,1.29885,2.06,1.00
2017.07.21 10:08:17.607,1.29879,1.29885,4.31,1.00
2017.07.21 10:08:18.759,1.29879,1.29887,3.94,3.00
2017.07.21 10:08:19.290,1.29879,1.29885,5.06,1.00
2017.07.21 10:08:20.177,1.29882,1.29886,1.25,1.25
2017.07.21 10:08:21.145,1.29883,1.29886,1.25,1.25
2017.07.21 10:08:21.663,1.29882,1.29886,1.69,1.25
2017.07.21 10:08:23.085,1.29882,1.29885,1.69,1.00
2017.07.21 10:08:23.289,1.29882,1.29887,1.69,1.00
2017.07.21 10:08:23.799,1.29883,1.29887,1.00,1.00
2017.07.21 10:08:24.917,1.29883,1.29889,1.00,3.37
2017.07.21 10:08:25.579,1.29883,1.29887,1.00,1.00
2017.07.21 10:08:26.190,1.29883,1.29886,1.69,1.00
2017.07.21 10:08:26.343,1.29883,1.29888,1.69,1.12
2017.07.21 10:08:26.852,1.29882,1.29888,1.00,1.12
2017.07.21 10:08:27.412,1.29883,1.29889,1.00,6.37
2017.07.21 10:08:28.227,1.29882,1.29888,1.00,1.12
2017.07.21 10:08:29.686,1.29882,1.29887,1.00,1.00
2017.07.21 10:08:30.194,1.29881,1.29887,2.44,1.00
2017.07.21 10:08:30.719,1.29881,1.29888,2.44,5.81
2017.07.21 10:08:31.727,1.29881,1.29887,2.62,1.00
2017.07.21 10:08:32.236,1.29881,1.29888,2.62,2.62
2017.07.21 10:08:32.859,1.29881,1.29887,1.12,1.00
2017.07.21 10:08:33.367,1.29881,1.29888,1.87,2.62
2017.07.21 10:08:33.723,1.2988,1.29886,1.69,1.87
2017.07.21 10:08:34.232,1.2988,1.29885,1.25,1.00
2017.07.21 10:08:34.930,1.29879,1.29885,2.25,3.00
2017.07.21 10:08:35.237,1.29877,1.29883,2.44,1.12
2017.07.21 10:08:35.850,1.29878,1.29884,1.00,3.94
2017.07.21 10:08:36.054,1.29878,1.29885,1.87,2.44
2017.07.21 10:08:36.601,1.29878,1.29884,1.50,1.50
2017.07.21 10:08:38.222,1.2988,1.29884,1.00,1.25
2017.07.21 10:08:38.735,1.2988,1.29883,1.00,1.00
2017.07.21 10:08:38.997,1.29878,1.29883,2.44,1.00
2017.07.21 10:08:39.048,1.29881,1.29883,1.00,1.00
2017.07.21 10:08:39.572,1.29881,1.29884,1.00,1.50
2017.07.21 10:08:40.083,1.29882,1.29885,1.00,3.37
2017.07.21 10:08:40.594,1.29881,1.29885,1.00,3.37
2017.07.21 10:08:41.130,1.2988,1.29885,1.12,3.37
2017.07.21 10:08:41.639,1.29881,1.29885,1.00,3.37
2017.07.21 10:08:42.158,1.29882,1.29885,1.00,3.37
2017.07.21 10:08:42.772,1.29881,1.29885,1.00,4.87
2017.07.21 10:08:46.660,1.29881,1.29885,1.69,3.75
2017.07.21 10:08:47.227,1.29881,1.29884,1.00,1.25
2017.07.21 10:08:47.788,1.2988,1.29884,1.00,1.50
2017.07.21 10:08:48.298,1.29879,1.29883,1.12,1.50
2017.07.21 10:08:48.844,1.2988,1.29883,1.00,1.69
2017.07.21 10:08:49.761,1.2988,1.29884,1.00,2.06
2017.07.21 10:08:50.271,1.2988,1.29883,1.00,1.25
2017.07.21 10:08:52.354,1.29882,1.29883,1.00,1.25
2017.07.21 10:08:52.879,1.2988,1.29882,1.00,1.25
2017.07.21 10:08:53.083,1.29882,1.29883,1.00,1.25
2017.07.21 10:08:53.591,1.29881,1.29883,1.69,1.25
2017.07.21 10:08:54.100,1.29882,1.29884,1.00,1.25
2017.07.21 10:08:54.628,1.29881,1.29883,1.00,1.25
2017.07.21 10:08:55.138,1.2988,1.29883,1.69,1.25
2017.07.21 10:08:55.650,1.29879,1.29883,1.00,1.50
2017.07.21 10:08:56.170,1.2988,1.29883,1.00,1.69
2017.07.21 10:08:56.681,1.29881,1.29883,1.00,1.25
2017.07.21 10:08:57.191,1.29882,1.29884,1.00,1.25
2017.07.21 10:08:58.129,1.29881,1.29884,1.00,1.25
2017.07.21 10:08:58.672,1.29881,1.29885,1.00,2.44
2017.07.21 10:08:59.608,1.29882,1.29885,1.00,1.25
2017.07.21 10:09:00.116,1.29881,1.29884,1.00,1.25
2017.07.21 10:09:00.676,1.29882,1.29885,1.00,2.44
2017.07.21 10:09:01.213,1.29881,1.29884,1.00,1.25
2017.07.21 10:09:01.721,1.29882,1.29884,1.00,1.25
2017.07.21 10:09:01.925,1.2988,1.29884,2.06,1.25
2017.07.21 10:09:02.657,1.29881,1.29884,1.00,1.25
2017.07.21 10:09:03.428,1.2988,1.29884,1.31,1.25
2017.07.21 10:09:03.961,1.29881,1.29884,1.00,1.25
2017.07.21 10:09:04.469,1.29881,1.29885,1.00,2.44
2017.07.21 10:09:04.979,1.2988,1.29884,1.12,1.25
2017.07.21 10:09:05.760,1.29881,1.29884,1.00,1.25
2017.07.21 10:09:06.270,1.29882,1.29884,1.00,1.25
2017.07.21 10:09:06.372,1.2988,1.29883,2.06,1.00
2017.07.21 10:09:06.882,1.29881,1.29883,1.00,1.00
2017.07.21 10:09:07.503,1.29882,1.29883,1.00,1.00
2017.07.21 10:09:08.012,1.29881,1.29883,1.00,1.00
2017.07.21 10:09:08.522,1.2988,1.29883,1.00,1.00
2017.07.21 10:09:09.066,1.29881,1.29883,1.00,1.00
2017.07.21 10:09:09.578,1.2988,1.29884,1.00,3.94
2017.07.21 10:09:10.088,1.29881,1.29884,1.00,3.94
2017.07.21 10:09:11.124,1.29879,1.29883,2.06,1.69
2017.07.21 10:09:12.368,1.29879,1.29882,2.06,1.25
2017.07.21 10:09:13.665,1.29879,1.29883,1.00,1.50
2017.07.21 10:09:14.308,1.2988,1.29883,1.00,1.50
2017.07.21 10:09:14.832,1.29879,1.29882,1.00,2.25
2017.07.21 10:09:15.344,1.2988,1.29882,1.00,1.00
2017.07.21 10:09:15.446,1.29879,1.29882,1.00,1.00
2017.07.21 10:09:15.498,1.29879,1.2988,1.25,1.00
2017.07.21 10:09:15.549,1.29875,1.29878,1.25,1.00
2017.07.21 10:09:15.753,1.29873,1.29876,1.50,1.00
2017.07.21 10:09:15.855,1.29875,1.29878,1.00,3.94
2017.07.21 10:09:16.070,1.29873,1.29878,1.69,6.94
2017.07.21 10:09:16.225,1.29871,1.29875,1.12,1.00
2017.07.21 10:09:16.533,1.29874,1.29878,1.00,3.56
2017.07.21 10:09:17.043,1.29874,1.29878,1.00,2.44
2017.07.21 10:09:17.561,1.29873,1.29879,1.12,3.94
2017.07.21 10:09:17.968,1.29872,1.29874,1.00,1.00
2017.07.21 10:09:18.122,1.29866,1.2987,1.00,1.31
2017.07.21 10:09:18.479,1.29868,1.29871,1.00,1.25
2017.07.21 10:09:18.812,1.29868,1.29874,1.00,4.50
2017.07.21 10:09:19.322,1.29868,1.29874,1.00,3.37
2017.07.21 10:09:19.834,1.29869,1.29874,1.00,1.50
2017.07.21 10:09:20.475,1.29869,1.29874,1.00,2.06
2017.07.21 10:09:20.883,1.29867,1.29873,1.00,1.00
2017.07.21 10:09:21.392,1.29868,1.29874,1.00,2.51
2017.07.21 10:09:21.495,1.29868,1.29872,1.00,1.00
2017.07.21 10:09:22.168,1.29869,1.29872,1.00,1.00
2017.07.21 10:09:22.322,1.29871,1.29877,1.12,2.89
2017.07.21 10:09:22.424,1.29873,1.29878,1.12,2.51
2017.07.21 10:09:22.936,1.29874,1.29878,1.00,1.19
2017.07.21 10:09:23.425,1.29875,1.29879,1.56,1.00
2017.07.21 10:09:23.580,1.29883,1.29886,1.00,1.00
2017.07.21 10:09:24.089,1.29884,1.29889,1.00,1.44
2017.07.21 10:09:24.612,1.29883,1.29889,1.00,2.44
2017.07.21 10:09:24.664,1.29882,1.29886,2.44,3.19
2017.07.21 10:09:24.766,1.29879,1.29885,2.25,1.87
2017.07.21 10:09:24.817,1.29879,1.29885,1.50,1.25
2017.07.21 10:09:25.327,1.29879,1.29885,2.62,1.25
2017.07.21 10:09:26.549,1.29879,1.29886,1.87,2.44
2017.07.21 10:09:26.753,1.29879,1.29886,2.25,1.31
2017.07.21 10:09:26.805,1.29879,1.29886,2.25,2.25
2017.07.21 10:09:27.315,1.29879,1.29887,2.25,5.51
2017.07.21 10:09:28.090,1.2988,1.29887,1.19,5.70
2017.07.21 10:09:30.418,1.29883,1.29888,1.00,2.44
2017.07.21 10:09:32.101,1.29881,1.29888,1.62,1.69
2017.07.21 10:09:32.610,1.29883,1.29888,1.00,1.69
2017.07.21 10:09:35.617,1.29886,1.29891,1.00,2.62
2017.07.21 10:09:35.669,1.2989,1.29893,1.50,1.69
2017.07.21 10:09:35.720,1.29893,1.29895,1.87,1.50
2017.07.21 10:09:35.874,1.29894,1.29901,1.94,1.50
2017.07.21 10:09:37.008,1.29897,1.29903,1.62,1.25
2017.07.21 10:09:37.545,1.29899,1.29904,1.00,1.19
2017.07.21 10:09:37.859,1.29902,1.29905,2.06,1.29
2017.07.21 10:09:38.012,1.29907,1.29912,1.00,2.44
2017.07.21 10:09:38.064,1.29907,1.29913,1.00,6.75
2017.07.21 10:09:38.167,1.29906,1.29909,1.00,1.50
2017.07.21 10:09:38.322,1.29903,1.29907,1.69,1.69
2017.07.21 10:09:38.962,1.29901,1.29905,1.00,1.50
2017.07.21 10:09:39.420,1.29903,1.29908,1.69,3.75
2017.07.21 10:09:39.929,1.29902,1.29906,1.00,1.12
2017.07.21 10:09:40.460,1.29903,1.29907,1.00,3.37
2017.07.21 10:09:41.892,1.29904,1.29908,1.00,2.25
2017.07.21 10:09:42.300,1.29902,1.29904,1.69,1.00
2017.07.21 10:09:42.352,1.299,1.29903,1.00,1.87
2017.07.21 10:09:42.558,1.29904,1.29907,1.00,1.87
2017.07.21 10:09:43.064,1.29905,1.29909,1.25,1.19
2017.07.21 10:09:43.677,1.29906,1.2991,1.00,1.69
2017.07.21 10:09:44.982,1.29905,1.2991,1.69,2.44
2017.07.21 10:09:45.085,1.29903,1.29909,3.56,1.19
2017.07.21 10:09:47.623,1.29902,1.29909,1.69,4.50
2017.07.21 10:09:48.238,1.29903,1.29909,1.00,3.56
2017.07.21 10:09:48.858,1.29905,1.29908,1.00,1.44
2017.07.21 10:09:49.113,1.29907,1.29912,1.31,1.69
2017.07.21 10:09:49.623,1.29905,1.29912,4.01,2.44
2017.07.21 10:09:50.146,1.29905,1.29912,2.51,2.44
2017.07.21 10:09:51.015,1.29905,1.2991,1.01,1.25
2017.07.21 10:09:51.462,1.29901,1.29907,1.50,2.44
2017.07.21 10:09:51.770,1.29902,1.29908,1.44,4.87
2017.07.21 10:09:51.821,1.29902,1.29908,1.25,3.19
2017.07.21 10:09:52.484,1.29901,1.29904,1.01,1.50
2017.07.21 10:09:53.260,1.29899,1.29902,1.47,1.00
2017.07.21 10:09:54.323,1.29901,1.29903,1.02,1.69
2017.07.21 10:09:54.835,1.299,1.29903,1.59,1.69
2017.07.21 10:09:54.989,1.299,1.29903,1.21,1.00
2017.07.21 10:09:55.467,1.29898,1.29902,2.41,1.00
2017.07.21 10:09:55.775,1.29894,1.29896,1.25,1.00
2017.07.21 10:09:55.929,1.29894,1.29897,1.69,1.69
2017.07.21 10:09:56.133,1.29895,1.29899,1.21,1.00
2017.07.21 10:09:56.185,1.29896,1.299,3.64,1.69
2017.07.21 10:09:56.512,1.29894,1.29897,2.62,1.00
2017.07.21 10:09:57.023,1.29893,1.29896,1.47,1.69
2017.07.21 10:09:58.791,1.29892,1.29894,1.29,1.00
2017.07.21 10:09:59.315,1.29892,1.29895,1.00,1.00
2017.07.21 10:09:59.825,1.29892,1.29894,1.00,1.00
2017.07.21 10:10:00.336,1.29891,1.29894,1.21,1.00
2017.07.21 10:10:00.881,1.29891,1.29893,1.21,1.00
2017.07.21 10:10:01.391,1.29891,1.29894,2.04,1.25
2017.07.21 10:10:01.995,1.2989,1.29893,3.07,1.00
2017.07.21 10:10:02.525,1.2989,1.29894,3.45,1.00
2017.07.21 10:10:03.035,1.2989,1.29894,3.45,1.00
2017.07.21 10:10:03.804,1.29891,1.29894,1.00,1.00
2017.07.21 10:10:04.317,1.2989,1.29893,1.20,1.00
2017.07.21 10:10:04.778,1.29888,1.29891,2.32,1.00
2017.07.21 10:10:05.088,1.29888,1.2989,1.69,1.00
2017.07.21 10:10:05.599,1.29888,1.2989,1.69,1.00
2017.07.21 10:10:06.168,1.29887,1.2989,1.29,1.00
2017.07.21 10:10:06.609,1.29888,1.29891,1.19,1.00
2017.07.21 10:10:06.763,1.29887,1.2989,1.39,1.00
2017.07.21 10:10:07.420,1.29887,1.29892,1.39,1.00
2017.07.21 10:10:07.471,1.29887,1.29892,1.39,1.69
2017.07.21 10:10:07.777,1.29886,1.2989,4.76,1.69
2017.07.21 10:10:08.031,1.29886,1.29891,4.76,1.69
2017.07.21 10:10:08.260,1.29887,1.29891,1.76,1.00
2017.07.21 10:10:08.667,1.29887,1.29891,1.39,1.69
2017.07.21 10:10:08.820,1.29887,1.2989,1.39,1.00
2017.07.21 10:10:09.328,1.29886,1.2989,2.89,1.00
2017.07.21 10:10:09.863,1.29886,1.2989,1.64,1.69
2017.07.21 10:10:10.392,1.29886,1.29889,1.64,1.00
2017.07.21 10:10:10.859,1.29886,1.29889,1.57,1.00
2017.07.21 10:10:11.976,1.29886,1.29889,2.14,1.00
2017.07.21 10:10:12.180,1.29886,1.2989,2.14,1.69
2017.07.21 10:10:12.231,1.29886,1.2989,1.64,1.00
2017.07.21 10:10:12.739,1.29886,1.2989,1.64,1.00
2017.07.21 10:10:13.111,1.29884,1.29888,1.95,1.00
2017.07.21 10:10:13.825,1.29883,1.29885,1.10,1.00
2017.07.21 10:10:14.080,1.29882,1.29887,4.57,1.69
2017.07.21 10:10:14.386,1.29885,1.29888,1.50,1.69
2017.07.21 10:10:14.902,1.29884,1.29888,1.00,1.69
2017.07.21 10:10:15.426,1.29884,1.29887,1.00,1.00
2017.07.21 10:10:16.811,1.29883,1.29887,1.25,1.00
2017.07.21 10:10:17.194,1.29881,1.29883,1.69,1.00
2017.07.21 10:10:17.296,1.29878,1.29882,1.81,1.69
2017.07.21 10:10:17.399,1.29879,1.29884,1.69,1.69
2017.07.21 10:10:17.847,1.29879,1.29882,1.19,1.00
2017.07.21 10:10:18.356,1.29879,1.29883,2.44,1.00
2017.07.21 10:10:18.763,1.29879,1.29882,1.69,1.00
2017.07.21 10:10:19.122,1.29879,1.29883,1.19,1.25
2017.07.21 10:10:19.661,1.29879,1.29884,1.69,1.00
2017.07.21 10:10:20.170,1.2988,1.29883,1.31,1.00
2017.07.21 10:10:20.685,1.2988,1.29884,2.06,1.00
2017.07.21 10:10:20.839,1.29883,1.29885,1.00,1.00
2017.07.21 10:10:20.891,1.29882,1.29886,1.19,1.00
2017.07.21 10:10:20.942,1.29881,1.29885,3.19,1.00
2017.07.21 10:10:21.122,1.2988,1.29883,1.87,1.00
2017.07.21 10:10:21.429,1.29882,1.29885,1.00,1.25
2017.07.21 10:10:22.195,1.29882,1.29884,1.50,1.00
2017.07.21 10:10:22.824,1.2988,1.29883,1.29,1.00
2017.07.21 10:10:22.927,1.29879,1.29882,2.14,1.00
2017.07.21 10:10:23.436,1.29877,1.2988,1.87,1.00
2017.07.21 10:10:23.793,1.29878,1.29882,1.66,1.69
2017.07.21 10:10:24.016,1.29882,1.29884,1.00,1.69
2017.07.21 10:10:24.526,1.29882,1.29885,1.00,1.69
2017.07.21 10:10:25.162,1.29881,1.29886,3.82,1.00
2017.07.21 10:10:25.489,1.29881,1.29884,1.69,1.00
2017.07.21 10:10:26.151,1.2988,1.29882,1.31,1.00
2017.07.21 10:10:26.786,1.29879,1.29882,2.06,1.00
2017.07.21 10:10:27.916,1.29878,1.29881,1.69,1.00
2017.07.21 10:10:28.069,1.29875,1.29879,2.81,1.00
2017.07.21 10:10:28.354,1.29878,1.29881,1.69,1.69
2017.07.21 10:10:28.508,1.29881,1.29885,1.12,1.69
2017.07.21 10:10:28.661,1.29879,1.29881,1.31,1.00
2017.07.21 10:10:28.816,1.29878,1.2988,1.00,1.25
2017.07.21 10:10:28.868,1.29878,1.29881,1.69,1.69
2017.07.21 10:10:28.971,1.29878,1.29882,2.06,1.00
2017.07.21 10:10:29.251,1.29877,1.29881,4.20,1.00
2017.07.21 10:10:29.311,1.29875,1.29878,1.66,1.00
2017.07.21 10:10:29.362,1.29874,1.29877,1.12,1.00
2017.07.21 10:10:29.464,1.29872,1.29875,1.12,1.00
2017.07.21 10:10:32.308,1.29871,1.29874,1.44,1.00
2017.07.21 10:10:32.360,1.2987,1.29874,1.12,1.00
2017.07.21 10:10:32.871,1.2987,1.29874,3.94,1.00
2017.07.21 10:10:33.131,1.29873,1.29875,1.12,1.00
2017.07.21 10:10:33.465,1.2988,1.29883,1.12,1.00
2017.07.21 10:10:33.724,1.29882,1.29884,3.37,1.25
2017.07.21 10:10:33.829,1.29884,1.29886,1.31,1.00
2017.07.21 10:10:33.881,1.29885,1.29888,1.19,1.69
2017.07.21 10:10:34.393,1.29885,1.29887,1.69,1.00
2017.07.21 10:10:34.907,1.29885,1.29887,1.25,1.00
2017.07.21 10:10:35.475,1.29885,1.29887,1.25,1.00
2017.07.21 10:10:35.974,1.29882,1.29885,1.12,1.00
2017.07.21 10:10:36.179,1.2988,1.29883,1.87,1.69
2017.07.21 10:10:36.689,1.2988,1.29884,1.44,1.69
2017.07.21 10:10:37.266,1.29879,1.29882,1.87,1.00
2017.07.21 10:10:37.573,1.29877,1.29881,2.62,1.00
2017.07.21 10:10:37.778,1.29878,1.29882,1.31,1.25
2017.07.21 10:10:38.085,1.29881,1.29885,3.56,1.50
2017.07.21 10:10:38.187,1.29885,1.29887,1.00,1.12
2017.07.21 10:10:38.738,1.29884,1.29887,1.00,1.00
2017.07.21 10:10:39.045,1.29882,1.29885,1.00,1.00
2017.07.21 10:10:39.642,1.29882,1.29884,1.00,1.00
2017.07.21 10:10:39.959,1.29882,1.29886,1.00,1.69
2017.07.21 10:10:40.571,1.29884,1.29887,1.50,1.00
2017.07.21 10:10:40.910,1.29881,1.29885,3.07,1.00
2017.07.21 10:10:41.218,1.29878,1.29881,1.37,1.00
2017.07.21 10:10:42.135,1.29876,1.2988,1.20,1.00
2017.07.21 10:10:42.282,1.29876,1.29881,1.95,1.69
2017.07.21 10:10:42.334,1.29873,1.29876,1.56,1.00
2017.07.21 10:10:42.744,1.2987,1.29874,2.25,1.00
2017.07.21 10:10:42.949,1.2987,1.29874,1.87,2.06
2017.07.21 10:10:43.002,1.29869,1.29874,2.62,1.25
2017.07.21 10:10:43.105,1.2987,1.29875,1.87,1.69
2017.07.21 10:10:43.157,1.29869,1.29873,3.82,1.00
2017.07.21 10:10:43.384,1.29868,1.29875,1.47,1.50
2017.07.21 10:10:43.442,1.29867,1.2987,1.87,1.00
2017.07.21 10:10:43.748,1.29868,1.29872,1.44,1.00
2017.07.21 10:10:44.208,1.29868,1.29871,1.44,1.69
2017.07.21 10:10:44.413,1.29869,1.29872,3.19,1.25
2017.07.21 10:10:44.610,1.29872,1.29875,1.37,1.31
2017.07.21 10:10:44.663,1.29874,1.29878,1.29,1.00
2017.07.21 10:10:45.180,1.29874,1.29878,1.76,1.00
2017.07.21 10:10:45.714,1.29874,1.29877,1.69,1.00
2017.07.21 10:10:45.766,1.29874,1.29876,1.00,1.00
2017.07.21 10:10:45.817,1.29871,1.29873,1.50,1.00
2017.07.21 10:10:46.327,1.29869,1.29873,1.44,1.69
2017.07.21 10:10:46.959,1.29869,1.29871,1.25,1.00
2017.07.21 10:10:47.471,1.29867,1.29871,1.87,1.00
2017.07.21 10:10:47.980,1.29867,1.29872,2.62,1.69
2017.07.21 10:10:48.506,1.29868,1.29872,1.87,1.25
2017.07.21 10:10:48.609,1.29869,1.29875,1.69,2.25
2017.07.21 10:10:48.814,1.29869,1.29875,2.62,1.87
2017.07.21 10:10:49.323,1.29869,1.29872,1.69,1.50
2017.07.21 10:10:49.629,1.29869,1.29871,1.25,1.50
2017.07.21 10:10:49.782,1.29869,1.29872,1.19,3.19
2017.07.21 10:10:50.296,1.29869,1.29871,1.19,1.00
2017.07.21 10:10:51.365,1.29867,1.29871,1.87,1.00
2017.07.21 10:10:51.518,1.29867,1.29871,1.87,1.00
2017.07.21 10:10:52.032,1.29875,1.29877,1.69,1.25
2017.07.21 10:10:52.137,1.29877,1.29883,1.25,2.44
2017.07.21 10:10:52.242,1.29876,1.29883,3.45,1.00
2017.07.21 10:10:53.531,1.29876,1.29883,3.07,1.50
2017.07.21 10:10:55.285,1.29882,1.29888,1.25,3.00
2017.07.21 10:10:55.416,1.29881,1.29886,1.25,1.00
2017.07.21 10:10:55.469,1.29878,1.29883,2.62,1.12
2017.07.21 10:10:56.010,1.29878,1.29883,1.87,2.44
2017.07.21 10:10:56.472,1.29881,1.29885,1.25,1.00
2017.07.21 10:10:59.945,1.29882,1.29885,1.00,1.00
2017.07.21 10:11:00.301,1.29879,1.29885,1.44,4.12
2017.07.21 10:11:00.352,1.29878,1.29884,1.87,1.87
2017.07.21 10:11:00.658,1.29878,1.29882,1.00,1.00
2017.07.21 10:11:01.188,1.29877,1.29881,1.12,1.00
2017.07.21 10:11:01.432,1.29879,1.29881,1.19,1.00
2017.07.21 10:11:01.588,1.29877,1.29884,2.62,1.44
2017.07.21 10:11:01.690,1.29877,1.29884,3.37,1.87
2017.07.21 10:11:01.895,1.29877,1.29883,1.44,1.25
2017.07.21 10:11:02.412,1.29877,1.29883,1.44,1.25
2017.07.21 10:11:03.047,1.29874,1.2988,1.57,2.25
2017.07.21 10:11:03.150,1.29872,1.29878,1.25,4.69
2017.07.21 10:11:03.201,1.29871,1.29876,1.50,5.25
2017.07.21 10:11:03.509,1.29863,1.29869,1.25,2.25
2017.07.21 10:11:03.663,1.29861,1.29867,3.00,1.00
2017.07.21 10:11:03.977,1.29864,1.29868,1.25,1.00
2017.07.21 10:11:04.182,1.29868,1.29874,1.19,1.87
2017.07.21 10:11:05.054,1.29868,1.29875,1.00,6.94
2017.07.21 10:11:05.260,1.29867,1.29871,1.12,1.00
2017.07.21 10:11:05.469,1.29863,1.2987,1.19,1.87
2017.07.21 10:11:05.996,1.29862,1.29868,1.19,2.06
2017.07.21 10:11:06.616,1.29862,1.29868,1.25,1.31
2017.07.21 10:11:06.719,1.29864,1.29867,1.19,1.00
2017.07.21 10:11:06.872,1.29861,1.29868,3.19,1.69
2017.07.21 10:11:07.403,1.29862,1.29868,1.69,2.44
2017.07.21 10:11:07.556,1.29862,1.29868,1.87,3.19
2017.07.21 10:11:07.811,1.29862,1.29869,2.62,1.12
2017.07.21 10:11:08.373,1.29865,1.29873,1.69,5.62
2017.07.21 10:11:08.425,1.29865,1.29871,1.95,1.00
2017.07.21 10:11:08.527,1.29864,1.2987,2.89,1.25
2017.07.21 10:11:08.874,1.29864,1.2987,1.19,1.00
2017.07.21 10:11:09.027,1.29864,1.29869,1.25,1.25
2017.07.21 10:11:09.384,1.29864,1.29869,1.19,2.06
2017.07.21 10:11:09.486,1.29865,1.2987,3.75,1.00
2017.07.21 10:11:09.538,1.29866,1.29871,2.10,1.00
2017.07.21 10:11:09.816,1.29867,1.29873,1.87,1.50
2017.07.21 10:11:10.201,1.29867,1.29873,1.87,1.00
2017.07.21 10:11:10.510,1.29865,1.2987,1.12,1.00
2017.07.21 10:11:11.233,1.29862,1.29869,1.31,2.25
2017.07.21 10:11:11.726,1.29862,1.29868,1.12,1.00
2017.07.21 10:11:12.399,1.29864,1.29869,1.50,1.12
2017.07.21 10:11:12.708,1.29864,1.2987,2.44,1.00
2017.07.21 10:11:13.288,1.29864,1.29871,3.07,1.69
2017.07.21 10:11:13.816,1.29865,1.29871,1.50,1.25
2017.07.21 10:11:14.397,1.29866,1.29871,1.00,1.00
2017.07.21 10:11:14.955,1.29865,1.29871,1.50,1.00
2017.07.21 10:11:15.557,1.29864,1.2987,1.50,1.50
2017.07.21 10:11:16.117,1.29866,1.29871,1.00,2.81
2017.07.21 10:11:16.547,1.29864,1.29868,2.06,1.00
2017.07.21 10:11:18.037,1.29862,1.29866,2.44,1.00
2017.07.21 10:11:18.223,1.29859,1.29865,1.69,2.32
2017.07.21 10:11:18.580,1.29862,1.29865,1.00,2.51
2017.07.21 10:11:18.836,1.29865,1.29869,1.25,1.00
2017.07.21 10:11:18.939,1.29867,1.2987,1.00,1.00
2017.07.21 10:11:19.367,1.29866,1.29873,1.00,1.87
2017.07.21 10:11:19.894,1.29866,1.2987,1.00,1.00
2017.07.21 10:11:20.855,1.29867,1.29873,1.00,1.69
2017.07.21 10:11:21.406,1.29869,1.29873,1.00,1.69
2017.07.21 10:11:21.834,1.29872,1.29874,1.00,1.00
2017.07.21 10:11:21.886,1.29872,1.29876,1.00,1.00
2017.07.21 10:11:22.408,1.29871,1.29875,1.20,1.00
2017.07.21 10:11:22.613,1.29873,1.29878,1.00,1.25
2017.07.21 10:11:23.123,1.29873,1.29878,1.19,1.00
2017.07.21 10:11:23.831,1.29877,1.2988,1.00,1.50
2017.07.21 10:11:23.984,1.2988,1.29884,1.20,1.00
2017.07.21 10:11:24.036,1.29881,1.29886,1.25,1.50
2017.07.21 10:11:24.139,1.29886,1.29889,1.00,2.25
2017.07.21 10:11:24.410,1.29884,1.2989,1.31,2.89
2017.07.21 10:11:24.512,1.29882,1.2989,4.87,4.39
2017.07.21 10:11:24.819,1.29882,1.29885,2.44,1.00
2017.07.21 10:11:24.922,1.29882,1.29885,1.00,1.00
2017.07.21 10:11:24.974,1.29882,1.29888,1.25,2.14
2017.07.21 10:11:25.026,1.29879,1.29885,1.69,2.70
2017.07.21 10:11:25.282,1.29877,1.29881,1.25,1.00
2017.07.21 10:11:25.814,1.29878,1.29881,1.00,1.00
2017.07.21 10:11:27.206,1.29877,1.29881,1.00,1.00
2017.07.21 10:11:27.258,1.29876,1.29877,1.25,1.00
2017.07.21 10:11:27.310,1.29874,1.29877,1.50,1.00
2017.07.21 10:11:27.363,1.29871,1.29876,2.62,1.37
2017.07.21 10:11:27.518,1.2987,1.29874,1.69,1.00
2017.07.21 10:11:28.441,1.29869,1.29875,1.00,3.07
2017.07.21 10:11:28.595,1.29869,1.29873,1.19,1.00
2017.07.21 10:11:29.099,1.29869,1.29874,1.19,1.25
2017.07.21 10:11:29.372,1.29869,1.29874,1.25,2.06
2017.07.21 10:11:29.678,1.29869,1.29874,1.19,1.12
2017.07.21 10:11:30.188,1.2987,1.29874,1.25,1.12
2017.07.21 10:11:31.787,1.2987,1.29875,1.25,2.44
2017.07.21 10:11:32.289,1.29869,1.29875,1.25,2.44
2017.07.21 10:11:32.596,1.29869,1.29875,1.19,1.69
2017.07.21 10:11:32.800,1.29872,1.29877,1.00,2.81
2017.07.21 10:11:32.955,1.2987,1.29876,1.25,5.06
2017.07.21 10:11:33.187,1.29868,1.29874,1.00,5.44
2017.07.21 10:11:33.291,1.29868,1.29874,1.19,3.94
2017.07.21 10:11:33.761,1.29867,1.29874,1.31,2.25
2017.07.21 10:11:34.270,1.29867,1.29873,1.12,1.00
2017.07.21 10:11:34.541,1.29868,1.29873,1.19,1.25
2017.07.21 10:11:34.593,1.29867,1.29872,1.44,1.00
2017.07.21 10:11:34.746,1.29865,1.29871,1.44,1.12
2017.07.21 10:11:36.728,1.29858,1.29864,1.44,1.95
2017.07.21 10:11:37.248,1.2986,1.29865,1.25,2.81
2017.07.21 10:11:38.024,1.2986,1.29865,1.25,2.81
2017.07.21 10:11:38.177,1.2986,1.29865,1.25,2.44
2017.07.21 10:11:38.707,1.29857,1.29864,2.47,1.69
2017.07.21 10:11:39.787,1.29857,1.29864,1.87,2.06
2017.07.21 10:11:39.839,1.29857,1.29864,1.50,1.37
2017.07.21 10:11:39.992,1.29857,1.29864,1.37,2.06
2017.07.21 10:11:40.146,1.2986,1.29866,3.22,1.50
2017.07.21 10:11:40.356,1.29861,1.29867,1.37,1.12
2017.07.21 10:11:40.510,1.29859,1.29862,1.12,1.12
2017.07.21 10:11:41.326,1.29856,1.29862,2.25,1.87
2017.07.21 10:11:41.429,1.29856,1.2986,1.12,1.00
2017.07.21 10:11:41.751,1.29849,1.29854,1.87,1.00
2017.07.21 10:11:42.262,1.29851,1.29855,1.44,1.00
2017.07.21 10:11:44.140,1.2985,1.29857,1.87,1.37
2017.07.21 10:11:44.726,1.2985,1.29855,1.87,1.00
2017.07.21 10:11:46.637,1.2985,1.29857,4.87,1.37
2017.07.21 10:11:46.960,1.29855,1.29859,1.19,1.00
2017.07.21 10:11:47.012,1.29853,1.29857,1.12,1.00
2017.07.21 10:11:47.064,1.29853,1.29857,1.00,1.00
2017.07.21 10:11:47.217,1.2985,1.29855,2.25,1.00
2017.07.21 10:11:47.473,1.29852,1.29859,1.69,3.56
2017.07.21 10:11:47.526,1.29855,1.29859,1.31,1.25
2017.07.21 10:11:47.631,1.29857,1.29862,1.12,2.44
2017.07.21 10:11:48.728,1.29856,1.29862,3.37,1.12
2017.07.21 10:11:49.293,1.29857,1.29863,1.44,1.37
2017.07.21 10:11:49.989,1.29857,1.29864,1.87,1.62
2017.07.21 10:11:50.522,1.29857,1.29864,1.87,1.37
2017.07.21 10:11:51.288,1.29857,1.29864,1.87,1.62
2017.07.21 10:11:51.865,1.29857,1.29863,1.87,1.37
2017.07.21 10:11:52.374,1.29857,1.29861,1.25,1.00
2017.07.21 10:11:53.166,1.29856,1.29861,1.19,1.37
2017.07.21 10:11:53.821,1.29856,1.29861,1.25,1.37
2017.07.21 10:11:54.365,1.29854,1.2986,1.19,1.87
2017.07.21 10:11:54.884,1.29856,1.2986,1.00,1.87
2017.07.21 10:11:55.393,1.29854,1.2986,2.44,1.47
2017.07.21 10:11:56.105,1.29853,1.29859,2.44,1.87
2017.07.21 10:11:56.636,1.29852,1.2986,1.44,5.89
2017.07.21 10:11:57.177,1.29855,1.2986,1.00,3.37
2017.07.21 10:11:57.228,1.29855,1.2986,1.19,1.31
2017.07.21 10:11:58.664,1.29855,1.2986,1.12,1.12
2017.07.21 10:11:59.215,1.29855,1.2986,1.44,1.12
2017.07.21 10:11:59.749,1.29855,1.2986,1.44,1.37
2017.07.21 10:12:00.227,1.29855,1.29861,2.62,1.12
2017.07.21 10:12:00.278,1.29857,1.29861,1.25,1.00
2017.07.21 10:12:00.329,1.29857,1.29863,1.69,1.50
2017.07.21 10:12:00.381,1.29859,1.29863,1.25,1.00
2017.07.21 10:12:00.893,1.29857,1.29862,1.69,1.00
2017.07.21 10:12:01.309,1.29858,1.29864,1.50,1.00
2017.07.21 10:12:01.362,1.29858,1.29864,1.69,1.00
2017.07.21 10:12:01.550,1.29862,1.29867,2.62,1.00
2017.07.21 10:12:02.618,1.29861,1.29866,1.44,1.00
2017.07.21 10:12:03.017,1.2986,1.29864,1.25,1.00
2017.07.21 10:12:03.856,1.29859,1.29865,1.87,1.00
2017.07.21 10:12:06.416,1.29859,1.29865,1.95,1.00
2017.07.21 10:12:07.355,1.29863,1.29867,1.00,1.00
2017.07.21 10:12:07.560,1.29864,1.29871,2.32,1.87
2017.07.21 10:12:08.214,1.29865,1.29871,1.12,1.00
2017.07.21 10:12:08.856,1.29865,1.29872,1.87,1.25
2017.07.21 10:12:09.408,1.29865,1.29872,1.87,1.00
2017.07.21 10:12:10.237,1.29868,1.29872,1.00,1.00
2017.07.21 10:12:10.288,1.29868,1.29874,1.19,1.50
2017.07.21 10:12:10.799,1.29869,1.29875,1.00,2.25
2017.07.21 10:12:11.336,1.29869,1.29874,1.25,1.00
2017.07.21 10:12:11.878,1.29869,1.29875,1.87,1.50
2017.07.21 10:12:12.337,1.29871,1.29876,1.00,1.00
2017.07.21 10:12:12.439,1.29871,1.29878,1.87,1.50
2017.07.21 10:12:12.950,1.29871,1.29877,1.25,1.12
2017.07.21 10:12:13.189,1.29868,1.29875,3.00,2.81
2017.07.21 10:12:13.698,1.29869,1.29875,1.25,2.62
2017.07.21 10:12:14.220,1.29869,1.29875,1.44,2.44
2017.07.21 10:12:14.527,1.29866,1.29873,1.95,2.06
2017.07.21 10:12:15.115,1.29867,1.29873,1.69,2.06
2017.07.21 10:12:15.625,1.29868,1.29873,1.25,1.00
2017.07.21 10:12:15.961,1.29868,1.29873,1.19,1.00
2017.07.21 10:12:16.064,1.29869,1.29873,1.25,1.00
2017.07.21 10:12:16.238,1.29866,1.29873,2.70,1.87
2017.07.21 10:12:16.749,1.29866,1.29871,1.12,1.00
2017.07.21 10:12:17.320,1.29867,1.29871,1.25,1.12
2017.07.21 10:12:17.830,1.29866,1.2987,1.00,1.00
2017.07.21 10:12:18.339,1.29867,1.2987,1.00,1.00
2017.07.21 10:12:18.442,1.29869,1.29873,1.00,1.31
2017.07.21 10:12:18.965,1.29868,1.29873,1.25,1.12
2017.07.21 10:12:19.475,1.29868,1.29873,1.69,1.12
2017.07.21 10:12:19.781,1.29868,1.29875,2.44,1.25
2017.07.21 10:12:21.398,1.29869,1.29875,1.69,1.12
2017.07.21 10:12:21.653,1.29869,1.29875,1.69,1.31
2017.07.21 10:12:22.624,1.29871,1.29877,1.00,2.62
2017.07.21 10:12:22.932,1.29869,1.29874,1.50,1.50
2017.07.21 10:12:23.446,1.29869,1.29873,1.25,1.12
2017.07.21 10:12:23.550,1.29867,1.29872,1.76,1.00
2017.07.21 10:12:24.101,1.29868,1.29872,1.00,1.00
2017.07.21 10:12:24.945,1.2987,1.29872,1.25,1.00
2017.07.21 10:12:24.996,1.2987,1.29874,1.25,1.12
2017.07.21 10:12:25.512,1.2987,1.29875,2.14,1.12
2017.07.21 10:12:26.073,1.29871,1.29877,1.20,2.44
2017.07.21 10:12:26.651,1.29871,1.29877,1.20,2.25
2017.07.21 10:12:27.061,1.29873,1.29878,1.00,2.44
2017.07.21 10:12:27.428,1.29874,1.29878,1.69,1.50
2017.07.21 10:12:27.940,1.29874,1.29879,1.95,1.87
2017.07.21 10:12:28.449,1.29874,1.2988,2.32,4.31
2017.07.21 10:12:28.974,1.29874,1.2988,2.32,4.31
2017.07.21 10:12:30.207,1.29874,1.2988,1.57,2.44
2017.07.21 10:12:30.727,1.29874,1.2988,2.32,1.87
2017.07.21 10:12:31.881,1.29875,1.2988,1.00,2.06
2017.07.21 10:12:33.121,1.29875,1.2988,1.39,1.31
2017.07.21 10:12:35.457,1.29874,1.29881,2.32,2.25
2017.07.21 10:12:35.968,1.29874,1.2988,1.25,2.44
2017.07.21 10:12:38.713,1.29872,1.29877,2.89,1.00
2017.07.21 10:12:39.900,1.29873,1.29879,1.39,1.50
2017.07.21 10:12:40.409,1.29873,1.29879,1.39,1.00
2017.07.21 10:12:40.965,1.29873,1.29879,1.64,1.00
2017.07.21 10:12:41.917,1.29873,1.2988,1.39,3.00
2017.07.21 10:12:42.456,1.29873,1.2988,1.20,1.87
2017.07.21 10:12:43.135,1.29873,1.29878,1.20,1.00
2017.07.21 10:12:44.032,1.29873,1.29878,2.89,1.00
2017.07.21 10:12:45.275,1.29874,1.29878,1.19,1.00
2017.07.21 10:12:45.823,1.29874,1.29878,1.19,1.00
2017.07.21 10:12:48.236,1.29874,1.2988,1.19,1.50
2017.07.21 10:12:53.171,1.29874,1.2988,1.19,2.06
2017.07.21 10:12:54.228,1.29874,1.2988,1.10,3.56
2017.07.21 10:12:56.475,1.29874,1.29879,1.00,1.00
2017.07.21 10:12:57.150,1.29873,1.29879,1.69,1.00
2017.07.21 10:12:57.746,1.29872,1.29879,2.32,1.50
2017.07.21 10:12:58.523,1.29872,1.29878,2.32,1.00
2017.07.21 10:12:58.575,1.29872,1.29875,1.31,1.00
2017.07.21 10:12:58.798,1.29869,1.29874,1.39,1.00
2017.07.21 10:12:59.408,1.29868,1.29874,4.39,1.00
2017.07.21 10:12:59.919,1.29868,1.29875,5.51,1.00
2017.07.21 10:13:05.602,1.29868,1.29874,4.76,1.00
2017.07.21 10:13:06.166,1.2987,1.29875,1.01,1.00
2017.07.21 10:13:07.406,1.2987,1.29875,1.76,1.00
2017.07.21 10:13:08.014,1.29871,1.29875,1.39,1.00
2017.07.21 10:13:08.523,1.29868,1.29874,1.64,1.69
2017.07.21 10:13:09.898,1.29867,1.29874,3.82,1.50
2017.07.21 10:13:10.826,1.29867,1.29874,2.32,2.52
2017.07.21 10:13:11.042,1.29867,1.29872,1.10,2.44
2017.07.21 10:13:11.613,1.29866,1.29871,1.70,1.00
2017.07.21 10:13:11.817,1.29865,1.29869,1.31,1.21
2017.07.21 10:13:11.971,1.29861,1.29866,2.51,1.00
2017.07.21 10:13:12.125,1.29861,1.29867,1.76,1.12
2017.07.21 10:13:13.624,1.29867,1.29872,1.31,1.25
2017.07.21 10:13:13.727,1.29871,1.29875,1.69,1.69
2017.07.21 10:13:13.781,1.29872,1.29876,1.25,1.87
2017.07.21 10:13:15.528,1.29871,1.29877,2.32,1.50
2017.07.21 10:13:15.785,1.29871,1.29877,3.07,1.50
2017.07.21 10:13:15.836,1.29871,1.29877,3.07,1.50
2017.07.21 10:13:16.368,1.29871,1.29877,4.57,1.00
2017.07.21 10:13:16.906,1.29871,1.29878,3.82,2.25
2017.07.21 10:13:17.651,1.2987,1.29876,4.01,1.00
2017.07.21 10:13:17.754,1.29869,1.29875,2.14,1.50
2017.07.21 10:13:18.265,1.29868,1.29874,3.45,1.00
2017.07.21 10:13:18.794,1.29869,1.29874,2.14,1.00
2017.07.21 10:13:19.151,1.29869,1.29876,1.64,1.69
2017.07.21 10:13:20.162,1.29869,1.29875,1.64,1.00
2017.07.21 10:13:21.725,1.29868,1.29875,3.45,1.50
2017.07.21 10:13:22.242,1.29868,1.29874,1.95,1.69
2017.07.21 10:13:22.505,1.2987,1.29874,1.39,1.00
2017.07.21 10:13:22.862,1.29868,1.29873,2.32,1.00
2017.07.21 10:13:23.374,1.29868,1.29873,1.10,1.00
2017.07.21 10:13:23.899,1.29866,1.29871,2.14,1.00
2017.07.21 10:13:25.536,1.29867,1.29873,1.76,1.69
2017.07.21 10:13:25.588,1.2987,1.29873,1.25,1.00
2017.07.21 10:13:25.895,1.2987,1.29875,1.39,1.25
2017.07.21 10:13:26.403,1.29869,1.29874,1.76,1.00
2017.07.21 10:13:27.130,1.29869,1.29873,2.06,1.50
2017.07.21 10:13:27.640,1.29867,1.29873,1.39,1.50
2017.07.21 10:13:28.512,1.29869,1.29873,1.25,2.44
2017.07.21 10:13:29.269,1.29868,1.29873,1.39,2.44
2017.07.21 10:13:29.819,1.29868,1.29873,1.29,1.50
2017.07.21 10:13:30.023,1.29866,1.29872,4.39,1.00
2017.07.21 10:13:30.150,1.29866,1.29872,3.64,1.00
2017.07.21 10:13:30.304,1.29869,1.29875,1.19,4.69
2017.07.21 10:13:30.712,1.29872,1.29876,1.00,1.19
2017.07.21 10:13:30.763,1.29872,1.29877,1.50,2.25
2017.07.21 10:13:31.221,1.29875,1.29879,1.25,1.50
2017.07.21 10:13:31.797,1.29875,1.2988,2.44,1.31
2017.07.21 10:13:32.431,1.29873,1.2988,4.20,2.81
2017.07.21 10:13:32.831,1.29875,1.2988,1.69,3.94
2017.07.21 10:13:33.768,1.29875,1.2988,1.69,1.50
2017.07.21 10:13:34.304,1.29874,1.2988,3.64,1.87
2017.07.21 10:13:35.001,1.29877,1.2988,1.69,1.87
2017.07.21 10:13:35.155,1.29882,1.29886,1.12,1.50
2017.07.21 10:13:35.206,1.29884,1.29888,1.00,1.87
2017.07.21 10:13:35.744,1.29885,1.29888,1.00,1.50
2017.07.21 10:13:35.796,1.29883,1.29888,1.00,1.50
2017.07.21 10:13:36.307,1.29881,1.29888,1.76,2.06
2017.07.21 10:13:36.613,1.2988,1.29887,3.19,1.69
2017.07.21 10:13:39.515,1.2988,1.29886,1.12,1.31
2017.07.21 10:13:40.397,1.2988,1.29886,1.19,2.06
2017.07.21 10:13:40.915,1.2988,1.29886,1.69,2.06
2017.07.21 10:13:41.579,1.29881,1.29886,1.00,2.06
2017.07.21 10:13:42.088,1.29882,1.29886,1.00,1.50
2017.07.21 10:13:43.005,1.29882,1.29887,3.94,1.87
2017.07.21 10:13:44.107,1.29883,1.29888,1.50,1.37
2017.07.21 10:13:44.800,1.29883,1.29889,1.31,2.06
2017.07.21 10:13:45.911,1.29883,1.29889,1.31,1.37
2017.07.21 10:13:46.227,1.29886,1.2989,1.31,1.87
2017.07.21 10:13:46.484,1.29885,1.29889,1.69,1.12
2017.07.21 10:13:47.208,1.29885,1.2989,3.56,1.00
2017.07.21 10:13:47.413,1.29886,1.29891,1.31,1.00
2017.07.21 10:13:48.020,1.29886,1.29892,1.19,1.00
2017.07.21 10:13:48.629,1.29886,1.29892,2.06,1.00
2017.07.21 10:13:49.918,1.29886,1.29892,2.44,1.50
2017.07.21 10:13:49.971,1.29886,1.29892,1.69,1.50
2017.07.21 10:13:50.660,1.29887,1.29892,1.19,1.50
2017.07.21 10:13:51.016,1.29887,1.29893,1.25,2.42
2017.07.21 10:13:51.169,1.29887,1.29893,1.19,1.67
2017.07.21 10:13:52.108,1.29887,1.29894,1.69,2.05
2017.07.21 10:13:52.887,1.29886,1.29894,4.76,1.12
2017.07.21 10:13:53.424,1.29891,1.29894,1.25,1.00
2017.07.21 10:13:53.475,1.29891,1.29897,1.69,1.31
2017.07.21 10:13:53.629,1.29891,1.29898,3.19,1.00
2017.07.21 10:13:53.936,1.2989,1.29896,3.00,1.50
2017.07.21 10:13:54.524,1.29892,1.29897,1.00,1.00
2017.07.21 10:13:55.033,1.29891,1.29898,1.00,1.57
2017.07.21 10:13:55.543,1.2989,1.29897,3.19,1.00
2017.07.21 10:13:56.270,1.2989,1.29897,6.37,1.00
2017.07.21 10:13:56.783,1.29891,1.29898,3.19,3.26
2017.07.21 10:13:57.214,1.29893,1.29898,1.00,1.00
2017.07.21 10:13:58.098,1.29892,1.29898,6.19,1.00
2017.07.21 10:13:58.405,1.2989,1.29894,1.00,1.25
2017.07.21 10:13:58.794,1.29895,1.29896,1.00,1.25
2017.07.21 10:13:58.897,1.29896,1.29899,3.37,1.25
2017.07.21 10:13:58.948,1.299,1.29902,1.25,1.00
2017.07.21 10:13:59.000,1.299,1.29904,1.25,1.69
2017.07.21 10:13:59.052,1.29902,1.29904,1.00,1.00
2017.07.21 10:13:59.104,1.29903,1.29909,1.69,4.69
2017.07.21 10:13:59.572,1.299,1.29905,1.37,1.25
2017.07.21 10:13:59.675,1.29899,1.29905,2.62,1.25
2017.07.21 10:14:00.187,1.29898,1.29904,1.00,1.76
2017.07.21 10:14:01.600,1.29897,1.29904,1.25,1.69
2017.07.21 10:14:02.244,1.29898,1.29904,1.50,1.25
2017.07.21 10:14:02.774,1.29899,1.29901,1.00,1.00
2017.07.21 10:14:02.878,1.29897,1.299,1.31,1.00
2017.07.21 10:14:03.033,1.29893,1.29898,2.06,1.00
2017.07.21 10:14:03.237,1.29893,1.299,3.19,1.50
2017.07.21 10:14:03.832,1.29895,1.299,1.00,2.44
2017.07.21 10:14:04.355,1.29894,1.29899,1.25,1.00
2017.07.21 10:14:04.902,1.29894,1.29899,2.51,1.00
2017.07.21 10:14:05.056,1.29895,1.29901,2.14,1.00
2017.07.21 10:14:05.573,1.29896,1.29902,2.14,2.06
2017.07.21 10:14:08.249,1.29896,1.29902,1.57,1.50
2017.07.21 10:14:08.352,1.299,1.29903,1.69,1.25
2017.07.21 10:14:08.403,1.299,1.29905,1.57,2.25
2017.07.21 10:14:09.465,1.29899,1.29903,1.39,1.00
2017.07.21 10:14:09.722,1.29893,1.29898,1.76,1.00
2017.07.21 10:14:09.876,1.29895,1.29899,1.00,1.50
2017.07.21 10:14:10.387,1.29893,1.29899,2.14,1.00
2017.07.21 10:14:11.769,1.29892,1.29898,2.70,1.00
2017.07.21 10:14:15.101,1.29893,1.29898,1.76,1.50
2017.07.21 10:14:15.203,1.29893,1.29898,1.20,1.00
2017.07.21 10:14:15.908,1.29893,1.29898,1.95,1.00
2017.07.21 10:14:16.455,1.29893,1.29899,1.95,1.50
2017.07.21 10:14:18.004,1.29898,1.299,1.00,1.25
2017.07.21 10:14:18.056,1.29897,1.29902,1.00,1.69
2017.07.21 10:14:18.211,1.29898,1.29903,1.39,1.31
2017.07.21 10:14:18.428,1.29901,1.29904,1.25,1.00
2017.07.21 10:14:19.357,1.29901,1.29905,1.00,1.31
2017.07.21 10:14:21.608,1.299,1.29902,1.25,1.00
2017.07.21 10:14:21.778,1.29896,1.29902,1.69,2.06
2017.07.21 10:14:21.881,1.29901,1.29903,1.00,1.12
2017.07.21 10:14:22.086,1.29904,1.29909,1.00,3.00
2017.07.21 10:14:22.545,1.29906,1.29909,1.00,3.00
2017.07.21 10:14:23.024,1.29904,1.29909,1.69,3.00
2017.07.21 10:14:25.468,1.29905,1.2991,1.00,2.25
2017.07.21 10:14:26.967,1.29906,1.2991,1.00,2.06
2017.07.21 10:14:27.275,1.29904,1.2991,1.00,1.31
2017.07.21 10:14:27.826,1.29904,1.29909,1.00,1.00
2017.07.21 10:14:27.971,1.29904,1.29907,1.00,1.00
2017.07.21 10:14:28.482,1.29903,1.29907,1.00,1.00
2017.07.21 10:14:30.018,1.29905,1.29907,1.00,1.00
2017.07.21 10:14:30.121,1.29905,1.29909,1.00,1.00
2017.07.21 10:14:30.634,1.29906,1.29909,1.00,1.00
2017.07.21 10:14:31.156,1.29906,1.2991,1.00,1.12
2017.07.21 10:14:35.469,1.29906,1.29911,1.00,2.06
2017.07.21 10:14:36.607,1.29907,1.29911,1.00,1.31
2017.07.21 10:14:38.463,1.29907,1.29912,1.50,1.25
2017.07.21 10:14:39.505,1.29909,1.29913,1.00,1.25
2017.07.21 10:14:40.015,1.29908,1.29913,1.00,1.25
2017.07.21 10:14:40.575,1.29909,1.29913,1.00,1.25
2017.07.21 10:14:40.953,1.29913,1.29918,1.00,1.69
2017.07.21 10:14:41.500,1.29914,1.29918,1.00,1.69
2017.07.21 10:14:41.966,1.29913,1.29919,3.75,1.69
2017.07.21 10:14:42.018,1.29915,1.2992,1.00,1.19
2017.07.21 10:14:42.565,1.29916,1.2992,1.25,1.19
2017.07.21 10:14:42.931,1.29917,1.29922,1.00,1.87
2017.07.21 10:14:43.084,1.29919,1.29923,1.00,1.25
2017.07.21 10:14:43.685,1.2992,1.29923,1.12,1.00
2017.07.21 10:14:44.218,1.2992,1.29925,1.00,2.44
2017.07.21 10:14:44.830,1.29924,1.29927,1.00,1.19
2017.07.21 10:14:44.881,1.29925,1.29928,3.07,1.25
2017.07.21 10:14:45.117,1.29929,1.29931,1.25,1.62
2017.07.21 10:14:45.169,1.29929,1.29934,1.25,1.00
2017.07.21 10:14:45.731,1.29927,1.29934,1.20,2.62
2017.07.21 10:14:45.833,1.29927,1.29934,1.12,3.75
2017.07.21 10:14:46.304,1.2993,1.29935,1.00,1.87
2017.07.21 10:14:47.511,1.29931,1.29935,1.00,2.81
2017.07.21 10:14:48.023,1.2993,1.29935,1.00,2.25
2017.07.21 10:14:48.329,1.29932,1.29937,1.00,1.37
2017.07.21 10:14:48.534,1.2993,1.29935,2.44,1.50
2017.07.21 10:14:49.046,1.2993,1.29935,1.00,1.31
2017.07.21 10:14:49.554,1.29928,1.29933,1.31,1.00
2017.07.21 10:14:49.864,1.29926,1.29931,1.69,1.00
2017.07.21 10:14:50.223,1.29928,1.29933,1.00,1.19
2017.07.21 10:14:50.751,1.29925,1.29932,3.45,1.50
2017.07.21 10:14:51.260,1.29927,1.29933,1.10,1.50
2017.07.21 10:14:51.802,1.29926,1.29933,4.95,1.00
2017.07.21 10:14:52.308,1.29927,1.29934,2.32,1.00
2017.07.21 10:14:52.615,1.29926,1.29932,3.82,1.00
2017.07.21 10:14:53.182,1.29928,1.29933,1.00,3.19
2017.07.21 10:14:53.590,1.29926,1.29931,3.37,1.00
2017.07.21 10:14:54.251,1.29926,1.2993,2.44,1.00
2017.07.21 10:14:54.303,1.29927,1.29932,2.06,2.81
2017.07.21 10:14:54.406,1.29927,1.2993,1.62,1.50
2017.07.21 10:14:54.545,1.29925,1.29929,2.62,1.00
2017.07.21 10:14:54.596,1.29923,1.29927,1.94,1.50
2017.07.21 10:14:55.107,1.29923,1.29927,1.19,1.50
2017.07.21 10:14:55.703,1.29923,1.29926,1.19,1.00
2017.07.21 10:14:55.758,1.29923,1.29928,1.19,1.69
2017.07.21 10:14:55.966,1.29922,1.29925,1.69,1.00
2017.07.21 10:14:56.070,1.29922,1.29927,1.19,1.76
2017.07.21 10:14:56.122,1.29922,1.29924,1.69,1.25
2017.07.21 10:14:56.174,1.29922,1.29924,1.00,1.25
2017.07.21 10:14:56.226,1.29919,1.29926,2.25,1.69
2017.07.21 10:14:56.482,1.29919,1.29924,3.00,1.00
2017.07.21 10:14:57.772,1.2992,1.29925,1.12,1.00
2017.07.21 10:14:58.295,1.2992,1.29925,1.50,1.69
2017.07.21 10:14:58.600,1.29919,1.29923,1.37,1.00
2017.07.21 10:14:59.124,1.29919,1.29923,1.37,1.00
2017.07.21 10:15:00.242,1.29919,1.29923,1.37,1.00
2017.07.21 10:15:00.459,1.2992,1.29925,1.87,1.69
2017.07.21 10:15:00.665,1.29921,1.29925,2.81,1.00
2017.07.21 10:15:00.972,1.2992,1.29925,1.12,1.69
2017.07.21 10:15:06.427,1.29918,1.29925,2.25,1.69
2017.07.21 10:15:06.638,1.29918,1.29923,2.25,1.00
2017.07.21 10:15:06.792,1.29919,1.29925,1.50,1.25
2017.07.21 10:15:08.632,1.29918,1.29926,3.37,3.19
2017.07.21 10:15:09.957,1.29921,1.29926,1.00,2.25
2017.07.21 10:15:10.499,1.29921,1.29925,1.00,1.00
2017.07.21 10:15:11.036,1.2992,1.29924,1.25,1.00
2017.07.21 10:15:12.014,1.29918,1.29922,1.69,1.00
2017.07.21 10:15:12.556,1.29918,1.29921,1.69,1.00
2017.07.21 10:15:13.401,1.29915,1.29921,5.70,1.00
2017.07.21 10:15:13.935,1.29916,1.29922,1.69,1.00
2017.07.21 10:15:14.588,1.29916,1.29923,2.81,1.69
2017.07.21 10:15:14.691,1.29917,1.29923,3.07,1.00
2017.07.21 10:15:15.521,1.29919,1.29924,1.19,1.25
2017.07.21 10:15:16.052,1.29919,1.29925,1.25,1.69
2017.07.21 10:15:16.562,1.29918,1.29925,1.69,1.69
2017.07.21 10:15:16.869,1.29916,1.29922,1.44,1.00
2017.07.21 10:15:17.583,1.29916,1.29922,2.25,1.00
2017.07.21 10:15:18.086,1.29916,1.29922,3.07,1.00
2017.07.21 10:15:18.190,1.29916,1.2992,1.12,1.00
2017.07.21 10:15:18.394,1.29914,1.29919,1.87,1.00
2017.07.21 10:15:18.496,1.29915,1.2992,1.19,1.00
2017.07.21 10:15:19.139,1.29915,1.2992,1.25,1.00
2017.07.21 10:15:20.159,1.29914,1.2992,1.25,2.62
2017.07.21 10:15:21.660,1.29914,1.29921,1.44,5.81
2017.07.21 10:15:22.180,1.29914,1.2992,1.25,1.12
2017.07.21 10:15:22.807,1.29914,1.2992,1.25,2.44
2017.07.21 10:15:23.141,1.29913,1.29916,1.00,1.69
2017.07.21 10:15:23.295,1.29909,1.29914,1.12,1.00
2017.07.21 10:15:24.830,1.29912,1.29915,1.00,2.62
2017.07.21 10:15:24.932,1.29908,1.29914,1.50,1.00
2017.07.21 10:15:25.035,1.2991,1.29916,2.81,1.25
2017.07.21 10:15:25.086,1.29912,1.29918,1.00,2.81
2017.07.21 10:15:25.138,1.29914,1.29919,1.00,1.12
2017.07.21 10:15:25.440,1.29919,1.29923,1.00,1.69
2017.07.21 10:15:25.648,1.29921,1.29926,1.31,1.12
2017.07.21 10:15:25.752,1.29923,1.29927,1.50,1.00
2017.07.21 10:15:26.058,1.29924,1.29928,1.37,1.00
2017.07.21 10:15:26.757,1.29924,1.2993,1.87,2.62
2017.07.21 10:15:27.792,1.29925,1.29931,1.87,1.37
2017.07.21 10:15:27.843,1.29925,1.29932,5.25,1.50
2017.07.21 10:15:27.895,1.29927,1.29933,1.25,1.25
2017.07.21 10:15:28.421,1.29927,1.29933,3.37,1.00
2017.07.21 10:15:32.346,1.29928,1.29934,1.12,2.25
2017.07.21 10:15:32.501,1.2993,1.29935,1.25,1.20
2017.07.21 10:15:32.759,1.2993,1.29936,2.06,1.00
2017.07.21 10:15:33.752,1.29931,1.29937,1.00,1.12
2017.07.21 10:15:34.098,1.29931,1.29937,1.00,1.69
2017.07.21 10:15:35.335,1.29929,1.29935,2.62,1.19
2017.07.21 10:15:35.844,1.29928,1.29933,3.37,1.00
2017.07.21 10:15:36.394,1.29927,1.29933,3.19,2.44
2017.07.21 10:15:38.061,1.29929,1.29934,1.19,1.00
2017.07.21 10:15:38.783,1.29929,1.29934,1.25,1.00
2017.07.21 10:15:39.241,1.29929,1.29932,1.00,1.00
2017.07.21 10:15:39.929,1.29928,1.29932,1.25,1.00
2017.07.21 10:15:43.716,1.29928,1.29931,1.00,1.00
2017.07.21 10:15:44.022,1.29926,1.29929,1.87,1.00
2017.07.21 10:15:44.550,1.29923,1.29928,1.31,1.00
2017.07.21 10:15:46.551,1.29923,1.29927,1.12,1.00
2017.07.21 10:15:46.909,1.29922,1.29924,1.69,1.00
2017.07.21 10:15:46.960,1.2992,1.29924,2.44,1.00
2017.07.21 10:15:48.968,1.29921,1.29922,1.00,1.00
2017.07.21 10:15:49.158,1.29916,1.2992,1.69,1.25
2017.07.21 10:15:49.210,1.29916,1.29918,1.00,1.00
2017.07.21 10:15:49.363,1.29913,1.29917,1.69,1.00
2017.07.21 10:15:49.873,1.29914,1.29917,1.19,1.00
2017.07.21 10:15:50.377,1.29911,1.29915,1.50,1.00
2017.07.21 10:15:50.889,1.2991,1.29916,6.00,1.00
2017.07.21 10:15:51.042,1.29911,1.29917,1.50,1.00
2017.07.21 10:15:51.348,1.29915,1.2992,1.44,1.69
2017.07.21 10:15:51.622,1.29918,1.29922,1.25,1.25
2017.07.21 10:15:52.132,1.29918,1.29921,3.94,1.00
2017.07.21 10:15:52.457,1.29918,1.29923,1.69,1.50
2017.07.21 10:15:53.051,1.29918,1.29922,5.62,1.00
2017.07.21 10:15:53.811,1.2992,1.29923,1.00,2.44
2017.07.21 10:15:54.313,1.29919,1.29923,1.87,1.50
2017.07.21 10:15:55.477,1.29919,1.29924,1.12,1.50
2017.07.21 10:15:55.529,1.29921,1.29924,1.00,1.00
2017.07.21 10:15:55.684,1.29921,1.29926,1.25,1.25
2017.07.21 10:15:55.932,1.29921,1.29926,1.69,2.44
2017.07.21 10:15:56.136,1.29921,1.29926,1.25,1.69
2017.07.21 10:15:56.647,1.29922,1.29926,1.00,2.44
2017.07.21 10:15:57.189,1.29923,1.29929,1.00,1.37
2017.07.21 10:15:57.241,1.29925,1.29929,1.00,1.19
2017.07.21 10:15:57.293,1.29926,1.29929,1.00,1.19
2017.07.21 10:15:57.500,1.29923,1.29928,4.87,1.00
2017.07.21 10:15:57.552,1.29923,1.29926,1.87,1.00
2017.07.21 10:15:57.773,1.29921,1.29924,1.25,1.00
2017.07.21 10:15:57.876,1.29921,1.29926,1.25,1.69
2017.07.21 10:15:58.234,1.2992,1.29925,1.69,1.69
2017.07.21 10:15:58.764,1.2992,1.29925,1.00,2.44
2017.07.21 10:15:59.426,1.2992,1.29925,1.00,2.44
2017.07.21 10:16:00.229,1.2992,1.29925,1.00,3.19
2017.07.21 10:16:00.967,1.29922,1.29925,1.00,1.00
2017.07.21 10:16:01.433,1.29922,1.29923,1.00,1.00
2017.07.21 10:16:01.485,1.2992,1.29923,1.00,1.00
2017.07.21 10:16:02.023,1.29919,1.29923,1.00,1.00
2017.07.21 10:16:02.551,1.29919,1.29925,1.00,1.69
2017.07.21 10:16:03.077,1.2992,1.29925,2.44,1.50
2017.07.21 10:16:03.641,1.2992,1.29925,1.69,1.50
2017.07.21 10:16:03.896,1.29922,1.29928,1.50,4.12
2017.07.21 10:16:04.405,1.29923,1.29927,1.00,1.25
2017.07.21 10:16:04.942,1.29923,1.29928,1.00,1.25
2017.07.21 10:16:05.147,1.29925,1.2993,1.00,1.44
2017.07.21 10:16:05.657,1.29925,1.2993,1.87,1.00
2017.07.21 10:16:05.708,1.29926,1.29933,1.12,3.00
2017.07.21 10:16:06.050,1.29928,1.29933,1.50,1.37
2017.07.21 10:16:06.356,1.29929,1.29933,1.19,1.25
2017.07.21 10:16:06.963,1.29931,1.29936,1.12,1.69
2017.07.21 10:16:07.473,1.29931,1.29936,4.12,1.00
2017.07.21 10:16:08.080,1.29931,1.29934,1.69,1.00
2017.07.21 10:16:08.595,1.29928,1.29933,2.44,1.50
2017.07.21 10:16:09.841,1.29928,1.29934,1.37,1.25
2017.07.21 10:16:10.732,1.29928,1.29935,1.37,1.00
2017.07.21 10:16:13.433,1.29929,1.29934,1.19,1.00
2017.07.21 10:16:13.734,1.29928,1.29932,2.44,1.00
2017.07.21 10:16:13.785,1.29928,1.29934,3.37,2.44
2017.07.21 10:16:14.294,1.29929,1.29935,1.44,1.50
2017.07.21 10:16:14.883,1.29928,1.29933,1.87,1.00
2017.07.21 10:16:15.212,1.29929,1.29935,1.44,3.00
2017.07.21 10:16:15.519,1.29929,1.29933,1.44,1.00
2017.07.21 10:16:15.825,1.29928,1.29929,1.00,1.00
2017.07.21 10:16:16.328,1.29926,1.29929,1.69,1.69
2017.07.21 10:16:16.991,1.29924,1.29926,1.25,1.00
2017.07.21 10:16:18.132,1.29922,1.29926,2.06,1.69
2017.07.21 10:16:21.394,1.29922,1.29927,1.50,1.69
2017.07.21 10:16:22.215,1.29924,1.29928,1.44,1.69
2017.07.21 10:16:22.760,1.29924,1.29928,1.87,1.00
2017.07.21 10:16:23.867,1.29924,1.29928,1.12,1.69
2017.07.21 10:16:24.326,1.29924,1.29927,1.25,1.00
2017.07.21 10:16:24.849,1.29923,1.29928,1.31,1.69
2017.07.21 10:16:25.155,1.29922,1.29925,1.19,1.00
2017.07.21 10:16:26.006,1.29922,1.29925,2.62,1.00
2017.07.21 10:16:26.261,1.29922,1.29926,2.62,1.69
2017.07.21 10:16:26.617,1.29922,1.29928,1.50,1.69
2017.07.21 10:16:27.025,1.29923,1.29926,1.37,1.00
2017.07.21 10:16:27.335,1.29923,1.29928,1.37,1.69
2017.07.21 10:16:27.844,1.29923,1.29927,1.37,1.00
2017.07.21 10:16:28.251,1.29922,1.29927,4.50,1.00
2017.07.21 10:16:28.520,1.29922,1.29927,3.75,1.00
2017.07.21 10:16:28.928,1.29922,1.29926,3.37,1.00
2017.07.21 10:16:29.295,1.29922,1.29927,2.06,1.69
2017.07.21 10:16:31.053,1.29922,1.29924,1.69,1.00
2017.07.21 10:16:31.105,1.29922,1.29923,1.00,1.00
2017.07.21 10:16:39.510,1.2992,1.29921,1.00,1.00
2017.07.21 10:16:40.580,1.2992,1.29922,1.69,1.69
2017.07.21 10:16:41.093,1.2992,1.29923,1.87,1.00
2017.07.21 10:16:42.385,1.2992,1.29922,1.87,1.00
2017.07.21 10:16:44.361,1.2992,1.29923,1.69,1.69
2017.07.21 10:16:44.702,1.2992,1.29922,1.00,1.00
2017.07.21 10:16:45.241,1.29917,1.29922,1.44,1.37
2017.07.21 10:16:45.751,1.29917,1.29922,1.50,1.12
2017.07.21 10:16:46.750,1.29917,1.29922,1.37,1.37
2017.07.21 10:16:50.702,1.29917,1.29922,2.06,2.06
2017.07.21 10:16:50.855,1.29918,1.29924,1.57,1.31
2017.07.21 10:16:50.906,1.29919,1.29925,1.81,1.87
2017.07.21 10:16:51.569,1.29919,1.29924,1.50,1.50
2017.07.21 10:16:52.583,1.29919,1.29922,1.19,1.00
2017.07.21 10:16:57.489,1.29919,1.29923,1.19,1.50
2017.07.21 10:16:58.001,1.29919,1.29922,1.19,1.00
2017.07.21 10:16:58.558,1.29919,1.29923,1.19,1.50
2017.07.21 10:17:00.775,1.29918,1.29923,1.69,1.12
2017.07.21 10:17:04.195,1.29918,1.29923,1.37,1.00
2017.07.21 10:17:04.704,1.29919,1.29924,1.44,1.69
2017.07.21 10:17:06.207,1.29918,1.29923,2.25,1.00
2017.07.21 10:17:07.806,1.29918,1.29922,2.25,1.00
2017.07.21 10:17:08.320,1.29918,1.29922,1.37,1.00
2017.07.21 10:17:09.702,1.29918,1.2992,1.87,1.00
2017.07.21 10:17:09.857,1.29915,1.29919,1.56,2.44
2017.07.21 10:17:09.908,1.29913,1.29915,1.69,1.00
2017.07.21 10:17:09.960,1.29912,1.29916,1.56,1.25
2017.07.21 10:17:10.475,1.29912,1.29915,1.69,1.00
2017.07.21 10:17:11.742,1.29912,1.29917,1.69,1.25
2017.07.21 10:17:12.256,1.29912,1.29918,1.69,1.50
2017.07.21 10:17:13.078,1.29912,1.29917,1.69,1.00
2017.07.21 10:17:14.274,1.29912,1.29917,1.69,1.87
2017.07.21 10:17:14.783,1.29912,1.29917,1.69,1.00
2017.07.21 10:17:15.306,1.29912,1.29918,1.69,1.50
2017.07.21 10:17:15.460,1.29913,1.2992,1.87,3.00
2017.07.21 10:17:15.654,1.29917,1.29924,2.62,1.75
2017.07.21 10:17:15.960,1.29919,1.29925,1.19,2.44
2017.07.21 10:17:16.471,1.29919,1.29925,1.25,1.69
2017.07.21 10:17:16.777,1.2992,1.29926,1.19,1.69
2017.07.21 10:17:17.305,1.2992,1.29926,1.69,1.19
2017.07.21 10:17:17.864,1.2992,1.29926,1.19,1.19
2017.07.21 10:17:18.578,1.2992,1.29925,1.25,1.25
2017.07.21 10:17:18.966,1.2992,1.29927,3.37,1.19
2017.07.21 10:17:19.017,1.29922,1.29929,2.06,4.87
2017.07.21 10:17:19.119,1.29923,1.2993,1.87,1.69
2017.07.21 10:17:20.255,1.29923,1.29931,2.62,1.87
2017.07.21 10:17:21.019,1.29924,1.2993,1.12,1.19
2017.07.21 10:17:24.008,1.29924,1.2993,1.44,1.31
2017.07.21 10:17:24.314,1.29928,1.29934,1.25,2.62
2017.07.21 10:17:24.858,1.29928,1.29935,1.31,1.19
2017.07.21 10:17:25.421,1.29928,1.29935,2.62,1.19
2017.07.21 10:17:25.575,1.2993,1.29936,1.00,2.32
2017.07.21 10:17:26.031,1.29928,1.29936,1.31,1.57
2017.07.21 10:17:26.083,1.2993,1.29936,1.00,1.57
2017.07.21 10:17:26.985,1.29928,1.29934,1.87,1.00
2017.07.21 10:17:27.088,1.29927,1.29932,1.25,1.00
2017.07.21 10:17:27.639,1.29926,1.29932,1.25,1.76
2017.07.21 10:17:27.946,1.29924,1.29929,1.00,1.31
2017.07.21 10:17:28.457,1.29922,1.29928,1.19,2.62
2017.07.21 10:17:28.991,1.29922,1.29929,1.69,3.19
2017.07.21 10:17:29.500,1.29922,1.29928,1.69,1.00
2017.07.21 10:17:30.137,1.29925,1.2993,1.25,1.50
2017.07.21 10:17:30.647,1.29924,1.29929,1.00,1.25
2017.07.21 10:17:31.226,1.29922,1.29929,3.94,1.87
2017.07.21 10:17:31.902,1.29922,1.29929,3.19,2.70
2017.07.21 10:17:32.157,1.2992,1.29926,3.75,1.25
2017.07.21 10:17:32.644,1.29926,1.29931,1.00,1.39
2017.07.21 10:17:33.053,1.29924,1.2993,2.32,1.25
2017.07.21 10:17:33.104,1.29924,1.29928,1.31,1.19
2017.07.21 10:17:33.412,1.29922,1.29928,1.12,1.25
