2017.04.04 03:00:01.760,1.18015,1.18018,1.00,1.00
2017.04.04 03:00:02.286,1.18015,1.18019,1.00,1.00
2017.04.04 03:00:03.296,1.18014,1.18019,1.12,1.00
2017.04.04 03:00:03.889,1.18015,1.18019,1.00,1.00
2017.04.04 03:00:11.178,1.18015,1.18018,2.25,1.00
2017.04.04 03:00:12.563,1.18015,1.18019,2.25,1.31
2017.04.04 03:00:17.413,1.18015,1.18018,1.50,1.00
2017.04.04 03:00:17.915,1.18014,1.18017,1.00,1.00
2017.04.04 03:00:18.471,1.18014,1.18019,1.50,2.06
2017.04.04 03:00:18.522,1.18016,1.18019,1.00,1.00
2017.04.04 03:00:18.573,1.18014,1.18019,1.00,1.00
2017.04.04 03:00:18.725,1.18016,1.1802,1.50,1.00
2017.04.04 03:00:19.346,1.18015,1.18019,1.12,1.69
2017.04.04 03:00:19.397,1.18012,1.18018,1.37,1.00
2017.04.04 03:00:19.852,1.18013,1.1802,3.00,1.00
2017.04.04 03:00:20.380,1.18015,1.1802,1.00,1.00
2017.04.04 03:00:20.920,1.18015,1.18021,1.12,2.25
2017.04.04 03:00:22.611,1.18016,1.18021,1.00,1.00
2017.04.04 03:00:23.355,1.18016,1.1802,1.00,1.50
2017.04.04 03:00:23.407,1.18016,1.18017,1.00,1.00
2017.04.04 03:00:23.508,1.18011,1.18017,2.25,1.00
2017.04.04 03:00:23.610,1.18011,1.18016,1.00,1.50
2017.04.04 03:00:23.809,1.18009,1.18015,1.00,1.00
2017.04.04 03:00:24.310,1.1801,1.18015,1.12,1.00
2017.04.04 03:00:25.215,1.1801,1.18015,1.37,1.00
2017.04.04 03:00:29.922,1.1801,1.18014,1.37,1.00
2017.04.04 03:00:31.360,1.1801,1.18013,1.37,1.00
2017.04.04 03:00:31.512,1.18008,1.18009,1.00,1.00
2017.04.04 03:00:31.563,1.18006,1.18008,1.12,1.00
2017.04.04 03:00:31.816,1.18003,1.18008,2.62,1.00
2017.04.04 03:00:32.028,1.18003,1.18008,3.19,1.00
2017.04.04 03:00:38.288,1.18003,1.18009,3.56,1.12
2017.04.04 03:00:39.042,1.18004,1.18009,1.00,1.00
2017.04.04 03:00:43.499,1.18006,1.18009,1.00,1.00
2017.04.04 03:00:50.723,1.18006,1.18011,1.00,1.00
2017.04.04 03:00:51.038,1.18003,1.1801,3.19,1.12
2017.04.04 03:00:51.543,1.18003,1.18012,1.12,3.37
2017.04.04 03:00:51.696,1.18003,1.18012,1.12,3.94
2017.04.04 03:00:52.204,1.18003,1.18011,1.12,1.12
2017.04.04 03:00:52.739,1.18004,1.18012,1.31,1.87
2017.04.04 03:00:53.255,1.18004,1.18012,2.06,1.50
2017.04.04 03:00:53.707,1.18005,1.1801,1.00,1.00
2017.04.04 03:00:54.012,1.18003,1.18011,1.31,1.00
2017.04.04 03:00:54.537,1.18003,1.18011,1.25,1.37
2017.04.04 03:00:55.101,1.18004,1.18011,1.12,1.12
2017.04.04 03:00:59.256,1.18004,1.18012,1.12,2.25
2017.04.04 03:01:00.279,1.18005,1.1801,1.50,1.00
2017.04.04 03:01:03.323,1.18006,1.1801,1.00,1.00
2017.04.04 03:01:03.827,1.18005,1.1801,2.25,1.00
2017.04.04 03:01:07.928,1.18005,1.18009,1.50,1.00
2017.04.04 03:01:08.097,1.18004,1.18011,1.00,1.69
2017.04.04 03:01:08.252,1.18002,1.18011,3.37,2.81
2017.04.04 03:01:09.958,1.18002,1.18011,3.00,2.44
2017.04.04 03:01:11.971,1.18002,1.1801,3.37,1.00
2017.04.04 03:01:12.502,1.18002,1.18011,3.00,3.19
2017.04.04 03:01:13.125,1.18002,1.1801,3.00,1.00
2017.04.04 03:01:13.916,1.18002,1.18009,3.00,1.00
2017.04.04 03:01:16.183,1.18002,1.1801,3.00,1.31
2017.04.04 03:01:22.040,1.18002,1.18011,3.75,3.19
2017.04.04 03:01:24.965,1.18002,1.18011,3.37,2.44
2017.04.04 03:01:25.016,1.18005,1.18011,1.00,1.69
2017.04.04 03:01:29.677,1.18005,1.18011,1.50,1.72
2017.04.04 03:01:31.315,1.18007,1.18012,1.00,3.37
2017.04.04 03:01:31.467,1.18008,1.18013,1.00,1.00
2017.04.04 03:01:31.722,1.1801,1.18015,1.00,3.00
2017.04.04 03:01:32.027,1.18005,1.18011,2.25,2.62
2017.04.04 03:01:32.229,1.18003,1.1801,1.00,1.37
2017.04.04 03:01:32.583,1.18004,1.18011,1.00,4.50
2017.04.04 03:01:32.836,1.18006,1.18011,1.00,3.75
2017.04.04 03:01:33.743,1.18006,1.18012,1.00,3.37
2017.04.04 03:01:34.127,1.18003,1.18009,3.37,2.62
2017.04.04 03:01:34.647,1.18004,1.1801,1.00,1.12
2017.04.04 03:01:35.350,1.18004,1.18009,1.00,1.00
2017.04.04 03:01:35.957,1.18004,1.1801,1.00,1.12
2017.04.04 03:01:41.352,1.18004,1.18011,1.00,4.87
2017.04.04 03:01:45.210,1.18005,1.18011,1.00,3.00
2017.04.04 03:01:45.311,1.18002,1.1801,1.87,3.37
2017.04.04 03:01:45.362,1.18002,1.1801,1.12,3.00
2017.04.04 03:01:52.079,1.18002,1.18007,1.00,1.00
2017.04.04 03:01:58.216,1.18002,1.18009,1.50,1.50
2017.04.04 03:01:58.724,1.18003,1.18009,1.00,1.50
2017.04.04 03:01:59.266,1.18005,1.18011,1.00,1.75
2017.04.04 03:01:59.937,1.18006,1.18013,1.50,4.87
2017.04.04 03:02:00.442,1.18006,1.18011,1.00,1.00
2017.04.04 03:02:01.019,1.18005,1.18011,1.00,1.00
2017.04.04 03:02:01.580,1.18005,1.18012,1.00,1.12
2017.04.04 03:02:05.227,1.18004,1.18013,1.00,3.00
2017.04.04 03:02:05.581,1.18005,1.18012,1.00,2.25
2017.04.04 03:02:06.482,1.18005,1.18012,1.00,1.00
2017.04.04 03:02:08.274,1.18005,1.18012,1.00,1.50
2017.04.04 03:02:08.591,1.18011,1.18016,1.00,1.00
2017.04.04 03:02:09.097,1.18012,1.18018,1.00,2.62
2017.04.04 03:02:09.619,1.18012,1.18018,1.00,2.25
2017.04.04 03:02:09.792,1.1801,1.18017,1.00,2.25
2017.04.04 03:02:09.894,1.1801,1.18014,1.00,1.00
2017.04.04 03:02:09.995,1.18008,1.18014,1.50,1.00
2017.04.04 03:02:10.516,1.18009,1.18015,1.00,1.50
2017.04.04 03:02:11.807,1.18007,1.18013,3.37,1.00
2017.04.04 03:02:12.110,1.18002,1.18008,1.00,1.00
2017.04.04 03:02:12.262,1.17999,1.18006,3.37,1.00
2017.04.04 03:02:12.718,1.17999,1.18004,1.00,1.00
2017.04.04 03:02:13.258,1.17998,1.18003,1.00,1.00
2017.04.04 03:02:17.667,1.17998,1.18004,1.00,1.50
2017.04.04 03:02:19.947,1.17997,1.18003,1.87,1.00
2017.04.04 03:02:20.823,1.17996,1.18003,3.94,1.50
2017.04.04 03:02:21.384,1.17997,1.18003,1.00,1.50
2017.04.04 03:02:23.710,1.17996,1.18003,2.25,1.00
2017.04.04 03:02:24.240,1.17996,1.18003,1.50,2.25
2017.04.04 03:02:24.572,1.17999,1.18004,1.00,1.00
2017.04.04 03:02:32.902,1.18,1.18004,1.00,1.00
2017.04.04 03:02:33.105,1.18001,1.18008,2.06,1.50
2017.04.04 03:02:33.155,1.18003,1.18006,1.00,1.00
2017.04.04 03:02:33.206,1.18001,1.18006,1.50,1.00
2017.04.04 03:02:33.610,1.18,1.18004,2.25,1.00
2017.04.04 03:02:34.117,1.18,1.18003,1.00,1.00
2017.04.04 03:02:34.652,1.17999,1.18003,1.00,1.00
2017.04.04 03:02:43.747,1.17999,1.18002,1.00,1.00
2017.04.04 03:02:50.806,1.17997,1.18001,2.25,1.00
2017.04.04 03:02:50.907,1.17997,1.18003,1.50,1.87
2017.04.04 03:02:58.982,1.17997,1.18002,1.00,1.50
2017.04.04 03:03:02.146,1.17996,1.18002,1.87,1.50
2017.04.04 03:03:02.399,1.17995,1.18,2.62,1.50
2017.04.04 03:03:03.823,1.17994,1.17998,1.00,1.00
2017.04.04 03:03:04.128,1.1799,1.17996,1.00,2.25
2017.04.04 03:03:05.291,1.1799,1.17995,1.87,1.00
2017.04.04 03:03:13.313,1.1799,1.17995,3.00,1.00
2017.04.04 03:03:13.859,1.1799,1.17995,1.12,1.00
2017.04.04 03:03:18.611,1.1799,1.17997,1.87,1.00
2017.04.04 03:03:18.713,1.17994,1.17999,1.00,1.87
2017.04.04 03:03:18.866,1.17994,1.18,1.12,1.00
2017.04.04 03:03:19.394,1.17995,1.18001,1.00,1.00
2017.04.04 03:03:19.852,1.17996,1.18003,1.00,1.12
2017.04.04 03:03:20.357,1.17997,1.18003,1.00,1.50
2017.04.04 03:03:22.203,1.17997,1.18003,1.00,2.25
2017.04.04 03:03:22.709,1.17997,1.18003,1.00,1.87
2017.04.04 03:03:22.912,1.17996,1.18,1.00,1.00
2017.04.04 03:03:23.090,1.17994,1.18,1.00,1.12
2017.04.04 03:03:23.621,1.17995,1.18,1.00,1.50
2017.04.04 03:03:24.276,1.17995,1.17999,1.00,1.00
2017.04.04 03:03:24.892,1.17996,1.18,1.00,1.00
2017.04.04 03:03:25.396,1.17996,1.18001,1.00,1.00
2017.04.04 03:03:26.698,1.17997,1.18001,1.00,1.00
2017.04.04 03:03:27.201,1.17996,1.18002,1.00,1.87
2017.04.04 03:03:28.976,1.17996,1.18003,1.00,1.00
2017.04.04 03:03:31.800,1.17995,1.18001,3.00,1.00
2017.04.04 03:03:32.305,1.17996,1.18002,1.00,1.50
2017.04.04 03:03:33.830,1.17997,1.18004,1.00,1.87
2017.04.04 03:03:37.108,1.17997,1.18002,1.00,1.00
2017.04.04 03:03:37.651,1.17998,1.18002,1.00,1.12
2017.04.04 03:03:43.795,1.17997,1.18003,1.00,2.25
2017.04.04 03:03:44.306,1.17997,1.18003,1.00,1.50
2017.04.04 03:04:03.692,1.17996,1.18003,1.12,2.25
2017.04.04 03:04:04.434,1.17999,1.18004,1.00,1.87
2017.04.04 03:04:05.094,1.17999,1.18003,1.50,1.00
2017.04.04 03:04:05.448,1.17997,1.18004,2.25,1.31
2017.04.04 03:04:05.700,1.17999,1.18003,1.00,1.00
2017.04.04 03:04:05.751,1.17999,1.18005,1.00,2.81
2017.04.04 03:04:06.106,1.17998,1.18003,1.12,1.00
2017.04.04 03:04:06.700,1.17998,1.18002,1.50,1.00
2017.04.04 03:04:07.201,1.17999,1.18003,1.00,1.00
2017.04.04 03:04:07.606,1.17997,1.18002,1.12,1.00
2017.04.04 03:04:09.910,1.17996,1.18001,1.00,1.00
2017.04.04 03:04:10.452,1.17995,1.18001,1.87,1.00
2017.04.04 03:04:10.874,1.17994,1.17999,1.12,1.00
2017.04.04 03:04:12.983,1.17992,1.17999,5.25,1.50
2017.04.04 03:04:16.132,1.17992,1.17998,2.25,1.00
2017.04.04 03:04:16.654,1.17992,1.17997,1.50,1.00
2017.04.04 03:04:16.757,1.17994,1.17999,1.00,2.06
2017.04.04 03:04:17.322,1.17991,1.17999,6.00,2.81
2017.04.04 03:04:18.520,1.17991,1.17999,6.00,2.81
2017.04.04 03:04:19.044,1.17992,1.17998,1.00,1.50
2017.04.04 03:04:19.840,1.17993,1.17998,1.00,1.50
2017.04.04 03:04:19.891,1.17997,1.18,2.25,1.25
2017.04.04 03:04:19.942,1.17996,1.18002,1.00,2.25
2017.04.04 03:04:20.232,1.17999,1.18005,1.50,1.12
2017.04.04 03:04:20.944,1.17999,1.18004,1.00,1.00
2017.04.04 03:04:21.348,1.17997,1.18002,3.37,1.00
2017.04.04 03:04:21.755,1.18,1.18002,1.00,1.00
2017.04.04 03:04:21.807,1.18001,1.18007,1.00,5.81
2017.04.04 03:04:21.919,1.18003,1.18007,1.00,1.50
2017.04.04 03:04:22.020,1.18001,1.18007,1.87,1.00
2017.04.04 03:04:22.579,1.18002,1.18007,1.00,1.00
2017.04.04 03:04:23.641,1.18002,1.18008,1.00,1.00
2017.04.04 03:04:24.176,1.18001,1.18008,2.25,1.00
2017.04.04 03:04:27.064,1.18002,1.18008,1.00,1.00
2017.04.04 03:04:30.983,1.18001,1.18007,1.00,1.00
2017.04.04 03:04:31.492,1.18001,1.18008,1.50,2.25
2017.04.04 03:04:53.592,1.18001,1.18007,1.69,1.00
2017.04.04 03:05:07.652,1.18001,1.18009,1.12,1.87
2017.04.04 03:05:08.176,1.18,1.18009,3.37,1.87
2017.04.04 03:05:11.722,1.18,1.18005,1.87,1.00
2017.04.04 03:05:11.924,1.17998,1.18005,1.00,1.50
2017.04.04 03:05:12.486,1.17998,1.18004,1.00,1.00
2017.04.04 03:05:14.834,1.17996,1.18004,2.81,1.00
2017.04.04 03:05:18.169,1.17996,1.18004,2.06,1.00
2017.04.04 03:05:20.016,1.17996,1.18003,2.06,1.00
2017.04.04 03:05:37.704,1.17996,1.18003,1.87,1.00
2017.04.04 03:05:38.339,1.17996,1.18003,1.87,1.00
2017.04.04 03:05:43.499,1.17997,1.18003,1.00,1.00
2017.04.04 03:06:09.028,1.17996,1.18004,1.12,1.00
2017.04.04 03:06:09.937,1.17996,1.18004,2.44,1.00
2017.04.04 03:06:10.469,1.17996,1.18004,2.25,1.50
2017.04.04 03:06:11.002,1.17997,1.18004,1.00,1.50
2017.04.04 03:06:15.922,1.17997,1.18003,1.50,1.00
2017.04.04 03:06:16.194,1.18002,1.18006,1.00,1.12
2017.04.04 03:06:16.245,1.18,1.18006,2.25,1.00
2017.04.04 03:06:16.296,1.18002,1.18005,1.00,1.00
2017.04.04 03:06:16.398,1.18002,1.18008,1.00,1.12
2017.04.04 03:06:16.983,1.18003,1.18009,1.12,1.00
2017.04.04 03:06:18.515,1.18004,1.18009,1.00,1.00
2017.04.04 03:06:19.148,1.18007,1.18011,1.00,1.00
2017.04.04 03:06:19.351,1.1801,1.18015,1.00,1.50
2017.04.04 03:06:20.020,1.18009,1.18014,2.25,1.00
2017.04.04 03:06:22.863,1.1801,1.18017,1.12,1.00
2017.04.04 03:06:23.127,1.1801,1.18014,1.12,1.00
2017.04.04 03:06:23.280,1.1801,1.18017,1.12,1.50
2017.04.04 03:06:23.383,1.1801,1.18014,1.12,1.00
2017.04.04 03:06:24.255,1.1801,1.18017,1.12,1.50
2017.04.04 03:06:24.357,1.1801,1.18014,1.12,1.00
2017.04.04 03:06:29.006,1.1801,1.18013,1.12,1.00
2017.04.04 03:06:30.233,1.1801,1.18015,1.00,1.00
2017.04.04 03:06:32.916,1.18008,1.18015,4.31,1.00
2017.04.04 03:06:33.904,1.18008,1.18013,1.00,1.00
2017.04.04 03:06:34.045,1.18006,1.18012,1.00,1.12
2017.04.04 03:06:34.550,1.18005,1.18012,1.00,1.00
2017.04.04 03:06:35.267,1.18005,1.18008,1.00,1.00
2017.04.04 03:06:35.469,1.18005,1.18011,1.00,1.00
2017.04.04 03:06:36.006,1.18005,1.1801,1.00,1.00
2017.04.04 03:06:37.578,1.18005,1.18007,1.00,1.00
2017.04.04 03:06:37.680,1.18005,1.18009,1.00,1.00
2017.04.04 03:06:37.731,1.18003,1.18009,1.25,1.00
2017.04.04 03:06:38.236,1.18002,1.18009,1.00,1.00
2017.04.04 03:06:43.983,1.18002,1.18011,1.69,3.00
2017.04.04 03:06:49.003,1.18002,1.1801,1.31,1.50
2017.04.04 03:06:49.520,1.18003,1.18011,1.12,4.50
2017.04.04 03:06:52.604,1.18002,1.1801,1.87,1.37
2017.04.04 03:06:53.308,1.18002,1.1801,2.06,1.37
2017.04.04 03:06:55.965,1.18002,1.1801,2.44,1.37
2017.04.04 03:07:00.850,1.18002,1.18008,1.69,1.50
2017.04.04 03:07:00.901,1.18002,1.18008,1.87,1.12
2017.04.04 03:07:01.407,1.18001,1.18008,1.25,1.00
2017.04.04 03:07:01.508,1.18002,1.18009,1.37,1.87
2017.04.04 03:07:01.710,1.18001,1.18008,2.44,1.00
2017.04.04 03:07:02.848,1.18001,1.18007,2.44,1.00
2017.04.04 03:07:03.410,1.18001,1.18007,2.44,1.00
2017.04.04 03:07:03.945,1.18001,1.18008,2.44,1.00
2017.04.04 03:07:05.993,1.18002,1.18009,2.62,1.50
2017.04.04 03:07:18.788,1.18002,1.18009,2.06,2.62
2017.04.04 03:07:19.304,1.18002,1.18009,1.50,2.62
2017.04.04 03:07:26.899,1.18002,1.18009,1.87,1.87
2017.04.04 03:07:27.401,1.18002,1.18009,1.12,1.50
2017.04.04 03:07:39.914,1.18004,1.18009,1.00,1.00
2017.04.04 03:07:40.220,1.18006,1.18012,1.00,1.00
2017.04.04 03:07:40.733,1.18006,1.18011,1.00,1.00
2017.04.04 03:07:43.054,1.18006,1.18012,1.50,1.00
2017.04.04 03:07:51.257,1.18006,1.18013,1.50,1.12
2017.04.04 03:07:51.308,1.18009,1.18013,1.00,1.12
2017.04.04 03:07:51.359,1.18007,1.18014,1.31,1.12
2017.04.04 03:07:51.876,1.18008,1.18015,1.00,2.62
2017.04.04 03:07:52.422,1.18008,1.18014,1.00,1.00
2017.04.04 03:07:52.523,1.18006,1.18014,2.81,1.00
2017.04.04 03:07:53.393,1.18007,1.18015,1.00,2.25
2017.04.04 03:07:55.743,1.1801,1.18014,1.00,1.00
2017.04.04 03:07:55.895,1.18009,1.18016,1.00,1.50
2017.04.04 03:07:57.919,1.18009,1.18014,1.00,1.00
2017.04.04 03:07:58.121,1.18007,1.18015,1.12,2.62
2017.04.04 03:07:58.475,1.1801,1.18015,1.00,1.37
2017.04.04 03:07:59.101,1.1801,1.18015,1.00,1.87
2017.04.04 03:08:00.946,1.18007,1.18015,1.56,2.62
2017.04.04 03:08:01.504,1.18008,1.18014,1.31,1.87
2017.04.04 03:08:02.376,1.18008,1.18013,1.31,1.00
2017.04.04 03:08:02.815,1.18008,1.18015,1.00,4.87
2017.04.04 03:08:03.061,1.18008,1.18013,1.00,1.00
2017.04.04 03:08:03.213,1.18008,1.18016,1.31,4.12
2017.04.04 03:08:04.165,1.18009,1.18016,1.00,2.62
2017.04.04 03:08:04.684,1.18008,1.18015,1.50,1.87
2017.04.04 03:08:05.243,1.18008,1.18014,1.00,1.00
2017.04.04 03:08:05.420,1.18008,1.18016,1.00,3.00
2017.04.04 03:08:06.384,1.18009,1.18016,1.00,2.62
2017.04.04 03:08:07.660,1.18008,1.18016,1.31,1.87
2017.04.04 03:08:22.480,1.1801,1.18015,1.50,1.00
2017.04.04 03:08:22.631,1.1801,1.18017,1.50,3.00
2017.04.04 03:08:36.301,1.1801,1.18015,1.00,1.00
2017.04.04 03:08:36.525,1.1801,1.18017,1.00,3.75
2017.04.04 03:08:39.781,1.18009,1.18017,1.31,3.75
2017.04.04 03:08:40.324,1.18009,1.18017,1.31,4.12
2017.04.04 03:08:43.465,1.18009,1.18015,1.50,1.00
2017.04.04 03:08:44.015,1.18009,1.18016,1.50,1.12
2017.04.04 03:08:51.836,1.18009,1.18017,2.06,2.25
2017.04.04 03:08:52.185,1.18009,1.18016,1.50,1.56
2017.04.04 03:09:06.777,1.18009,1.18017,1.87,2.44
2017.04.04 03:09:20.324,1.18009,1.18017,1.50,1.69
2017.04.04 03:09:25.303,1.18009,1.18017,1.50,3.19
2017.04.04 03:09:26.808,1.18009,1.18017,1.50,2.44
2017.04.04 03:09:33.454,1.1801,1.18017,1.00,1.56
2017.04.04 03:09:34.237,1.1801,1.18018,1.00,6.00
2017.04.04 03:09:40.419,1.18012,1.18018,1.00,1.87
2017.04.04 03:09:40.923,1.18011,1.18019,1.00,3.00
2017.04.04 03:09:41.425,1.18011,1.18019,1.00,2.25
2017.04.04 03:09:45.998,1.18014,1.18019,1.00,1.12
2017.04.04 03:09:46.364,1.18015,1.18021,1.00,1.50
2017.04.04 03:09:46.667,1.18015,1.18023,1.00,4.50
2017.04.04 03:09:47.223,1.18015,1.18022,1.00,1.00
2017.04.04 03:09:56.390,1.18015,1.18021,1.50,1.00
2017.04.04 03:09:58.444,1.18015,1.18019,1.00,1.00
2017.04.04 03:09:58.953,1.18013,1.1802,3.37,1.50
2017.04.04 03:10:03.952,1.18013,1.1802,2.62,1.69
2017.04.04 03:10:05.857,1.18013,1.1802,2.62,1.12
2017.04.04 03:10:19.609,1.18012,1.18019,1.00,2.25
2017.04.04 03:10:19.761,1.1801,1.18017,2.25,1.12
2017.04.04 03:10:20.294,1.18009,1.18016,1.12,1.00
2017.04.04 03:10:21.421,1.1801,1.18017,1.50,1.12
2017.04.04 03:10:21.953,1.1801,1.18016,1.50,1.00
2017.04.04 03:10:22.502,1.18011,1.18016,1.00,1.00
2017.04.04 03:10:31.605,1.1801,1.18017,1.50,1.37
2017.04.04 03:10:31.828,1.18011,1.18018,1.00,1.50
2017.04.04 03:10:32.501,1.1801,1.18018,1.00,1.12
2017.04.04 03:10:33.044,1.1801,1.18018,1.50,1.69
2017.04.04 03:10:37.105,1.18009,1.18015,1.50,1.12
2017.04.04 03:10:37.774,1.18009,1.18016,1.00,1.00
2017.04.04 03:10:39.207,1.18009,1.18015,1.00,1.00
2017.04.04 03:10:39.785,1.18008,1.18016,4.50,1.12
2017.04.04 03:10:40.295,1.18008,1.18015,1.87,1.00
2017.04.04 03:10:40.808,1.18008,1.18016,1.87,1.31
2017.04.04 03:10:42.490,1.18008,1.18015,1.87,1.00
2017.04.04 03:10:43.029,1.18007,1.18015,2.62,1.50
2017.04.04 03:10:43.534,1.18008,1.18015,1.00,1.00
2017.04.04 03:10:44.892,1.18007,1.18015,5.62,1.50
2017.04.04 03:11:04.617,1.18008,1.18013,3.00,1.00
2017.04.04 03:11:04.821,1.18002,1.18008,1.00,1.31
2017.04.04 03:11:05.337,1.18001,1.18008,3.00,2.44
2017.04.04 03:11:05.937,1.18001,1.18007,3.00,1.00
2017.04.04 03:11:09.216,1.18001,1.18006,1.12,1.00
2017.04.04 03:11:09.623,1.17999,1.18006,1.50,1.12
2017.04.04 03:11:19.757,1.18002,1.18008,1.00,2.44
2017.04.04 03:11:23.352,1.18004,1.18008,1.00,1.69
2017.04.04 03:11:23.504,1.18003,1.1801,1.00,2.81
2017.04.04 03:11:23.857,1.18005,1.1801,1.00,1.87
2017.04.04 03:11:23.908,1.18003,1.18009,1.00,1.50
2017.04.04 03:11:24.010,1.18001,1.18008,1.12,1.94
2017.04.04 03:11:24.414,1.17999,1.18005,1.00,1.56
2017.04.04 03:11:24.616,1.17999,1.18006,1.00,1.87
2017.04.04 03:11:27.745,1.17999,1.18005,1.00,1.69
2017.04.04 03:11:27.913,1.17999,1.18005,1.00,2.25
2017.04.04 03:11:29.444,1.17997,1.18003,1.50,1.69
2017.04.04 03:11:29.975,1.17997,1.18003,1.00,1.94
2017.04.04 03:11:30.504,1.17997,1.18002,1.00,1.69
2017.04.04 03:11:31.264,1.17995,1.18,1.00,4.31
2017.04.04 03:11:31.433,1.17992,1.17997,1.00,1.56
2017.04.04 03:11:31.584,1.17987,1.17992,1.87,1.37
2017.04.04 03:11:31.686,1.17988,1.17991,1.00,1.25
2017.04.04 03:11:31.889,1.17987,1.17993,1.00,2.06
2017.04.04 03:11:32.041,1.17987,1.17989,1.00,1.00
2017.04.04 03:11:32.142,1.17987,1.17994,1.00,5.62
2017.04.04 03:11:32.193,1.17989,1.17992,1.00,1.56
2017.04.04 03:11:32.345,1.17991,1.17994,1.00,1.69
2017.04.04 03:11:32.447,1.17989,1.17995,1.00,1.94
2017.04.04 03:11:32.824,1.17991,1.17994,1.00,2.44
2017.04.04 03:11:33.124,1.17991,1.17996,1.00,3.19
2017.04.04 03:11:33.754,1.17991,1.17996,1.31,1.50
2017.04.04 03:11:33.956,1.17992,1.17997,1.56,1.87
2017.04.04 03:11:34.360,1.17991,1.17997,1.00,1.00
2017.04.04 03:11:34.750,1.17991,1.17995,1.00,1.00
2017.04.04 03:11:35.060,1.17989,1.17994,1.00,2.62
2017.04.04 03:11:35.111,1.17987,1.17993,1.00,1.00
2017.04.04 03:11:35.313,1.1799,1.17995,1.00,5.25
2017.04.04 03:11:35.465,1.1799,1.17996,1.00,1.50
2017.04.04 03:11:35.517,1.1799,1.17994,1.00,1.00
2017.04.04 03:11:35.618,1.17987,1.17994,1.00,2.62
2017.04.04 03:11:35.720,1.17988,1.1799,1.00,1.00
2017.04.04 03:11:35.771,1.17987,1.17994,1.00,4.50
2017.04.04 03:11:35.821,1.17987,1.17992,1.00,1.12
2017.04.04 03:11:38.752,1.17987,1.17993,1.00,1.50
2017.04.04 03:11:39.333,1.17987,1.17992,1.00,1.00
2017.04.04 03:11:43.319,1.17987,1.17991,1.00,1.00
2017.04.04 03:11:43.493,1.17985,1.17992,1.00,2.25
2017.04.04 03:11:43.645,1.17985,1.1799,1.00,1.12
2017.04.04 03:11:44.049,1.17984,1.17989,1.00,1.37
2017.04.04 03:11:44.394,1.17984,1.17986,1.00,1.00
2017.04.04 03:11:44.486,1.17984,1.17989,1.00,1.00
2017.04.04 03:11:45.206,1.17984,1.17987,1.00,1.00
2017.04.04 03:11:45.359,1.17979,1.17984,2.25,1.12
2017.04.04 03:11:45.511,1.17977,1.1798,1.00,1.12
2017.04.04 03:11:45.764,1.17975,1.17981,1.00,1.87
2017.04.04 03:11:46.068,1.17977,1.17981,1.00,1.50
2017.04.04 03:11:46.372,1.17975,1.1798,1.00,1.50
2017.04.04 03:11:47.000,1.17974,1.17979,1.00,1.87
2017.04.04 03:11:47.101,1.17971,1.17977,1.00,1.12
2017.04.04 03:11:47.153,1.17971,1.17977,1.00,3.75
2017.04.04 03:11:47.507,1.17974,1.17976,1.00,3.37
2017.04.04 03:11:47.609,1.17975,1.17977,1.00,1.00
2017.04.04 03:11:47.660,1.17974,1.17979,1.00,1.00
2017.04.04 03:11:47.764,1.17976,1.17979,1.00,1.37
2017.04.04 03:11:48.174,1.17974,1.17979,1.00,1.87
2017.04.04 03:11:48.441,1.17974,1.17977,1.00,1.00
2017.04.04 03:11:49.034,1.17974,1.17979,1.00,1.87
2017.04.04 03:11:49.337,1.1797,1.17977,1.12,1.50
2017.04.04 03:11:49.591,1.17969,1.17975,1.00,1.37
2017.04.04 03:11:51.085,1.1797,1.17975,1.00,1.50
2017.04.04 03:11:51.591,1.17971,1.17975,1.00,1.00
2017.04.04 03:11:51.904,1.17974,1.17976,1.00,1.00
2017.04.04 03:11:51.955,1.17975,1.17978,1.00,1.12
2017.04.04 03:11:52.258,1.17973,1.17979,1.00,1.50
2017.04.04 03:11:52.804,1.17974,1.17978,1.00,1.00
2017.04.04 03:11:52.867,1.17972,1.17977,1.00,1.37
2017.04.04 03:11:53.259,1.17974,1.17978,1.00,1.12
2017.04.04 03:11:53.765,1.17974,1.17979,1.00,1.12
2017.04.04 03:11:54.343,1.17974,1.17978,1.00,1.12
2017.04.04 03:11:55.970,1.17974,1.17977,1.00,1.00
2017.04.04 03:11:56.426,1.17972,1.17977,1.00,1.12
2017.04.04 03:11:56.578,1.1797,1.17975,1.50,1.12
2017.04.04 03:11:57.215,1.1797,1.17974,1.50,1.50
2017.04.04 03:11:58.314,1.17972,1.17974,1.00,1.00
2017.04.04 03:11:58.365,1.17974,1.17977,1.00,1.00
2017.04.04 03:11:59.468,1.17973,1.17977,1.00,1.12
2017.04.04 03:11:59.974,1.17974,1.17977,1.00,1.87
2017.04.04 03:12:00.075,1.17975,1.17977,1.00,1.12
2017.04.04 03:12:00.328,1.17974,1.17979,1.50,1.87
2017.04.04 03:12:00.692,1.17972,1.17977,1.00,1.87
2017.04.04 03:12:01.208,1.17972,1.17975,1.00,1.00
2017.04.04 03:12:02.457,1.17973,1.17975,1.00,1.00
2017.04.04 03:12:03.492,1.17972,1.17977,1.00,1.87
2017.04.04 03:12:03.998,1.17971,1.17977,1.50,1.12
2017.04.04 03:12:04.048,1.17973,1.17978,1.00,3.00
2017.04.04 03:12:06.874,1.17973,1.17975,1.00,1.00
2017.04.04 03:12:06.925,1.17973,1.17977,1.00,1.12
2017.04.04 03:12:09.005,1.17973,1.17976,1.00,1.00
2017.04.04 03:12:09.556,1.17972,1.17975,1.00,1.00
2017.04.04 03:12:12.534,1.17971,1.17976,1.00,1.87
2017.04.04 03:12:12.638,1.17969,1.17973,1.00,1.50
2017.04.04 03:12:12.942,1.17967,1.17972,1.00,1.00
2017.04.04 03:12:13.465,1.17968,1.17973,1.00,2.25
2017.04.04 03:12:14.576,1.17966,1.1797,1.00,1.00
2017.04.04 03:12:15.937,1.17966,1.17971,3.00,1.00
2017.04.04 03:12:16.240,1.17969,1.17973,2.44,1.00
2017.04.04 03:12:16.750,1.17969,1.17973,1.87,1.00
2017.04.04 03:12:17.219,1.17968,1.17971,1.50,1.00
2017.04.04 03:12:17.320,1.17966,1.17971,1.12,1.00
2017.04.04 03:12:17.523,1.17968,1.17972,1.00,1.31
2017.04.04 03:12:17.827,1.1797,1.17973,1.00,1.00
2017.04.04 03:12:18.543,1.17969,1.17973,2.25,1.00
2017.04.04 03:12:24.423,1.17973,1.17975,1.00,1.12
2017.04.04 03:12:24.519,1.17973,1.17977,1.31,1.87
2017.04.04 03:12:24.722,1.17971,1.17977,3.94,1.87
2017.04.04 03:12:25.355,1.17971,1.17976,4.31,1.00
2017.04.04 03:12:26.907,1.17973,1.17976,1.00,1.00
2017.04.04 03:12:30.001,1.17973,1.17977,1.00,1.12
2017.04.04 03:12:30.305,1.17968,1.1797,1.00,1.00
2017.04.04 03:12:30.356,1.17966,1.17969,1.87,1.00
2017.04.04 03:12:30.559,1.17968,1.17972,1.00,1.31
2017.04.04 03:12:31.064,1.17967,1.17973,2.06,1.00
2017.04.04 03:12:34.234,1.17968,1.17974,1.31,1.50
2017.04.04 03:12:34.509,1.17968,1.17971,1.00,1.00
2017.04.04 03:12:35.015,1.17967,1.17972,2.25,1.00
2017.04.04 03:12:35.553,1.17967,1.17971,2.25,1.00
2017.04.04 03:12:36.503,1.17967,1.17969,1.00,1.00
2017.04.04 03:12:36.554,1.17966,1.17971,1.50,1.12
2017.04.04 03:12:36.707,1.17965,1.17971,1.00,1.87
2017.04.04 03:12:37.228,1.17966,1.17972,1.50,1.87
2017.04.04 03:12:38.866,1.17969,1.17971,1.00,1.00
2017.04.04 03:12:38.941,1.17969,1.17973,1.00,1.00
2017.04.04 03:12:39.194,1.17969,1.17971,1.00,1.00
2017.04.04 03:12:40.387,1.17969,1.1797,1.00,1.00
2017.04.04 03:12:41.745,1.17968,1.17971,1.00,1.00
2017.04.04 03:12:42.242,1.17967,1.17969,1.00,1.00
2017.04.04 03:12:42.782,1.17966,1.17969,1.00,1.00
2017.04.04 03:12:44.092,1.17966,1.17968,1.00,1.00
2017.04.04 03:12:44.606,1.17965,1.17968,1.50,1.00
2017.04.04 03:12:45.665,1.17965,1.17967,1.50,1.00
2017.04.04 03:12:45.918,1.17963,1.17967,3.00,1.00
2017.04.04 03:12:47.308,1.17963,1.17968,3.00,1.00
2017.04.04 03:12:47.810,1.17965,1.17968,1.00,1.00
2017.04.04 03:12:49.277,1.17964,1.17968,1.12,1.00
2017.04.04 03:12:49.828,1.17963,1.17966,2.25,1.00
2017.04.04 03:12:52.424,1.17963,1.17967,1.50,1.00
2017.04.04 03:12:54.372,1.17964,1.17967,1.00,1.00
2017.04.04 03:12:57.862,1.17963,1.17967,1.00,1.50
2017.04.04 03:12:58.524,1.17962,1.17967,1.00,1.00
2017.04.04 03:12:59.506,1.17962,1.17969,1.00,2.62
2017.04.04 03:13:00.074,1.17962,1.17968,1.00,1.00
2017.04.04 03:13:02.387,1.17961,1.17968,2.44,1.12
2017.04.04 03:13:02.550,1.17961,1.17966,2.44,1.00
2017.04.04 03:13:03.255,1.17961,1.17969,3.19,2.62
2017.04.04 03:13:03.507,1.17964,1.1797,1.00,1.87
2017.04.04 03:13:04.036,1.17963,1.1797,1.00,1.00
2017.04.04 03:13:04.610,1.17962,1.1797,1.87,1.50
2017.04.04 03:13:06.005,1.17963,1.1797,1.00,1.12
2017.04.04 03:13:06.513,1.17962,1.1797,1.87,2.62
2017.04.04 03:13:08.546,1.17964,1.17971,1.00,1.69
2017.04.04 03:13:09.167,1.17964,1.17971,1.00,1.69
2017.04.04 03:13:09.473,1.17966,1.1797,1.00,1.00
2017.04.04 03:13:09.792,1.17969,1.17973,1.00,1.37
2017.04.04 03:13:09.887,1.17968,1.17974,1.50,1.00
2017.04.04 03:13:09.989,1.1797,1.17976,1.00,1.69
2017.04.04 03:13:10.342,1.17969,1.17976,3.75,1.37
2017.04.04 03:13:10.849,1.17969,1.17975,2.25,1.12
2017.04.04 03:13:11.514,1.1797,1.17976,1.00,1.12
2017.04.04 03:13:11.817,1.17973,1.17977,1.00,1.00
2017.04.04 03:13:11.969,1.17971,1.17977,2.25,1.00
2017.04.04 03:13:12.167,1.17971,1.17975,1.00,1.12
2017.04.04 03:13:12.672,1.17971,1.17976,1.50,1.00
2017.04.04 03:13:13.305,1.17972,1.17978,1.00,1.12
2017.04.04 03:13:15.695,1.17972,1.17979,1.00,1.87
2017.04.04 03:13:16.343,1.17972,1.17978,1.00,1.00
2017.04.04 03:13:19.360,1.17972,1.17976,1.00,1.00
2017.04.04 03:13:20.325,1.1797,1.17976,1.00,1.00
2017.04.04 03:13:20.527,1.17968,1.17976,2.62,2.25
2017.04.04 03:13:20.578,1.17968,1.17974,3.00,1.00
2017.04.04 03:13:20.908,1.17964,1.17969,1.00,1.00
2017.04.04 03:13:25.273,1.17963,1.17969,2.25,1.12
2017.04.04 03:13:26.939,1.17964,1.1797,1.00,2.62
2017.04.04 03:13:27.516,1.17964,1.1797,1.50,1.12
2017.04.04 03:13:27.836,1.17968,1.17972,1.00,2.25
2017.04.04 03:13:27.988,1.17969,1.17974,1.00,1.50
2017.04.04 03:13:29.593,1.17966,1.17974,1.31,2.62
2017.04.04 03:13:29.688,1.17966,1.17974,1.56,2.62
2017.04.04 03:13:29.841,1.17965,1.17971,1.31,1.00
2017.04.04 03:13:29.993,1.17969,1.17972,1.00,1.50
2017.04.04 03:13:30.533,1.17968,1.17972,1.00,1.12
2017.04.04 03:13:30.701,1.17965,1.17973,1.25,1.37
2017.04.04 03:13:30.752,1.17968,1.17972,1.00,1.87
2017.04.04 03:13:31.257,1.17969,1.17972,1.00,1.37
2017.04.04 03:13:31.308,1.1797,1.17974,1.00,1.87
2017.04.04 03:13:31.814,1.17969,1.17975,2.06,1.12
2017.04.04 03:13:32.319,1.17969,1.17975,1.50,1.87
2017.04.04 03:13:33.313,1.17968,1.17973,1.00,1.37
2017.04.04 03:13:33.617,1.17969,1.17974,1.00,1.87
2017.04.04 03:13:33.769,1.17972,1.17976,1.00,1.87
2017.04.04 03:13:35.046,1.17971,1.17975,1.00,1.00
2017.04.04 03:13:35.567,1.17971,1.17976,1.00,1.87
2017.04.04 03:13:35.870,1.1797,1.17974,1.50,1.00
2017.04.04 03:13:36.178,1.1797,1.17972,1.00,1.00
2017.04.04 03:13:36.779,1.17969,1.17972,1.00,1.00
2017.04.04 03:13:37.592,1.17967,1.17973,1.00,1.87
2017.04.04 03:13:37.821,1.17966,1.17971,1.00,1.00
2017.04.04 03:13:38.170,1.17964,1.17969,1.00,1.00
2017.04.04 03:13:38.473,1.17966,1.17969,1.00,1.00
2017.04.04 03:13:40.035,1.17966,1.1797,1.00,1.50
2017.04.04 03:13:41.147,1.17965,1.1797,1.87,1.50
2017.04.04 03:13:41.657,1.17963,1.17969,1.31,1.00
2017.04.04 03:13:43.396,1.17964,1.17969,1.31,1.00
2017.04.04 03:13:44.056,1.17964,1.1797,1.00,3.00
2017.04.04 03:13:44.360,1.17963,1.17969,2.81,2.25
2017.04.04 03:13:44.876,1.17965,1.17969,1.00,2.25
2017.04.04 03:13:47.109,1.17965,1.17968,1.31,1.12
2017.04.04 03:13:47.698,1.17965,1.17968,1.00,1.12
2017.04.04 03:13:49.390,1.17966,1.1797,1.25,2.25
2017.04.04 03:13:49.441,1.17966,1.1797,1.25,1.50
2017.04.04 03:13:55.010,1.17966,1.17971,1.00,2.62
2017.04.04 03:13:57.120,1.17966,1.17971,1.00,2.62
2017.04.04 03:13:57.923,1.17969,1.17971,1.00,1.50
2017.04.04 03:13:58.177,1.17969,1.17974,1.00,3.75
2017.04.04 03:13:58.685,1.1797,1.17973,1.00,1.00
2017.04.04 03:14:05.738,1.17971,1.17975,1.00,1.87
2017.04.04 03:14:07.820,1.17973,1.17976,1.00,2.25
2017.04.04 03:14:07.972,1.17973,1.17978,1.00,2.25
2017.04.04 03:14:12.502,1.17973,1.17978,1.00,1.69
2017.04.04 03:14:13.151,1.17974,1.17978,1.00,1.69
2017.04.04 03:14:13.586,1.17974,1.17978,1.00,1.69
2017.04.04 03:14:13.687,1.17974,1.17978,1.00,1.12
2017.04.04 03:14:20.560,1.17974,1.17977,1.00,1.00
2017.04.04 03:14:23.795,1.17973,1.17978,1.50,2.06
2017.04.04 03:14:23.846,1.17976,1.17978,1.00,1.12
2017.04.04 03:14:23.998,1.17976,1.17981,1.00,4.37
2017.04.04 03:14:24.413,1.17974,1.1798,1.50,1.74
2017.04.04 03:14:24.817,1.17976,1.17981,1.00,2.25
2017.04.04 03:14:39.508,1.17976,1.1798,1.00,1.37
2017.04.04 03:14:40.053,1.17974,1.1798,1.50,3.24
2017.04.04 03:14:44.064,1.17976,1.1798,1.00,1.12
2017.04.04 03:14:44.367,1.17975,1.1798,1.00,1.24
2017.04.04 03:14:44.418,1.17974,1.1798,1.00,1.74
2017.04.04 03:14:44.519,1.17976,1.1798,1.00,1.24
2017.04.04 03:14:44.722,1.17975,1.1798,1.00,1.33
2017.04.04 03:14:47.716,1.17975,1.17981,1.00,1.33
2017.04.04 03:14:49.855,1.17975,1.17981,1.00,1.69
2017.04.04 03:14:50.438,1.17975,1.17981,1.00,1.69
2017.04.04 03:14:50.668,1.17975,1.1798,1.50,1.56
2017.04.04 03:14:51.217,1.17975,1.1798,1.50,2.06
2017.04.04 03:14:51.730,1.17975,1.1798,1.50,2.06
2017.04.04 03:14:54.271,1.17975,1.17978,1.50,1.56
2017.04.04 03:14:57.555,1.17975,1.17978,1.50,1.31
2017.04.04 03:14:58.065,1.17974,1.17978,1.00,1.69
2017.04.04 03:14:58.498,1.17972,1.17976,1.00,1.12
2017.04.04 03:14:59.004,1.17971,1.17976,1.00,1.69
2017.04.04 03:14:59.518,1.17971,1.17976,1.00,1.69
2017.04.04 03:14:59.870,1.17973,1.17976,1.00,1.69
2017.04.04 03:15:00.454,1.17973,1.17974,1.00,1.00
2017.04.04 03:15:00.505,1.17969,1.17974,1.50,1.00
2017.04.04 03:15:00.607,1.17968,1.17971,1.12,1.00
2017.04.04 03:15:01.602,1.17967,1.17971,1.00,1.00
2017.04.04 03:15:02.119,1.17968,1.17971,1.00,1.12
2017.04.04 03:15:05.430,1.17968,1.17971,1.00,1.69
2017.04.04 03:15:06.010,1.17966,1.1797,1.50,1.69
2017.04.04 03:15:06.416,1.17965,1.17969,1.00,2.06
2017.04.04 03:15:07.145,1.17965,1.17969,1.00,2.44
2017.04.04 03:15:07.751,1.17965,1.17968,1.00,1.00
2017.04.04 03:15:10.549,1.17964,1.17968,1.00,1.00
2017.04.04 03:15:11.175,1.17963,1.17968,1.00,1.50
2017.04.04 03:15:14.145,1.17963,1.17968,1.00,1.50
2017.04.04 03:15:17.382,1.17961,1.17967,1.00,1.37
2017.04.04 03:15:17.857,1.17963,1.17967,1.00,1.00
2017.04.04 03:15:18.997,1.17963,1.17969,1.00,1.12
2017.04.04 03:15:19.846,1.17963,1.1797,1.00,5.06
2017.04.04 03:15:20.410,1.17962,1.17967,1.00,1.37
2017.04.04 03:15:20.918,1.17961,1.17967,1.00,2.06
2017.04.04 03:15:21.446,1.17961,1.17967,1.00,2.06
2017.04.04 03:15:21.497,1.17959,1.17966,2.25,1.00
2017.04.04 03:15:22.005,1.1796,1.17966,1.00,1.00
2017.04.04 03:15:22.557,1.17961,1.17967,1.00,3.00
2017.04.04 03:15:24.443,1.1796,1.17966,1.50,1.50
2017.04.04 03:15:25.535,1.1796,1.17966,1.00,1.50
2017.04.04 03:15:27.550,1.17959,1.17965,1.87,1.37
2017.04.04 03:15:27.854,1.17957,1.17963,1.00,1.12
2017.04.04 03:15:28.359,1.17956,1.17964,2.25,1.50
2017.04.04 03:15:28.933,1.17958,1.17964,1.00,1.00
2017.04.04 03:15:29.441,1.17959,1.17966,1.00,4.31
2017.04.04 03:15:31.290,1.17959,1.17966,1.50,2.25
2017.04.04 03:15:36.306,1.17959,1.17966,1.50,2.25
2017.04.04 03:15:37.370,1.17959,1.17966,1.50,3.00
2017.04.04 03:15:39.353,1.17959,1.17966,2.25,1.50
2017.04.04 03:15:44.405,1.17959,1.17965,1.50,1.69
2017.04.04 03:15:48.654,1.17959,1.17966,1.50,1.50
2017.04.04 03:15:49.215,1.17959,1.17966,1.50,2.25
2017.04.04 03:15:49.925,1.17959,1.17966,1.50,2.25
2017.04.04 03:15:51.906,1.17959,1.17966,1.50,2.25
2017.04.04 03:15:52.941,1.17959,1.17966,1.50,2.25
2017.04.04 03:15:53.570,1.1796,1.17966,1.00,1.94
2017.04.04 03:15:54.101,1.17959,1.17966,1.50,1.69
2017.04.04 03:15:54.644,1.17959,1.17966,1.50,1.69
2017.04.04 03:15:56.947,1.17961,1.17967,1.00,2.06
2017.04.04 03:15:57.150,1.17962,1.17968,1.50,1.12
2017.04.04 03:15:57.688,1.17962,1.17969,2.25,1.69
2017.04.04 03:15:57.739,1.17962,1.17969,2.25,1.69
2017.04.04 03:15:58.104,1.17962,1.17969,1.50,2.81
2017.04.04 03:15:58.509,1.17962,1.17969,1.50,1.69
2017.04.04 03:15:58.560,1.17962,1.17969,1.50,1.69
2017.04.04 03:15:58.762,1.17964,1.1797,1.00,1.69
2017.04.04 03:15:59.268,1.17965,1.17971,1.00,1.37
2017.04.04 03:15:59.471,1.17963,1.1797,2.25,1.12
2017.04.04 03:15:59.723,1.17963,1.17971,1.50,3.56
2017.04.04 03:16:00.243,1.17963,1.17971,1.50,3.56
2017.04.04 03:16:02.471,1.17964,1.17971,1.00,2.06
2017.04.04 03:16:04.435,1.17963,1.1797,1.50,1.31
2017.04.04 03:16:04.949,1.17963,1.17969,1.50,1.00
2017.04.04 03:16:05.639,1.17963,1.17968,1.50,1.00
2017.04.04 03:16:06.449,1.17964,1.17968,1.00,1.00
2017.04.04 03:16:07.570,1.17964,1.1797,1.00,1.31
2017.04.04 03:16:09.086,1.17965,1.1797,1.00,1.00
2017.04.04 03:16:09.189,1.17965,1.17972,1.00,2.25
2017.04.04 03:16:09.804,1.17966,1.17972,1.00,1.00
2017.04.04 03:16:10.007,1.17968,1.17974,1.00,1.25
2017.04.04 03:16:15.986,1.17968,1.17975,1.50,2.81
2017.04.04 03:16:17.105,1.17968,1.17973,1.00,1.00
2017.04.04 03:16:17.660,1.17967,1.17973,1.00,1.00
2017.04.04 03:16:20.684,1.17968,1.17975,1.00,3.19
2017.04.04 03:16:21.189,1.17969,1.17976,1.50,1.69
2017.04.04 03:16:23.065,1.1797,1.17975,1.00,1.25
2017.04.04 03:16:23.690,1.1797,1.17976,1.00,1.69
2017.04.04 03:16:27.957,1.17969,1.17976,1.00,2.06
2017.04.04 03:16:28.289,1.17969,1.17976,1.00,1.69
2017.04.04 03:16:30.315,1.17969,1.17976,1.00,3.19
2017.04.04 03:16:31.025,1.1797,1.17976,1.00,2.44
2017.04.04 03:16:31.925,1.1797,1.17977,1.50,3.19
2017.04.04 03:16:32.476,1.17971,1.17978,1.50,3.94
2017.04.04 03:16:32.830,1.17974,1.17979,1.00,2.06
2017.04.04 03:16:33.336,1.17974,1.1798,1.00,2.06
2017.04.04 03:16:33.980,1.17975,1.1798,1.00,1.25
2017.04.04 03:16:34.081,1.17976,1.17982,1.00,3.75
2017.04.04 03:16:34.627,1.17976,1.17983,1.00,2.62
2017.04.04 03:16:35.155,1.17975,1.17982,1.00,1.69
2017.04.04 03:16:35.758,1.17976,1.17983,1.00,3.19
2017.04.04 03:16:35.909,1.17976,1.17982,1.00,1.25
2017.04.04 03:16:37.676,1.17975,1.17982,1.00,1.31
2017.04.04 03:16:39.521,1.17975,1.17983,1.50,3.19
2017.04.04 03:16:41.225,1.17974,1.17981,1.50,3.19
2017.04.04 03:16:41.730,1.17974,1.17981,1.50,2.81
2017.04.04 03:16:42.318,1.17974,1.17979,1.00,2.06
2017.04.04 03:16:42.571,1.17971,1.17978,1.00,2.06
2017.04.04 03:16:45.455,1.17972,1.17979,1.00,5.06
2017.04.04 03:16:45.506,1.17974,1.17979,1.00,2.44
2017.04.04 03:16:45.557,1.17974,1.17979,1.00,1.00
2017.04.04 03:16:45.708,1.17975,1.17981,1.00,1.25
2017.04.04 03:16:46.050,1.17978,1.17983,1.00,2.06
2017.04.04 03:16:46.555,1.17979,1.17984,1.00,1.56
2017.04.04 03:16:46.657,1.17981,1.17986,1.00,1.12
2017.04.04 03:16:46.809,1.17981,1.17988,1.00,3.19
2017.04.04 03:16:47.214,1.17981,1.17988,1.00,4.12
2017.04.04 03:16:47.416,1.17979,1.17986,1.12,2.25
2017.04.04 03:16:48.201,1.1798,1.17986,1.00,1.31
2017.04.04 03:16:48.706,1.1798,1.17988,1.00,2.81
2017.04.04 03:16:50.410,1.17979,1.17985,1.50,3.56
2017.04.04 03:16:50.461,1.17979,1.17984,1.50,1.69
2017.04.04 03:16:50.764,1.17971,1.17978,2.25,3.19
2017.04.04 03:16:50.815,1.17972,1.17978,1.00,3.19
2017.04.04 03:16:50.866,1.17971,1.17978,1.00,3.19
2017.04.04 03:16:51.383,1.17971,1.17977,1.50,1.56
2017.04.04 03:16:54.306,1.17972,1.17978,1.00,2.06
2017.04.04 03:16:54.812,1.17971,1.17978,1.00,2.44
2017.04.04 03:16:56.626,1.17971,1.17978,1.50,3.37
2017.04.04 03:16:57.148,1.17971,1.17976,1.00,1.25
2017.04.04 03:16:58.628,1.17971,1.17978,1.00,3.56
2017.04.04 03:16:59.240,1.1797,1.17978,1.00,4.69
2017.04.04 03:17:00.995,1.17971,1.17976,1.00,1.25
2017.04.04 03:17:02.137,1.17971,1.17978,1.00,3.94
2017.04.04 03:17:07.107,1.17969,1.17977,1.00,2.44
2017.04.04 03:17:07.158,1.17969,1.17977,1.00,2.44
2017.04.04 03:17:07.805,1.1797,1.17976,1.00,1.25
2017.04.04 03:17:07.992,1.17972,1.17977,1.00,1.37
2017.04.04 03:17:08.506,1.17972,1.17977,1.50,1.12
2017.04.04 03:17:10.167,1.17971,1.17977,1.00,2.44
2017.04.04 03:17:10.775,1.1797,1.17977,1.50,3.19
2017.04.04 03:17:12.972,1.17971,1.17977,1.00,1.94
2017.04.04 03:17:15.687,1.17971,1.17977,1.00,1.69
2017.04.04 03:17:16.958,1.17971,1.17977,1.00,1.94
2017.04.04 03:17:25.447,1.17971,1.17976,1.00,1.25
2017.04.04 03:17:26.960,1.17972,1.17976,1.00,1.25
2017.04.04 03:17:27.471,1.17972,1.17975,1.00,1.00
2017.04.04 03:17:28.079,1.17971,1.17976,1.00,1.25
2017.04.04 03:17:29.959,1.17971,1.17977,1.00,1.69
2017.04.04 03:17:30.490,1.17971,1.17977,1.00,1.94
2017.04.04 03:17:31.009,1.1797,1.17977,2.25,1.94
2017.04.04 03:17:33.080,1.17969,1.17977,1.00,2.44
2017.04.04 03:17:33.810,1.17968,1.17975,4.87,1.31
2017.04.04 03:17:34.325,1.17969,1.17976,1.50,1.56
2017.04.04 03:17:36.165,1.1797,1.17976,1.00,1.56
2017.04.04 03:17:36.720,1.17969,1.17976,3.00,1.56
2017.04.04 03:17:38.479,1.17969,1.17976,2.25,1.69
2017.04.04 03:17:38.983,1.1797,1.17976,1.00,1.12
2017.04.04 03:17:39.791,1.17968,1.17976,4.87,2.81
2017.04.04 03:17:39.842,1.17969,1.17976,1.50,2.81
2017.04.04 03:17:40.375,1.17969,1.17976,2.62,1.69
2017.04.04 03:17:40.918,1.1797,1.17975,1.00,1.00
2017.04.04 03:17:42.319,1.17969,1.17975,1.50,1.00
2017.04.04 03:17:42.990,1.17969,1.17976,3.00,1.69
2017.04.04 03:17:43.875,1.17969,1.17975,3.00,1.00
2017.04.04 03:17:44.640,1.17969,1.17976,1.50,1.31
2017.04.04 03:17:45.300,1.17969,1.17975,1.50,1.00
2017.04.04 03:17:45.923,1.17969,1.17977,2.25,2.44
2017.04.04 03:17:46.473,1.1797,1.17977,1.00,1.69
2017.04.04 03:17:47.052,1.17969,1.17975,3.00,1.00
2017.04.04 03:17:47.610,1.17969,1.17976,1.50,1.12
2017.04.04 03:17:48.164,1.17969,1.17975,1.50,1.00
2017.04.04 03:17:48.984,1.17969,1.17973,2.25,1.00
2017.04.04 03:17:49.329,1.17961,1.17968,3.00,1.12
2017.04.04 03:17:56.356,1.17962,1.17968,1.00,1.12
2017.04.04 03:17:56.457,1.17965,1.1797,1.00,3.75
2017.04.04 03:17:56.964,1.17965,1.1797,1.00,1.87
2017.04.04 03:17:57.909,1.17963,1.1797,1.50,1.50
2017.04.04 03:18:01.044,1.17964,1.17972,1.00,3.94
2017.04.04 03:18:02.736,1.17966,1.17972,1.00,1.50
2017.04.04 03:18:02.837,1.17964,1.17972,2.25,1.87
2017.04.04 03:18:04.781,1.17964,1.17972,1.50,1.12
2017.04.04 03:18:07.703,1.17964,1.17972,1.50,2.44
2017.04.04 03:18:08.661,1.17964,1.17972,1.50,1.12
2017.04.04 03:18:12.781,1.17964,1.1797,1.50,1.00
2017.04.04 03:18:13.176,1.17967,1.17972,1.00,1.12
2017.04.04 03:18:13.361,1.17969,1.17976,1.00,3.00
2017.04.04 03:18:13.955,1.17969,1.17975,1.00,1.00
2017.04.04 03:18:14.493,1.17969,1.17977,1.50,3.19
2017.04.04 03:18:16.409,1.17968,1.17975,1.00,1.12
2017.04.04 03:18:18.660,1.17968,1.17974,1.00,1.12
2017.04.04 03:18:18.812,1.17966,1.17973,1.87,1.00
2017.04.04 03:18:23.141,1.17968,1.17974,1.00,1.12
2017.04.04 03:18:23.648,1.17967,1.17976,2.62,2.25
2017.04.04 03:18:24.506,1.17967,1.17975,1.12,3.00
2017.04.04 03:18:25.117,1.17967,1.17975,1.12,1.12
2017.04.04 03:18:25.554,1.17967,1.17972,1.00,1.00
2017.04.04 03:18:25.706,1.17964,1.17971,1.12,1.00
2017.04.04 03:18:26.754,1.17963,1.1797,1.87,1.00
2017.04.04 03:18:27.711,1.17964,1.1797,1.00,1.00
2017.04.04 03:18:28.901,1.17965,1.17972,1.00,3.94
2017.04.04 03:18:30.444,1.17965,1.17972,1.00,4.31
2017.04.04 03:18:30.945,1.17966,1.17972,1.00,1.50
2017.04.04 03:18:31.400,1.17964,1.17972,1.87,2.85
2017.04.04 03:18:33.465,1.17964,1.17971,1.00,1.91
2017.04.04 03:18:33.635,1.17967,1.17973,1.00,2.81
2017.04.04 03:18:33.736,1.17967,1.17973,1.00,1.00
2017.04.04 03:18:34.241,1.17967,1.17974,3.00,1.31
2017.04.04 03:18:34.595,1.17967,1.17971,1.50,1.00
2017.04.04 03:18:34.747,1.17964,1.1797,1.12,1.00
2017.04.04 03:18:35.755,1.17964,1.17971,2.25,1.31
2017.04.04 03:18:36.008,1.17966,1.17972,1.00,1.00
2017.04.04 03:18:36.449,1.17964,1.1797,1.00,1.00
2017.04.04 03:18:36.651,1.17965,1.17972,1.00,1.50
2017.04.04 03:18:36.954,1.17966,1.17975,1.50,5.81
2017.04.04 03:18:37.459,1.17967,1.17975,1.50,1.31
2017.04.04 03:18:38.071,1.1797,1.17976,1.00,2.44
2017.04.04 03:18:39.546,1.1797,1.17976,1.00,1.69
2017.04.04 03:18:41.535,1.1797,1.17976,1.00,1.69
2017.04.04 03:18:47.635,1.17971,1.17977,1.00,1.69
2017.04.04 03:18:48.176,1.17971,1.17978,1.00,2.81
2017.04.04 03:18:52.332,1.17973,1.17977,1.00,1.31
2017.04.04 03:18:52.383,1.17973,1.17979,1.00,2.44
2017.04.04 03:18:55.487,1.17973,1.17979,1.00,1.56
2017.04.04 03:18:56.004,1.17973,1.17979,1.00,1.12
2017.04.04 03:18:56.852,1.17973,1.17979,1.00,1.56
2017.04.04 03:18:57.105,1.17971,1.17979,2.25,2.06
2017.04.04 03:19:01.526,1.17971,1.17978,1.50,2.06
2017.04.04 03:19:02.046,1.17971,1.17978,1.50,2.44
2017.04.04 03:19:03.110,1.17971,1.17978,1.50,1.87
2017.04.04 03:19:03.212,1.17969,1.17978,3.00,2.62
2017.04.04 03:19:03.415,1.17971,1.17977,1.00,1.25
2017.04.04 03:19:04.880,1.17971,1.17978,1.00,2.81
2017.04.04 03:19:05.234,1.17968,1.17977,2.25,4.54
2017.04.04 03:19:09.627,1.17967,1.17975,1.00,4.69
2017.04.04 03:19:12.479,1.17965,1.17972,3.37,2.10
2017.04.04 03:19:12.530,1.17965,1.17971,1.12,2.44
2017.04.04 03:19:12.834,1.17964,1.1797,1.00,2.06
2017.04.04 03:19:13.354,1.17964,1.1797,1.00,3.56
2017.04.04 03:19:13.889,1.17964,1.1797,1.00,2.81
2017.04.04 03:19:15.646,1.17965,1.1797,1.00,1.56
2017.04.04 03:19:16.200,1.17964,1.17969,1.00,1.31
2017.04.04 03:19:19.049,1.17964,1.17969,1.00,1.56
2017.04.04 03:19:19.337,1.17964,1.1797,1.00,1.00
2017.04.04 03:19:19.439,1.17965,1.1797,1.50,1.56
2017.04.04 03:19:19.954,1.17966,1.1797,1.00,1.56
2017.04.04 03:19:20.547,1.17966,1.1797,1.00,1.56
2017.04.04 03:19:21.089,1.17965,1.1797,1.50,1.56
2017.04.04 03:19:21.647,1.17966,1.1797,1.00,1.56
2017.04.04 03:19:23.276,1.17964,1.1797,1.00,2.06
2017.04.04 03:19:23.835,1.17964,1.1797,1.00,2.44
2017.04.04 03:19:24.341,1.17964,1.1797,1.00,2.44
2017.04.04 03:19:25.708,1.17965,1.1797,1.00,1.12
2017.04.04 03:19:25.759,1.17965,1.1797,1.00,1.69
2017.04.04 03:19:26.063,1.1797,1.17974,1.00,3.94
2017.04.04 03:19:26.164,1.17968,1.17973,1.00,2.06
2017.04.04 03:19:29.286,1.17969,1.17973,1.00,1.56
2017.04.04 03:19:29.855,1.17969,1.17973,1.00,1.56
2017.04.04 03:19:30.425,1.17968,1.17973,1.50,1.56
2017.04.04 03:19:31.134,1.17968,1.17973,1.00,1.56
2017.04.04 03:19:33.033,1.17968,1.17973,1.00,1.56
2017.04.04 03:19:33.541,1.17967,1.17972,1.00,1.56
2017.04.04 03:19:35.869,1.17967,1.17972,1.00,1.31
2017.04.04 03:19:38.988,1.17966,1.17972,1.00,1.31
2017.04.04 03:19:41.688,1.17964,1.17972,1.50,1.69
2017.04.04 03:19:41.910,1.17966,1.17972,1.00,1.31
2017.04.04 03:19:42.447,1.17965,1.17972,1.00,2.06
2017.04.04 03:19:45.084,1.17965,1.17972,1.00,1.56
2017.04.04 03:19:45.648,1.17965,1.17972,1.00,1.31
2017.04.04 03:19:50.886,1.17966,1.17972,1.00,2.44
2017.04.04 03:19:53.745,1.17966,1.17971,1.00,1.00
2017.04.04 03:19:54.273,1.17966,1.17972,1.00,2.44
2017.04.04 03:19:54.914,1.17965,1.17972,1.50,2.44
2017.04.04 03:19:56.246,1.17966,1.17972,1.00,2.44
2017.04.04 03:19:56.766,1.17965,1.17972,1.50,1.87
2017.04.04 03:19:57.405,1.17965,1.17971,1.87,1.00
2017.04.04 03:19:59.049,1.17966,1.17971,1.00,1.31
2017.04.04 03:20:01.037,1.17966,1.1797,1.00,1.00
2017.04.04 03:20:03.268,1.17965,1.1797,1.50,1.00
2017.04.04 03:20:05.008,1.17966,1.1797,1.00,1.00
2017.04.04 03:20:05.284,1.17964,1.1797,1.87,1.00
2017.04.04 03:20:05.828,1.17964,1.17969,1.12,1.00
2017.04.04 03:20:07.774,1.17964,1.17971,2.25,2.62
2017.04.04 03:20:07.926,1.17964,1.17969,2.25,1.00
2017.04.04 03:20:08.459,1.17963,1.17967,1.50,1.00
2017.04.04 03:20:09.022,1.17962,1.17967,2.25,1.00
2017.04.04 03:20:10.017,1.17963,1.17967,1.00,1.00
2017.04.04 03:20:11.015,1.17963,1.17968,1.00,1.50
2017.04.04 03:20:13.580,1.17963,1.17966,1.00,1.00
2017.04.04 03:20:14.124,1.17962,1.17966,2.25,1.00
2017.04.04 03:20:16.257,1.17964,1.17968,1.00,1.00
2017.04.04 03:20:16.611,1.17964,1.1797,1.00,1.50
2017.04.04 03:20:17.112,1.17965,1.1797,1.00,1.00
2017.04.04 03:20:20.626,1.17964,1.17966,1.00,1.00
2017.04.04 03:20:20.930,1.17961,1.17965,1.00,1.56
2017.04.04 03:20:20.981,1.1796,1.17965,1.00,1.56
2017.04.04 03:20:21.510,1.17959,1.17965,2.62,1.69
2017.04.04 03:20:22.016,1.1796,1.17963,1.00,1.00
2017.04.04 03:20:22.118,1.17962,1.17964,1.00,1.00
2017.04.04 03:20:22.270,1.17959,1.17962,1.00,1.00
2017.04.04 03:20:22.371,1.17959,1.17964,1.50,1.00
2017.04.04 03:20:22.422,1.17961,1.17964,1.00,1.00
2017.04.04 03:20:22.523,1.17959,1.17963,1.50,1.00
2017.04.04 03:20:22.675,1.17961,1.17964,1.00,1.12
2017.04.04 03:20:23.079,1.17959,1.17964,1.50,1.12
2017.04.04 03:20:24.637,1.17958,1.17962,1.00,1.00
2017.04.04 03:20:25.041,1.17956,1.17962,1.12,1.00
2017.04.04 03:20:25.142,1.17958,1.17962,1.00,1.00
2017.04.04 03:20:25.653,1.17959,1.17963,1.00,1.31
2017.04.04 03:20:26.184,1.17958,1.17963,1.00,1.31
2017.04.04 03:20:27.672,1.1796,1.17964,1.00,3.19
2017.04.04 03:20:27.774,1.17958,1.17966,3.37,2.81
2017.04.04 03:20:27.825,1.17962,1.17966,1.00,2.62
2017.04.04 03:20:28.331,1.17963,1.17966,1.00,1.50
2017.04.04 03:20:30.060,1.17959,1.17965,1.50,4.12
2017.04.04 03:20:30.111,1.17959,1.17962,1.87,1.12
2017.04.04 03:20:30.213,1.17957,1.17962,2.62,1.12
2017.04.04 03:20:30.466,1.17955,1.17961,4.69,1.00
2017.04.04 03:20:36.488,1.17957,1.17962,1.00,1.00
2017.04.04 03:20:36.791,1.17959,1.17962,1.00,1.50
2017.04.04 03:20:40.956,1.17958,1.17962,1.50,1.00
2017.04.04 03:20:41.826,1.17959,1.17963,1.00,1.50
2017.04.04 03:20:42.281,1.17958,1.17961,1.00,1.00
2017.04.04 03:20:42.786,1.17957,1.17961,1.50,1.00
2017.04.04 03:20:44.886,1.17959,1.17961,1.00,1.00
2017.04.04 03:20:44.987,1.17957,1.17961,1.50,1.00
2017.04.04 03:20:48.167,1.17956,1.17963,2.25,2.81
2017.04.04 03:20:48.470,1.17956,1.17961,1.50,1.00
2017.04.04 03:20:50.583,1.17955,1.17961,1.50,1.00
2017.04.04 03:20:50.886,1.17957,1.17961,1.00,1.00
2017.04.04 03:20:51.694,1.17957,1.1796,1.00,1.00
2017.04.04 03:20:52.278,1.17956,1.1796,1.50,1.50
2017.04.04 03:20:52.871,1.17957,1.1796,1.00,1.00
2017.04.04 03:20:53.376,1.17956,1.1796,1.50,1.00
2017.04.04 03:20:54.797,1.17954,1.1796,1.50,1.00
2017.04.04 03:20:54.950,1.17954,1.17958,1.00,1.00
2017.04.04 03:20:55.152,1.17949,1.17955,1.00,1.12
2017.04.04 03:20:55.203,1.17949,1.17953,1.00,1.00
2017.04.04 03:20:55.716,1.17948,1.17953,1.87,1.00
2017.04.04 03:20:57.002,1.17949,1.1795,1.00,1.00
2017.04.04 03:20:57.103,1.17946,1.17949,1.50,1.00
2017.04.04 03:20:57.205,1.17942,1.17946,2.62,1.00
2017.04.04 03:20:57.256,1.17943,1.17946,1.00,1.00
2017.04.04 03:20:57.508,1.17945,1.17947,1.00,1.00
2017.04.04 03:20:57.559,1.17943,1.17947,1.50,1.00
2017.04.04 03:20:57.661,1.17944,1.17949,1.00,1.50
2017.04.04 03:20:57.762,1.17946,1.17949,1.00,1.00
2017.04.04 03:20:58.103,1.17948,1.1795,1.12,1.00
2017.04.04 03:20:58.407,1.17945,1.17947,1.87,1.00
2017.04.04 03:20:58.457,1.17943,1.17945,1.50,1.00
2017.04.04 03:20:58.963,1.17943,1.17946,1.12,1.00
2017.04.04 03:20:59.266,1.17946,1.17947,1.00,1.00
2017.04.04 03:20:59.418,1.17944,1.17947,1.00,1.00
2017.04.04 03:20:59.620,1.17943,1.17945,1.00,1.00
2017.04.04 03:21:00.125,1.17942,1.17945,1.00,1.00
2017.04.04 03:21:00.716,1.17942,1.17947,1.12,1.50
2017.04.04 03:21:01.221,1.17942,1.17946,1.00,1.00
2017.04.04 03:21:01.727,1.17942,1.17944,1.12,1.00
2017.04.04 03:21:05.011,1.17941,1.17946,3.19,1.50
2017.04.04 03:21:05.317,1.17938,1.17942,4.50,1.00
2017.04.04 03:21:05.367,1.17938,1.17941,1.00,1.50
2017.04.04 03:21:05.419,1.17936,1.1794,1.31,1.00
2017.04.04 03:21:05.521,1.17935,1.17938,1.00,1.00
2017.04.04 03:21:06.041,1.17935,1.17939,1.37,1.00
2017.04.04 03:21:06.546,1.17935,1.17938,1.00,1.00
2017.04.04 03:21:07.054,1.17935,1.17938,1.37,1.00
2017.04.04 03:21:07.156,1.17934,1.17938,1.12,1.00
2017.04.04 03:21:07.661,1.17934,1.17937,1.00,1.00
2017.04.04 03:21:09.297,1.17936,1.17937,1.00,1.00
2017.04.04 03:21:09.752,1.17933,1.17934,1.00,1.00
2017.04.04 03:21:09.853,1.17931,1.17933,1.00,1.00
2017.04.04 03:21:09.955,1.17929,1.17933,1.12,1.50
2017.04.04 03:21:10.481,1.17929,1.17932,1.00,1.00
2017.04.04 03:21:12.317,1.1793,1.17932,1.12,1.00
2017.04.04 03:21:12.368,1.17932,1.17934,1.00,1.00
2017.04.04 03:21:12.621,1.17939,1.17942,1.50,1.87
2017.04.04 03:21:13.127,1.1794,1.17943,1.00,1.00
2017.04.04 03:21:13.657,1.17939,1.17943,1.12,1.50
2017.04.04 03:21:14.209,1.17938,1.17943,1.12,1.00
2017.04.04 03:21:14.361,1.1794,1.17944,1.00,1.00
2017.04.04 03:21:14.916,1.17939,1.17944,1.87,1.50
2017.04.04 03:21:15.422,1.17939,1.17943,1.50,1.00
2017.04.04 03:21:17.340,1.1794,1.17943,1.00,1.50
2017.04.04 03:21:17.694,1.17942,1.17943,1.00,1.00
2017.04.04 03:21:18.099,1.17938,1.1794,1.00,1.00
2017.04.04 03:21:18.201,1.17937,1.17939,1.00,1.00
2017.04.04 03:21:20.569,1.17936,1.17939,1.00,1.00
2017.04.04 03:21:20.670,1.17938,1.17939,1.00,1.00
2017.04.04 03:21:20.873,1.17936,1.17941,1.56,1.50
2017.04.04 03:21:20.924,1.17935,1.17941,2.44,1.00
2017.04.04 03:21:21.077,1.17937,1.1794,1.00,1.50
2017.04.04 03:21:21.401,1.17939,1.1794,1.00,1.00
2017.04.04 03:21:21.956,1.1794,1.17941,1.00,1.00
2017.04.04 03:21:22.007,1.17938,1.17941,1.50,1.00
2017.04.04 03:21:22.543,1.17939,1.1794,1.00,1.00
2017.04.04 03:21:22.805,1.17938,1.17942,1.00,1.50
2017.04.04 03:21:23.437,1.17939,1.17942,1.00,1.00
2017.04.04 03:21:23.950,1.17939,1.17941,1.00,1.00
2017.04.04 03:21:26.335,1.17937,1.17941,1.12,1.00
2017.04.04 03:21:26.844,1.17936,1.17941,1.69,1.50
2017.04.04 03:21:27.948,1.17936,1.1794,1.25,1.00
2017.04.04 03:21:28.597,1.17935,1.17939,2.25,1.00
2017.04.04 03:21:29.140,1.17935,1.1794,3.00,1.00
2017.04.04 03:21:29.649,1.17935,1.17939,1.00,1.00
2017.04.04 03:21:30.171,1.17934,1.17939,1.87,1.00
2017.04.04 03:21:36.274,1.17935,1.17939,1.00,1.00
2017.04.04 03:21:36.814,1.17934,1.1794,3.19,1.50
2017.04.04 03:21:37.318,1.17935,1.17941,2.81,1.00
2017.04.04 03:21:37.844,1.17936,1.1794,2.06,1.00
2017.04.04 03:21:38.878,1.17937,1.1794,1.69,1.00
2017.04.04 03:21:40.628,1.17937,1.17942,3.19,1.00
2017.04.04 03:21:40.708,1.17937,1.1794,3.19,1.00
2017.04.04 03:21:41.214,1.17938,1.17941,1.87,1.00
2017.04.04 03:21:41.930,1.1794,1.17941,1.00,1.00
2017.04.04 03:21:42.220,1.17937,1.17941,2.44,1.00
2017.04.04 03:21:42.892,1.17937,1.17941,2.44,1.00
2017.04.04 03:21:44.309,1.17937,1.17939,1.31,1.00
2017.04.04 03:21:45.155,1.17936,1.17939,1.69,1.00
2017.04.04 03:21:46.070,1.17935,1.17938,1.50,1.00
2017.04.04 03:21:46.366,1.1793,1.17934,3.00,1.00
2017.04.04 03:21:46.671,1.17929,1.17934,3.00,1.00
2017.04.04 03:21:47.219,1.1793,1.17934,1.00,1.00
2017.04.04 03:21:47.756,1.17929,1.17934,3.37,1.00
2017.04.04 03:21:48.041,1.17929,1.17932,1.12,1.00
2017.04.04 03:21:48.373,1.17926,1.17929,1.37,1.00
2017.04.04 03:21:48.425,1.17925,1.17929,1.00,1.00
2017.04.04 03:21:49.073,1.17923,1.17929,3.00,1.00
2017.04.04 03:21:52.098,1.17923,1.17928,1.87,1.00
2017.04.04 03:21:52.149,1.17923,1.17926,1.50,1.00
2017.04.04 03:21:52.453,1.1792,1.17923,1.00,1.00
2017.04.04 03:21:52.656,1.17918,1.17923,1.00,1.00
2017.04.04 03:21:52.758,1.1792,1.17923,1.00,1.00
2017.04.04 03:21:53.112,1.17918,1.17922,1.87,1.00
2017.04.04 03:21:54.995,1.17919,1.17922,1.00,1.00
2017.04.04 03:21:55.776,1.17919,1.17924,1.12,1.00
2017.04.04 03:21:55.827,1.17921,1.17924,1.00,1.00
2017.04.04 03:21:56.341,1.1792,1.17924,1.50,1.00
2017.04.04 03:21:57.041,1.1792,1.17923,1.00,1.00
2017.04.04 03:21:59.235,1.17922,1.17923,1.00,1.00
2017.04.04 03:21:59.285,1.17922,1.17925,1.00,1.00
2017.04.04 03:21:59.824,1.17922,1.17924,1.00,1.00
2017.04.04 03:22:00.566,1.17922,1.17925,1.00,1.00
2017.04.04 03:22:01.101,1.17921,1.17924,1.00,1.00
2017.04.04 03:22:06.215,1.17922,1.17926,1.00,2.06
2017.04.04 03:22:06.417,1.17923,1.17927,1.87,1.50
2017.04.04 03:22:06.929,1.17922,1.17926,1.87,1.00
2017.04.04 03:22:07.283,1.17924,1.17925,1.00,1.00
2017.04.04 03:22:07.486,1.17922,1.17925,2.25,1.00
2017.04.04 03:22:07.638,1.17924,1.17925,1.00,1.00
2017.04.04 03:22:07.739,1.17921,1.17925,1.87,1.50
2017.04.04 03:22:07.840,1.17921,1.17922,1.12,1.00
2017.04.04 03:22:07.891,1.1792,1.17924,1.50,1.31
2017.04.04 03:22:07.942,1.17919,1.17924,1.12,1.31
2017.04.04 03:22:08.492,1.1792,1.17924,1.00,2.06
2017.04.04 03:22:18.189,1.1792,1.17925,1.00,1.00
2017.04.04 03:22:18.672,1.17919,1.17922,1.00,1.00
2017.04.04 03:22:18.773,1.17917,1.17922,2.25,1.00
2017.04.04 03:22:19.314,1.17916,1.17923,1.87,1.00
2017.04.04 03:22:20.828,1.17918,1.17923,1.00,1.00
2017.04.04 03:22:21.178,1.17921,1.17924,1.00,1.12
2017.04.04 03:22:21.704,1.1792,1.17924,1.00,1.00
2017.04.04 03:22:22.206,1.17921,1.17924,1.00,1.00
2017.04.04 03:22:22.715,1.1792,1.17925,1.00,1.00
2017.04.04 03:22:23.230,1.17919,1.17926,1.50,1.00
2017.04.04 03:22:25.441,1.1792,1.17926,1.00,2.25
2017.04.04 03:22:25.542,1.17922,1.17926,1.00,3.00
2017.04.04 03:22:26.079,1.17921,1.17926,1.00,1.50
2017.04.04 03:22:27.255,1.17921,1.17925,1.00,1.00
2017.04.04 03:22:27.610,1.17922,1.17927,1.00,1.00
2017.04.04 03:22:27.964,1.17923,1.17929,1.00,1.50
2017.04.04 03:22:28.522,1.17924,1.17929,1.00,1.00
2017.04.04 03:22:28.573,1.17922,1.17929,1.00,1.00
2017.04.04 03:22:28.876,1.17922,1.17927,1.50,1.00
2017.04.04 03:22:29.382,1.17923,1.17928,1.00,1.00
2017.04.04 03:22:32.954,1.17923,1.17929,1.50,1.00
2017.04.04 03:22:33.258,1.17925,1.17929,1.00,1.00
2017.04.04 03:22:33.589,1.17928,1.17932,1.50,1.87
2017.04.04 03:22:33.690,1.17929,1.17934,1.50,2.62
2017.04.04 03:22:33.842,1.17932,1.17934,1.00,1.00
2017.04.04 03:22:33.893,1.17932,1.17936,1.00,3.00
2017.04.04 03:22:35.378,1.1793,1.17933,1.87,1.00
2017.04.04 03:22:35.653,1.17926,1.17931,1.50,1.00
2017.04.04 03:22:35.906,1.17924,1.1793,2.62,1.00
2017.04.04 03:22:36.517,1.17925,1.1793,1.00,1.50
2017.04.04 03:22:37.023,1.17925,1.17929,1.00,1.00
2017.04.04 03:22:39.975,1.17926,1.17929,1.00,1.00
2017.04.04 03:22:40.535,1.17925,1.1793,1.50,1.00
2017.04.04 03:22:41.510,1.17924,1.17929,1.00,1.00
2017.04.04 03:22:42.236,1.17925,1.1793,1.00,1.00
2017.04.04 03:22:43.442,1.17924,1.17928,1.00,1.00
2017.04.04 03:22:44.842,1.17922,1.17928,1.69,1.00
2017.04.04 03:22:47.469,1.17924,1.17928,1.00,1.00
2017.04.04 03:22:47.520,1.17924,1.1793,1.31,1.50
2017.04.04 03:22:48.043,1.17924,1.17929,1.56,1.00
2017.04.04 03:22:48.569,1.17924,1.1793,1.31,1.00
2017.04.04 03:22:49.242,1.17924,1.1793,2.06,1.00
2017.04.04 03:22:50.738,1.17924,1.17929,1.00,1.00
2017.04.04 03:22:50.851,1.17922,1.17928,2.06,1.00
2017.04.04 03:22:52.670,1.17922,1.1793,2.81,1.50
2017.04.04 03:22:53.214,1.17922,1.1793,2.06,1.50
2017.04.04 03:22:54.565,1.17923,1.1793,1.31,1.00
2017.04.04 03:22:55.266,1.17922,1.17929,3.19,1.00
2017.04.04 03:22:56.570,1.17925,1.17929,1.00,1.12
2017.04.04 03:22:57.456,1.17925,1.1793,1.00,1.87
2017.04.04 03:22:57.828,1.17925,1.17928,1.00,1.00
2017.04.04 03:22:57.879,1.17922,1.17928,2.25,1.00
2017.04.04 03:22:57.958,1.17922,1.17926,1.50,1.00
2017.04.04 03:22:58.211,1.1792,1.17925,1.00,1.00
2017.04.04 03:22:59.816,1.1792,1.17927,1.00,3.37
2017.04.04 03:22:59.918,1.17923,1.17927,1.00,1.00
2017.04.04 03:23:00.120,1.17923,1.17929,1.00,1.00
2017.04.04 03:23:00.853,1.17923,1.1793,1.00,1.00
2017.04.04 03:23:00.956,1.17921,1.17927,1.00,2.25
2017.04.04 03:23:01.057,1.17919,1.17927,1.50,3.37
2017.04.04 03:23:01.108,1.17922,1.17927,1.00,2.25
2017.04.04 03:23:01.310,1.1792,1.17927,1.31,1.50
2017.04.04 03:23:01.997,1.17922,1.17926,1.12,1.50
2017.04.04 03:23:02.352,1.17922,1.17928,1.00,1.50
2017.04.04 03:23:02.403,1.17922,1.17928,1.00,1.50
2017.04.04 03:23:02.910,1.17923,1.1793,1.00,1.50
2017.04.04 03:23:02.961,1.17923,1.1793,1.00,2.25
2017.04.04 03:23:03.446,1.17925,1.17928,1.00,1.00
2017.04.04 03:23:03.547,1.17925,1.1793,1.00,1.00
2017.04.04 03:23:04.090,1.17926,1.17932,1.00,1.50
2017.04.04 03:23:04.151,1.17924,1.17931,1.50,1.00
2017.04.04 03:23:04.720,1.17924,1.1793,1.00,1.00
2017.04.04 03:23:09.277,1.17923,1.1793,1.00,1.00
2017.04.04 03:23:09.944,1.17922,1.1793,2.25,1.31
2017.04.04 03:23:12.442,1.17924,1.1793,1.00,1.00
2017.04.04 03:23:13.928,1.17926,1.1793,1.00,1.00
2017.04.04 03:23:14.359,1.17924,1.17932,2.62,1.69
2017.04.04 03:23:14.935,1.17924,1.17932,1.50,1.69
2017.04.04 03:23:19.837,1.17924,1.17932,1.00,3.00
2017.04.04 03:23:21.895,1.17926,1.17931,1.00,1.50
2017.04.04 03:23:22.097,1.17924,1.17932,1.50,1.25
2017.04.04 03:23:22.612,1.17924,1.17932,1.50,1.62
2017.04.04 03:23:23.277,1.17924,1.17932,1.50,1.50
2017.04.04 03:23:30.391,1.17926,1.17932,1.00,1.00
2017.04.04 03:23:30.593,1.17924,1.17932,1.50,1.00
2017.04.04 03:23:30.644,1.17926,1.17932,1.00,1.00
2017.04.04 03:23:31.897,1.17927,1.17933,1.00,1.37
2017.04.04 03:23:32.426,1.17927,1.17933,1.00,1.00
2017.04.04 03:23:33.164,1.17926,1.17933,1.00,1.12
2017.04.04 03:23:35.593,1.17926,1.17932,1.00,1.00
2017.04.04 03:23:36.119,1.17926,1.17933,1.00,1.00
2017.04.04 03:23:39.456,1.17926,1.17934,1.00,2.25
2017.04.04 03:23:41.445,1.17926,1.17931,1.00,1.50
2017.04.04 03:23:41.647,1.17925,1.17932,1.50,2.25
2017.04.04 03:23:42.052,1.17926,1.17934,1.50,2.62
2017.04.04 03:23:42.103,1.1793,1.17934,1.00,1.00
2017.04.04 03:23:42.205,1.17933,1.17938,1.00,1.50
2017.04.04 03:23:42.357,1.17933,1.1794,1.00,2.25
2017.04.04 03:23:45.402,1.17933,1.1794,1.00,3.75
2017.04.04 03:23:45.973,1.17933,1.1794,1.00,3.75
2017.04.04 03:23:46.493,1.17932,1.1794,1.00,4.87
2017.04.04 03:23:50.654,1.17932,1.17939,1.50,1.00
2017.04.04 03:23:51.186,1.17932,1.1794,1.50,4.12
2017.04.04 03:23:53.567,1.17932,1.1794,2.06,1.12
2017.04.04 03:23:54.044,1.17931,1.17937,2.06,1.00
2017.04.04 03:23:54.095,1.17931,1.17938,1.00,1.50
2017.04.04 03:23:54.146,1.1793,1.17938,1.00,3.00
2017.04.04 03:23:54.674,1.17929,1.17935,1.56,1.12
2017.04.04 03:23:55.258,1.17929,1.17935,1.00,1.00
2017.04.04 03:23:55.360,1.17927,1.17935,2.44,1.50
2017.04.04 03:23:55.966,1.17928,1.17935,1.00,2.62
2017.04.04 03:23:59.639,1.17926,1.17934,2.06,1.37
2017.04.04 03:23:59.851,1.17927,1.17934,2.06,1.12
2017.04.04 03:24:02.428,1.17926,1.17935,2.06,6.37
2017.04.04 03:24:02.645,1.17926,1.17934,1.56,1.50
2017.04.04 03:24:07.528,1.17925,1.17932,1.56,2.25
2017.04.04 03:24:07.579,1.17924,1.17931,1.56,1.50
2017.04.04 03:24:08.085,1.17925,1.17932,1.31,1.75
2017.04.04 03:24:08.186,1.17924,1.17931,2.06,1.00
2017.04.04 03:24:08.388,1.17924,1.17931,1.50,1.00
2017.04.04 03:24:08.937,1.17923,1.17931,3.00,1.00
2017.04.04 03:24:11.106,1.17923,1.17929,2.25,1.00
2017.04.04 03:24:11.636,1.17922,1.17928,1.50,1.00
2017.04.04 03:24:12.487,1.17922,1.17929,1.50,1.50
2017.04.04 03:24:13.154,1.17923,1.17929,1.00,1.00
2017.04.04 03:24:13.459,1.17928,1.17933,1.00,1.00
2017.04.04 03:24:19.661,1.17927,1.17932,1.00,1.00
2017.04.04 03:24:19.880,1.17922,1.17928,2.25,1.00
2017.04.04 03:24:19.931,1.17924,1.1793,1.12,2.44
2017.04.04 03:24:20.235,1.17921,1.17927,1.12,1.19
2017.04.04 03:24:20.336,1.17922,1.17928,1.00,1.00
2017.04.04 03:24:20.387,1.17925,1.17931,1.00,1.72
2017.04.04 03:24:20.540,1.17923,1.1793,1.00,4.31
2017.04.04 03:24:20.742,1.17923,1.17927,1.00,1.00
2017.04.04 03:24:20.844,1.1792,1.17927,2.25,1.69
2017.04.04 03:24:21.780,1.17921,1.17927,1.00,2.44
2017.04.04 03:24:22.306,1.1792,1.17927,2.25,1.19
2017.04.04 03:24:22.816,1.17921,1.17928,2.25,1.69
2017.04.04 03:24:23.321,1.17922,1.17929,1.00,1.69
2017.04.04 03:24:23.430,1.17922,1.17929,1.00,1.54
2017.04.04 03:24:25.355,1.17923,1.17929,1.00,1.54
2017.04.04 03:24:25.406,1.17923,1.17929,1.00,1.54
2017.04.04 03:24:28.387,1.17923,1.17929,1.00,1.25
2017.04.04 03:24:28.722,1.17923,1.17927,1.00,1.12
2017.04.04 03:24:28.824,1.1792,1.17927,1.87,1.50
2017.04.04 03:24:29.000,1.17922,1.17925,1.50,1.00
2017.04.04 03:24:29.102,1.17923,1.17928,1.00,1.00
2017.04.04 03:24:29.203,1.1792,1.17925,1.87,1.00
2017.04.04 03:24:29.725,1.17921,1.17926,1.00,1.00
2017.04.04 03:24:29.827,1.17922,1.1793,1.00,2.62
2017.04.04 03:24:30.332,1.17923,1.17928,1.00,1.00
2017.04.04 03:24:30.834,1.17925,1.1793,1.00,1.00
2017.04.04 03:24:31.339,1.17925,1.17932,1.00,1.69
2017.04.04 03:24:31.703,1.17923,1.1793,3.37,2.06
2017.04.04 03:24:31.754,1.17922,1.17929,2.25,2.06
2017.04.04 03:24:32.196,1.17924,1.1793,1.00,1.00
2017.04.04 03:24:32.399,1.17925,1.17932,1.00,2.81
2017.04.04 03:24:32.702,1.17927,1.17933,1.00,1.69
2017.04.04 03:24:33.207,1.17929,1.17934,1.00,1.00
2017.04.04 03:24:33.460,1.17927,1.17933,1.87,1.00
2017.04.04 03:24:33.965,1.17928,1.17934,1.00,1.50
2017.04.04 03:24:34.117,1.1793,1.17934,1.00,1.00
2017.04.04 03:24:34.645,1.1793,1.17935,1.00,1.00
2017.04.04 03:24:35.151,1.17929,1.17935,1.00,1.00
2017.04.04 03:24:39.071,1.17929,1.17934,1.00,1.00
2017.04.04 03:24:40.450,1.17929,1.17932,1.12,1.00
2017.04.04 03:24:40.653,1.17927,1.17932,1.87,1.00
2017.04.04 03:24:40.875,1.17929,1.17935,1.50,1.00
2017.04.04 03:24:41.486,1.1793,1.17936,1.50,1.00
2017.04.04 03:24:42.772,1.17931,1.17937,1.50,1.00
2017.04.04 03:24:43.357,1.17931,1.17936,1.50,1.00
2017.04.04 03:24:43.611,1.17933,1.17937,1.00,1.00
2017.04.04 03:24:44.815,1.17932,1.17937,1.00,1.00
2017.04.04 03:24:45.577,1.17932,1.17939,1.50,2.44
2017.04.04 03:24:50.285,1.17933,1.1794,1.50,2.62
2017.04.04 03:24:54.563,1.17934,1.17941,1.00,2.06
2017.04.04 03:24:55.225,1.17934,1.1794,1.00,1.12
2017.04.04 03:24:59.429,1.17934,1.17939,1.00,1.00
2017.04.04 03:24:59.941,1.17935,1.17939,1.00,1.00
2017.04.04 03:25:03.494,1.17935,1.1794,1.50,1.00
2017.04.04 03:25:05.921,1.17935,1.17941,1.00,1.00
2017.04.04 03:25:06.784,1.17935,1.1794,1.00,1.00
2017.04.04 03:25:07.292,1.17935,1.17941,1.00,1.56
2017.04.04 03:25:08.545,1.17935,1.1794,1.00,1.25
2017.04.04 03:25:09.663,1.17934,1.1794,1.00,1.31
2017.04.04 03:25:10.956,1.17934,1.1794,1.00,1.19
2017.04.04 03:25:11.500,1.17934,1.17941,1.00,3.19
2017.04.04 03:25:13.948,1.17934,1.1794,1.00,1.69
2017.04.04 03:25:19.480,1.17933,1.1794,1.50,1.31
2017.04.04 03:25:22.163,1.17934,1.1794,1.00,1.31
2017.04.04 03:25:22.423,1.17936,1.17942,1.00,2.44
2017.04.04 03:25:22.769,1.17937,1.1794,1.00,1.19
2017.04.04 03:25:23.286,1.17936,1.17942,1.12,1.56
2017.04.04 03:25:23.838,1.17936,1.17943,1.87,2.44
2017.04.04 03:25:24.454,1.17937,1.17943,1.00,2.06
2017.04.04 03:25:25.188,1.17936,1.17943,2.62,1.31
2017.04.04 03:25:25.570,1.17938,1.17943,1.00,1.00
2017.04.04 03:25:26.119,1.17937,1.17944,1.00,1.12
2017.04.04 03:25:26.477,1.1794,1.17945,1.00,2.06
2017.04.04 03:25:26.629,1.17941,1.17947,1.00,1.87
2017.04.04 03:25:27.293,1.17942,1.17946,1.00,1.00
2017.04.04 03:25:27.817,1.17941,1.17946,1.50,1.00
2017.04.04 03:25:31.978,1.17941,1.17948,1.00,2.81
2017.04.04 03:25:34.978,1.1794,1.17948,1.00,2.06
2017.04.04 03:25:51.821,1.17941,1.17948,1.00,1.25
2017.04.04 03:25:52.495,1.17942,1.17949,1.50,1.87
2017.04.04 03:25:53.143,1.17942,1.17948,1.50,1.00
2017.04.04 03:25:54.517,1.17942,1.17949,1.50,2.62
2017.04.04 03:25:56.593,1.17943,1.17949,1.00,1.87
2017.04.04 03:25:58.775,1.17942,1.17949,2.25,1.00
2017.04.04 03:25:58.876,1.17945,1.17952,1.00,1.50
2017.04.04 03:25:59.179,1.17947,1.17952,1.00,3.00
2017.04.04 03:26:00.491,1.17946,1.17952,1.00,1.00
2017.04.04 03:26:01.035,1.17945,1.17952,1.50,4.87
2017.04.04 03:26:02.396,1.17946,1.17951,1.00,1.00
2017.04.04 03:26:02.986,1.17945,1.1795,1.50,1.00
2017.04.04 03:26:03.158,1.17945,1.17952,1.50,3.00
2017.04.04 03:26:05.221,1.17946,1.17952,1.50,3.00
2017.04.04 03:26:05.746,1.17944,1.17951,1.50,1.00
2017.04.04 03:26:06.999,1.17943,1.17952,3.94,4.87
2017.04.04 03:26:08.171,1.17943,1.17952,4.31,3.75
2017.04.04 03:26:09.027,1.17944,1.17952,1.00,3.75
2017.04.04 03:26:09.603,1.17944,1.1795,1.12,1.00
2017.04.04 03:26:09.654,1.17944,1.17952,1.12,4.87
2017.04.04 03:26:14.642,1.17945,1.17952,1.00,4.50
2017.04.04 03:26:15.155,1.17944,1.17952,1.00,4.87
2017.04.04 03:26:15.756,1.17944,1.1795,1.00,1.50
2017.04.04 03:26:16.011,1.17946,1.1795,1.00,1.00
2017.04.04 03:26:16.314,1.17948,1.1795,1.00,1.00
2017.04.04 03:26:16.365,1.17948,1.17952,1.00,1.00
2017.04.04 03:26:16.416,1.17948,1.17955,1.50,3.19
2017.04.04 03:26:16.618,1.1795,1.17956,1.00,1.69
2017.04.04 03:26:17.154,1.17949,1.17956,2.25,2.44
2017.04.04 03:26:17.660,1.17948,1.17955,1.00,1.31
2017.04.04 03:26:17.964,1.17946,1.17952,1.00,1.19
2017.04.04 03:26:18.116,1.17947,1.17954,1.00,1.25
2017.04.04 03:26:18.268,1.17946,1.17951,1.50,1.00
2017.04.04 03:26:18.318,1.17946,1.17955,1.12,3.75
2017.04.04 03:26:18.420,1.17947,1.17951,1.00,1.00
2017.04.04 03:26:18.725,1.17945,1.17951,4.12,1.00
2017.04.04 03:26:18.927,1.17947,1.17951,1.00,1.00
2017.04.04 03:26:19.131,1.17945,1.17951,1.50,1.00
2017.04.04 03:26:19.985,1.17945,1.17952,2.62,1.00
2017.04.04 03:26:20.099,1.17948,1.17952,1.12,1.00
2017.04.04 03:26:20.504,1.17947,1.17954,3.00,1.12
2017.04.04 03:26:21.096,1.17947,1.17954,3.00,1.00
2017.04.04 03:26:25.931,1.17949,1.17954,1.00,1.00
2017.04.04 03:26:26.744,1.17948,1.17954,1.12,1.00
2017.04.04 03:26:27.099,1.1795,1.17955,1.87,1.50
2017.04.04 03:26:27.301,1.17949,1.17954,1.00,1.00
2017.04.04 03:26:29.266,1.1795,1.17954,1.00,1.00
2017.04.04 03:26:29.973,1.17951,1.17954,1.00,1.00
2017.04.04 03:26:30.518,1.1795,1.17954,1.00,1.00
2017.04.04 03:26:35.627,1.1795,1.17953,1.00,1.00
2017.04.04 03:26:35.678,1.17947,1.17954,3.00,1.00
2017.04.04 03:26:36.268,1.17947,1.17954,1.50,1.00
2017.04.04 03:26:37.036,1.17949,1.17953,1.00,1.00
2017.04.04 03:26:40.565,1.1795,1.17953,1.00,1.00
2017.04.04 03:26:41.151,1.1795,1.17954,1.00,1.00
2017.04.04 03:26:44.616,1.17949,1.17955,1.00,1.31
2017.04.04 03:26:45.137,1.1795,1.17955,1.00,2.06
2017.04.04 03:26:51.151,1.17949,1.17957,2.25,2.06
2017.04.04 03:26:51.678,1.1795,1.17957,1.00,2.06
2017.04.04 03:26:56.362,1.1795,1.17955,1.50,1.00
2017.04.04 03:27:00.407,1.1795,1.17956,1.00,1.00
2017.04.04 03:27:00.862,1.17951,1.17958,1.50,1.00
2017.04.04 03:27:01.406,1.17952,1.17957,1.00,1.00
2017.04.04 03:27:02.094,1.17952,1.17958,1.00,1.00
2017.04.04 03:27:02.734,1.17951,1.17956,1.00,1.00
2017.04.04 03:27:02.786,1.17951,1.17958,1.00,1.31
2017.04.04 03:27:02.888,1.17951,1.17956,1.00,1.00
2017.04.04 03:27:08.047,1.1795,1.17956,1.00,1.00
2017.04.04 03:27:08.552,1.17949,1.17956,3.00,1.00
2017.04.04 03:27:09.503,1.17949,1.17956,1.50,1.69
2017.04.04 03:27:12.449,1.17953,1.17957,1.00,1.87
2017.04.04 03:27:12.752,1.17951,1.17957,1.87,2.25
2017.04.04 03:27:13.402,1.17952,1.17957,1.00,1.00
2017.04.04 03:27:20.289,1.17952,1.17955,1.00,1.00
2017.04.04 03:27:20.794,1.17951,1.17955,1.00,1.00
2017.04.04 03:27:23.430,1.1795,1.17955,1.00,1.50
2017.04.04 03:27:23.734,1.17952,1.17956,1.00,1.00
2017.04.04 03:27:25.320,1.17951,1.17956,1.00,1.00
2017.04.04 03:27:27.959,1.1795,1.17956,1.00,1.00
2017.04.04 03:27:28.111,1.17947,1.17954,1.12,1.50
2017.04.04 03:27:28.616,1.17948,1.17954,1.50,1.00
2017.04.04 03:27:36.800,1.17947,1.17953,1.00,1.00
2017.04.04 03:27:36.952,1.17946,1.17951,2.87,1.00
2017.04.04 03:27:37.458,1.17946,1.17952,1.00,1.00
2017.04.04 03:27:37.966,1.17946,1.17953,1.50,1.50
2017.04.04 03:27:50.413,1.17946,1.17953,1.00,1.87
2017.04.04 03:27:50.925,1.17946,1.17953,1.00,1.87
2017.04.04 03:27:54.320,1.17948,1.17955,1.50,5.44
2017.04.04 03:27:54.624,1.17951,1.17955,1.00,1.00
2017.04.04 03:27:55.675,1.1795,1.17955,1.00,1.00
2017.04.04 03:28:00.980,1.17952,1.17955,1.00,1.00
2017.04.04 03:28:03.656,1.1795,1.17955,1.12,1.00
2017.04.04 03:28:04.228,1.1795,1.17956,1.12,1.00
2017.04.04 03:28:04.888,1.1795,1.17955,1.00,1.00
2017.04.04 03:28:07.579,1.17949,1.17955,1.50,1.00
2017.04.04 03:28:08.084,1.17948,1.17955,1.00,1.00
2017.04.04 03:28:10.391,1.17948,1.17954,1.00,1.00
2017.04.04 03:28:14.341,1.17948,1.17955,1.00,1.87
2017.04.04 03:28:18.660,1.17947,1.17955,1.50,3.00
2017.04.04 03:28:19.195,1.17947,1.17955,1.50,3.00
2017.04.04 03:28:22.849,1.17947,1.17953,1.50,1.50
2017.04.04 03:28:23.482,1.17946,1.17953,1.87,1.00
2017.04.04 03:28:29.768,1.17947,1.17954,1.00,1.00
2017.04.04 03:28:30.273,1.17947,1.17954,1.50,1.56
2017.04.04 03:28:30.780,1.17948,1.17956,1.00,4.31
2017.04.04 03:28:31.726,1.17947,1.17956,3.75,3.19
2017.04.04 03:28:32.260,1.17947,1.17956,4.50,3.19
2017.04.04 03:28:32.915,1.17947,1.17956,5.25,3.19
2017.04.04 03:28:34.730,1.17949,1.17955,1.00,1.25
2017.04.04 03:28:36.007,1.17948,1.17955,1.12,1.69
2017.04.04 03:28:36.529,1.17949,1.17955,1.00,1.69
2017.04.04 03:28:38.455,1.17948,1.17955,1.12,2.44
2017.04.04 03:28:38.506,1.17948,1.17953,1.12,1.00
2017.04.04 03:28:39.159,1.17949,1.17953,1.00,1.31
2017.04.04 03:28:47.190,1.17949,1.17952,1.00,1.00
2017.04.04 03:28:53.166,1.17947,1.17949,2.25,1.00
2017.04.04 03:28:53.470,1.17941,1.17943,1.00,1.00
2017.04.04 03:28:55.246,1.1794,1.17943,1.00,1.00
2017.04.04 03:28:56.053,1.1794,1.17942,1.00,1.00
2017.04.04 03:28:56.205,1.17938,1.17941,2.25,1.00
2017.04.04 03:28:57.678,1.17938,1.17944,1.00,3.56
2017.04.04 03:28:59.636,1.17937,1.17944,1.50,3.56
2017.04.04 03:29:00.021,1.17939,1.17944,1.00,3.56
2017.04.04 03:29:00.607,1.17939,1.17944,1.00,4.31
2017.04.04 03:29:01.064,1.17937,1.1794,1.00,1.00
2017.04.04 03:29:01.368,1.17935,1.1794,1.00,3.19
2017.04.04 03:29:01.419,1.17935,1.17938,1.00,1.25
2017.04.04 03:29:01.621,1.17937,1.17941,1.00,1.56
2017.04.04 03:29:01.672,1.17937,1.17941,1.00,1.25
2017.04.04 03:29:01.723,1.17935,1.1794,3.00,1.00
2017.04.04 03:29:02.245,1.17936,1.17942,1.50,1.69
2017.04.04 03:29:02.832,1.17936,1.17942,1.50,1.25
2017.04.04 03:29:04.243,1.17936,1.1794,1.50,1.00
2017.04.04 03:29:04.293,1.17936,1.17943,1.50,3.56
2017.04.04 03:29:06.798,1.17936,1.1794,1.50,1.00
2017.04.04 03:29:07.151,1.17939,1.17942,1.00,1.56
2017.04.04 03:29:07.726,1.17939,1.17942,1.00,1.31
2017.04.04 03:29:11.346,1.17939,1.17943,1.00,1.25
2017.04.04 03:29:11.866,1.17939,1.17942,1.00,1.00
2017.04.04 03:29:14.673,1.17939,1.17945,1.50,1.12
2017.04.04 03:29:14.825,1.17942,1.17947,1.00,1.69
2017.04.04 03:29:15.330,1.17943,1.17948,1.00,1.56
2017.04.04 03:29:16.288,1.17943,1.17949,1.00,1.12
2017.04.04 03:29:20.514,1.17944,1.17949,1.00,1.25
2017.04.04 03:29:20.565,1.17944,1.17951,1.00,1.00
2017.04.04 03:29:20.666,1.17948,1.1795,1.00,1.00
2017.04.04 03:29:21.055,1.17951,1.17955,1.00,5.44
2017.04.04 03:29:21.769,1.17951,1.17955,1.00,1.87
2017.04.04 03:29:22.304,1.17951,1.17955,1.00,1.87
2017.04.04 03:29:26.147,1.17951,1.17956,1.00,2.44
2017.04.04 03:29:29.077,1.17951,1.17956,1.50,2.06
2017.04.04 03:29:29.742,1.17952,1.17956,1.00,1.56
2017.04.04 03:29:30.867,1.17949,1.17955,3.75,1.31
2017.04.04 03:29:30.968,1.17951,1.17955,1.00,1.31
2017.04.04 03:29:32.265,1.17951,1.17955,1.00,1.56
2017.04.04 03:29:38.764,1.17951,1.17956,1.00,5.81
2017.04.04 03:29:39.868,1.17952,1.17956,1.00,3.56
2017.04.04 03:29:40.910,1.17952,1.17956,1.00,1.69
2017.04.04 03:29:41.527,1.17952,1.17956,1.00,1.25
2017.04.04 03:29:47.375,1.17952,1.17956,1.00,1.69
2017.04.04 03:29:47.982,1.17952,1.17957,1.00,4.31
2017.04.04 03:29:51.846,1.17951,1.17956,1.00,2.06
2017.04.04 03:29:52.249,1.17953,1.17957,1.00,1.56
2017.04.04 03:29:52.401,1.17956,1.17959,1.00,1.50
2017.04.04 03:29:53.007,1.17956,1.1796,1.00,1.69
2017.04.04 03:29:53.678,1.17956,1.17958,1.00,1.25
2017.04.04 03:29:53.830,1.17954,1.17959,1.00,3.19
2017.04.04 03:29:55.119,1.17954,1.17959,1.00,1.69
2017.04.04 03:29:59.555,1.17956,1.1796,1.00,1.69
2017.04.04 03:29:59.607,1.17956,1.17961,1.00,5.44
2017.04.04 03:30:00.112,1.17957,1.17962,1.00,3.56
2017.04.04 03:30:00.214,1.17959,1.17963,1.00,2.06
2017.04.04 03:30:00.568,1.17961,1.17964,1.00,1.56
2017.04.04 03:30:00.721,1.17959,1.17962,1.00,1.25
2017.04.04 03:30:00.823,1.17957,1.17962,1.00,1.69
2017.04.04 03:30:01.355,1.17956,1.17963,1.00,2.81
2017.04.04 03:30:01.658,1.17954,1.1796,1.00,1.00
2017.04.04 03:30:01.709,1.17954,1.17958,1.00,1.00
2017.04.04 03:30:01.962,1.17948,1.17954,1.00,2.06
2017.04.04 03:30:02.673,1.17948,1.17953,1.00,1.00
2017.04.04 03:30:03.437,1.17949,1.17955,1.00,3.56
2017.04.04 03:30:05.312,1.17949,1.17955,1.00,3.00
2017.04.04 03:30:05.839,1.17948,1.17954,2.25,1.00
2017.04.04 03:30:06.828,1.17949,1.17954,1.00,1.00
2017.04.04 03:30:09.806,1.17949,1.17954,1.00,1.56
2017.04.04 03:30:10.351,1.17948,1.17954,2.25,1.56
2017.04.04 03:30:10.872,1.1795,1.17955,1.00,3.56
2017.04.04 03:30:11.023,1.17948,1.17954,1.50,1.56
2017.04.04 03:30:11.326,1.1795,1.17956,1.00,2.44
2017.04.04 03:30:11.827,1.17951,1.17956,1.00,1.25
2017.04.04 03:30:12.920,1.17952,1.17958,1.00,3.19
2017.04.04 03:30:14.529,1.17952,1.17958,1.00,2.44
2017.04.04 03:30:14.702,1.17952,1.17959,3.00,2.25
2017.04.04 03:30:14.753,1.17954,1.17959,1.50,1.50
2017.04.04 03:30:15.056,1.17956,1.17962,1.00,3.94
2017.04.04 03:30:16.747,1.17956,1.17962,1.00,2.44
2017.04.04 03:30:17.341,1.17955,1.17961,1.50,1.31
2017.04.04 03:30:20.037,1.17955,1.1796,1.50,1.00
2017.04.04 03:30:20.753,1.17955,1.17961,1.50,1.31
2017.04.04 03:30:22.514,1.17954,1.17961,2.25,2.44
2017.04.04 03:30:23.065,1.17954,1.17961,2.25,1.31
2017.04.04 03:30:33.825,1.17954,1.1796,1.50,1.00
2017.04.04 03:30:35.328,1.17954,1.1796,1.50,1.56
2017.04.04 03:30:36.936,1.17952,1.17958,2.25,1.31
2017.04.04 03:30:37.037,1.17951,1.17957,1.00,1.56
2017.04.04 03:30:37.139,1.17951,1.17958,2.25,5.06
2017.04.04 03:30:37.804,1.17951,1.17956,1.50,1.00
2017.04.04 03:30:38.405,1.1795,1.17956,1.50,1.12
2017.04.04 03:30:38.935,1.1795,1.17955,1.50,1.00
2017.04.04 03:30:39.087,1.17948,1.17954,2.25,1.12
2017.04.04 03:30:40.937,1.17948,1.17955,1.00,1.00
2017.04.04 03:30:46.058,1.17948,1.17954,1.00,1.00
2017.04.04 03:30:46.161,1.17946,1.17953,1.87,2.06
2017.04.04 03:30:46.668,1.17947,1.17953,1.00,1.31
2017.04.04 03:30:48.916,1.17945,1.17952,1.50,2.25
2017.04.04 03:30:48.967,1.17945,1.17951,1.00,2.06
2017.04.04 03:30:49.271,1.17944,1.1795,1.87,3.56
2017.04.04 03:30:49.372,1.17944,1.1795,1.87,1.50
2017.04.04 03:30:49.966,1.17944,1.17949,1.12,1.25
2017.04.04 03:30:50.185,1.17944,1.17946,1.00,1.00
2017.04.04 03:30:50.236,1.17944,1.17949,1.00,2.44
2017.04.04 03:30:50.287,1.17942,1.17949,1.50,3.19
2017.04.04 03:30:50.338,1.17942,1.17945,1.00,1.00
2017.04.04 03:30:50.388,1.17939,1.17945,4.12,1.00
2017.04.04 03:30:50.490,1.17937,1.17944,3.75,1.25
2017.04.04 03:30:50.642,1.17937,1.1794,1.00,1.00
2017.04.04 03:30:50.743,1.17935,1.17941,1.12,1.25
2017.04.04 03:30:51.255,1.17936,1.17941,1.12,1.00
2017.04.04 03:30:51.986,1.17935,1.1794,1.50,1.25
2017.04.04 03:30:52.508,1.17934,1.1794,1.50,1.00
2017.04.04 03:30:54.617,1.17933,1.1794,1.50,1.87
2017.04.04 03:30:54.718,1.17935,1.1794,1.00,1.50
2017.04.04 03:30:55.504,1.17934,1.1794,1.00,3.56
2017.04.04 03:30:55.865,1.17934,1.1794,1.00,3.19
2017.04.04 03:30:56.200,1.17936,1.1794,1.00,1.69
2017.04.04 03:30:56.403,1.17938,1.17944,1.00,1.12
2017.04.04 03:30:56.908,1.1794,1.17945,1.00,5.81
2017.04.04 03:30:57.111,1.1794,1.17946,1.50,2.25
2017.04.04 03:30:58.640,1.1794,1.17945,1.00,1.00
2017.04.04 03:30:59.178,1.1794,1.17946,1.00,1.50
2017.04.04 03:30:59.728,1.17941,1.17947,1.00,1.00
2017.04.04 03:31:00.461,1.17941,1.17948,1.00,4.50
2017.04.04 03:31:05.923,1.17941,1.17947,1.00,1.00
2017.04.04 03:31:12.639,1.1794,1.17948,1.00,2.81
2017.04.04 03:31:12.842,1.1794,1.17945,1.00,1.00
2017.04.04 03:31:12.943,1.17938,1.17945,1.50,1.00
2017.04.04 03:31:13.389,1.1794,1.17946,1.00,1.37
2017.04.04 03:31:13.993,1.1794,1.17946,1.00,1.00
2017.04.04 03:31:15.331,1.1794,1.17945,1.00,1.00
2017.04.04 03:31:15.854,1.1794,1.17947,1.00,1.87
2017.04.04 03:31:16.613,1.17942,1.17948,1.00,1.12
2017.04.04 03:31:16.715,1.17942,1.17948,1.00,1.00
2017.04.04 03:31:17.240,1.17942,1.17949,1.00,1.54
2017.04.04 03:31:17.291,1.17942,1.17949,1.00,2.29
2017.04.04 03:31:17.392,1.17942,1.17949,1.00,3.04
2017.04.04 03:31:18.551,1.17943,1.1795,1.00,3.56
2017.04.04 03:31:22.376,1.17943,1.17949,1.00,1.31
2017.04.04 03:31:22.644,1.17946,1.1795,1.00,1.00
2017.04.04 03:31:23.048,1.17947,1.17952,1.00,1.00
2017.04.04 03:31:23.615,1.17944,1.17952,1.00,6.37
2017.04.04 03:31:23.666,1.17942,1.1795,3.19,1.00
2017.04.04 03:31:23.869,1.17939,1.17946,2.25,1.87
2017.04.04 03:31:24.021,1.17937,1.17943,1.31,1.00
2017.04.04 03:31:25.260,1.17936,1.17943,1.50,1.50
2017.04.04 03:31:25.640,1.17936,1.17942,1.50,1.50
2017.04.04 03:31:29.315,1.17937,1.17941,1.00,1.25
2017.04.04 03:31:29.568,1.17937,1.17943,1.00,2.44
2017.04.04 03:31:29.770,1.17937,1.17942,1.00,1.56
2017.04.04 03:31:33.755,1.17936,1.17942,1.00,1.56
2017.04.04 03:31:33.908,1.17932,1.17939,1.00,1.50
2017.04.04 03:31:34.110,1.17932,1.17937,1.00,1.12
2017.04.04 03:31:34.262,1.1793,1.17936,1.00,1.00
2017.04.04 03:31:35.141,1.17933,1.17938,1.00,3.00
2017.04.04 03:31:35.362,1.17935,1.17941,1.00,1.12
2017.04.04 03:31:36.161,1.17936,1.17941,1.00,1.00
2017.04.04 03:31:36.688,1.17935,1.17941,1.00,1.00
2017.04.04 03:31:40.930,1.17934,1.17941,1.00,1.00
2017.04.04 03:31:41.234,1.17934,1.1794,1.00,2.25
2017.04.04 03:31:42.293,1.17936,1.17941,1.00,1.75
2017.04.04 03:31:42.395,1.17935,1.17941,1.00,1.00
2017.04.04 03:31:42.927,1.17935,1.17942,1.00,1.12
2017.04.04 03:31:49.080,1.17938,1.17943,1.00,1.25
2017.04.04 03:31:49.384,1.17941,1.17947,1.00,1.87
2017.04.04 03:31:49.885,1.17939,1.17946,1.50,1.00
2017.04.04 03:31:50.394,1.17938,1.17946,1.00,3.19
2017.04.04 03:31:50.903,1.17938,1.17945,1.00,1.12
2017.04.04 03:31:51.424,1.17937,1.17945,1.50,1.87
2017.04.04 03:31:52.058,1.17937,1.17944,1.50,1.00
2017.04.04 03:31:52.160,1.1794,1.17946,1.50,2.25
2017.04.04 03:31:52.262,1.1794,1.17947,1.12,1.50
2017.04.04 03:31:55.990,1.1794,1.17948,1.00,3.75
2017.04.04 03:31:57.152,1.17939,1.17946,1.00,3.75
2017.04.04 03:31:57.764,1.17939,1.17945,1.00,1.00
2017.04.04 03:31:58.704,1.17938,1.17945,1.00,1.50
2017.04.04 03:32:00.380,1.17939,1.17945,1.00,1.50
2017.04.04 03:32:00.583,1.17939,1.17947,1.50,2.62
2017.04.04 03:32:00.992,1.17937,1.17945,1.87,1.00
2017.04.04 03:32:01.296,1.17936,1.17942,1.00,3.00
2017.04.04 03:32:01.805,1.17936,1.17941,1.00,1.00
2017.04.04 03:32:02.439,1.17936,1.17942,1.00,1.50
2017.04.04 03:32:02.492,1.17934,1.17942,1.50,1.50
2017.04.04 03:32:02.644,1.17936,1.17941,1.00,1.00
2017.04.04 03:32:05.806,1.17936,1.1794,1.00,1.00
2017.04.04 03:32:06.321,1.17935,1.1794,1.00,1.00
2017.04.04 03:32:06.846,1.17935,1.17941,1.00,2.25
2017.04.04 03:32:10.814,1.17933,1.1794,1.87,1.00
2017.04.04 03:32:11.424,1.17933,1.17941,1.87,1.50
2017.04.04 03:32:12.416,1.17934,1.17941,1.00,1.50
2017.04.04 03:32:13.107,1.17934,1.1794,1.50,1.00
2017.04.04 03:32:13.669,1.17935,1.1794,1.00,1.12
2017.04.04 03:32:14.174,1.17934,1.1794,1.50,1.12
2017.04.04 03:32:14.950,1.17934,1.1794,1.00,1.37
2017.04.04 03:32:15.488,1.17933,1.1794,1.50,1.87
2017.04.04 03:32:19.269,1.17935,1.1794,1.00,1.00
2017.04.04 03:32:20.243,1.17935,1.17942,1.00,1.50
2017.04.04 03:32:21.616,1.17936,1.17942,1.00,1.50
2017.04.04 03:32:23.418,1.17936,1.17942,1.00,2.25
2017.04.04 03:32:33.555,1.17935,1.17941,1.00,1.87
2017.04.04 03:32:33.809,1.17933,1.17935,1.00,1.00
2017.04.04 03:32:33.963,1.17931,1.17935,1.00,1.00
2017.04.04 03:32:34.165,1.17929,1.17936,1.00,1.00
2017.04.04 03:32:35.346,1.17931,1.17936,1.00,1.00
2017.04.04 03:32:35.548,1.17932,1.17938,2.25,1.00
2017.04.04 03:32:35.751,1.17933,1.17941,3.00,2.81
2017.04.04 03:32:36.385,1.17934,1.1794,1.00,1.12
2017.04.04 03:32:36.921,1.17937,1.17941,2.25,1.25
2017.04.04 03:32:37.073,1.1794,1.17945,1.00,1.00
2017.04.04 03:32:37.605,1.1794,1.17946,1.00,1.69
2017.04.04 03:32:40.037,1.1794,1.17945,1.00,1.00
2017.04.04 03:32:40.556,1.17941,1.17947,1.00,1.12
2017.04.04 03:32:40.607,1.17939,1.17947,1.87,1.12
2017.04.04 03:32:42.574,1.1794,1.17947,1.00,1.00
2017.04.04 03:32:43.084,1.17941,1.17948,1.00,1.87
2017.04.04 03:32:43.611,1.17941,1.17948,1.50,3.37
2017.04.04 03:32:45.194,1.17942,1.17947,1.00,1.00
2017.04.04 03:32:45.452,1.17939,1.17945,1.00,1.00
2017.04.04 03:32:45.503,1.17939,1.17947,1.00,2.44
2017.04.04 03:32:45.772,1.17939,1.17947,1.00,3.19
2017.04.04 03:32:46.278,1.17938,1.17944,1.00,1.50
2017.04.04 03:32:46.429,1.17935,1.17942,1.12,1.87
2017.04.04 03:32:46.531,1.17933,1.1794,2.25,1.00
2017.04.04 03:32:46.834,1.17932,1.1794,1.12,3.56
2017.04.04 03:32:47.619,1.17933,1.17938,1.00,1.56
2017.04.04 03:32:48.468,1.17931,1.17937,1.87,1.31
2017.04.04 03:32:50.093,1.17933,1.17937,1.00,1.31
2017.04.04 03:32:50.144,1.17932,1.17939,2.25,1.25
2017.04.04 03:32:50.692,1.17933,1.1794,1.12,1.12
2017.04.04 03:32:52.397,1.17934,1.17941,1.00,1.50
2017.04.04 03:32:52.852,1.17934,1.1794,1.00,1.87
2017.04.04 03:32:53.549,1.17933,1.1794,1.12,1.87
2017.04.04 03:32:54.222,1.17933,1.1794,1.12,2.62
2017.04.04 03:32:57.370,1.17933,1.1794,1.12,4.12
2017.04.04 03:32:59.633,1.17932,1.17939,1.50,1.25
2017.04.04 03:33:00.161,1.17932,1.17939,1.37,1.87
2017.04.04 03:33:01.046,1.17932,1.17939,1.37,2.44
2017.04.04 03:33:01.444,1.17932,1.17939,1.37,2.44
2017.04.04 03:33:02.792,1.17931,1.17937,2.25,1.00
2017.04.04 03:33:02.843,1.1793,1.17935,2.25,1.56
2017.04.04 03:33:03.045,1.17928,1.17934,2.62,1.25
2017.04.04 03:33:03.147,1.17928,1.17935,1.87,3.37
2017.04.04 03:33:04.347,1.17928,1.17933,1.50,1.12
2017.04.04 03:33:04.449,1.17928,1.17935,1.50,2.06
2017.04.04 03:33:04.550,1.17928,1.17935,1.50,2.44
2017.04.04 03:33:05.057,1.17928,1.17935,1.50,1.69
2017.04.04 03:33:06.717,1.17928,1.17935,1.00,1.69
2017.04.04 03:33:07.020,1.17927,1.17934,1.12,1.37
2017.04.04 03:33:07.474,1.17927,1.17935,1.12,2.44
2017.04.04 03:33:08.210,1.17927,1.17935,1.12,2.44
2017.04.04 03:33:09.364,1.17929,1.17935,1.50,2.06
2017.04.04 03:33:09.869,1.1793,1.17936,1.00,1.87
2017.04.04 03:33:12.288,1.17933,1.17936,1.00,1.37
2017.04.04 03:33:12.389,1.17934,1.17939,1.00,2.06
2017.04.04 03:33:12.743,1.17934,1.1794,1.12,1.25
2017.04.04 03:33:13.274,1.17933,1.17941,1.00,2.44
2017.04.04 03:33:14.539,1.17934,1.17941,1.00,3.19
2017.04.04 03:33:18.391,1.17934,1.1794,1.00,1.19
2017.04.04 03:33:19.306,1.17935,1.1794,1.00,1.19
2017.04.04 03:33:20.617,1.17934,1.17939,2.25,1.00
2017.04.04 03:33:21.130,1.17933,1.1794,1.12,1.12
2017.04.04 03:33:21.711,1.17935,1.17941,1.00,1.50
2017.04.04 03:33:23.735,1.17938,1.17942,1.00,1.75
2017.04.04 03:33:23.988,1.17939,1.17947,1.00,2.06
2017.04.04 03:33:24.089,1.17939,1.17945,1.00,1.00
2017.04.04 03:33:24.636,1.17939,1.17946,1.00,1.00
2017.04.04 03:33:25.194,1.17939,1.17947,1.00,1.56
2017.04.04 03:33:25.591,1.17941,1.17948,1.00,2.81
2017.04.04 03:33:26.094,1.17942,1.17948,1.00,1.19
2017.04.04 03:33:27.695,1.17942,1.17949,1.00,2.44
2017.04.04 03:33:28.249,1.17942,1.17949,1.00,2.44
2017.04.04 03:33:28.776,1.17942,1.17949,1.50,2.44
2017.04.04 03:33:30.446,1.1794,1.17949,2.25,1.69
2017.04.04 03:33:30.598,1.17943,1.17949,1.50,1.69
2017.04.04 03:33:30.800,1.17943,1.17952,1.00,7.69
2017.04.04 03:33:30.851,1.17946,1.17952,1.00,2.44
2017.04.04 03:33:31.205,1.17944,1.17952,1.12,1.69
2017.04.04 03:33:31.559,1.17943,1.17951,3.37,2.25
2017.04.04 03:33:32.062,1.17943,1.17951,1.50,2.44
2017.04.04 03:33:33.306,1.17943,1.17951,2.25,3.19
2017.04.04 03:33:33.406,1.17942,1.17948,1.00,1.00
2017.04.04 03:33:33.507,1.1794,1.17947,1.50,1.12
2017.04.04 03:33:33.558,1.1794,1.17945,1.00,1.00
2017.04.04 03:33:33.861,1.17938,1.17945,1.00,1.50
2017.04.04 03:33:34.399,1.17937,1.17944,1.50,1.00
2017.04.04 03:33:34.866,1.17936,1.17943,1.87,2.44
2017.04.04 03:33:35.324,1.17934,1.17941,1.12,2.06
2017.04.04 03:33:35.415,1.17934,1.17941,1.00,3.19
2017.04.04 03:33:35.517,1.17932,1.17939,1.50,1.25
2017.04.04 03:33:36.022,1.17933,1.1794,1.12,1.31
2017.04.04 03:33:36.326,1.17935,1.17941,1.50,1.31
2017.04.04 03:33:36.629,1.17939,1.17945,1.00,1.69
2017.04.04 03:33:37.999,1.17939,1.17944,1.00,1.00
2017.04.04 03:33:41.278,1.17939,1.17942,1.00,1.00
2017.04.04 03:33:41.981,1.17938,1.17942,2.25,1.00
2017.04.04 03:33:42.083,1.17939,1.17944,1.50,1.00
2017.04.04 03:33:42.661,1.1794,1.17944,1.00,1.00
2017.04.04 03:33:45.160,1.17939,1.17944,2.25,1.00
2017.04.04 03:33:47.119,1.17939,1.17943,1.50,1.00
2017.04.04 03:33:47.173,1.17939,1.17944,1.50,1.00
2017.04.04 03:33:48.021,1.17939,1.17943,1.00,1.00
2017.04.04 03:33:48.122,1.17937,1.17941,2.25,1.00
2017.04.04 03:33:48.426,1.17936,1.17939,1.00,1.00
2017.04.04 03:33:48.945,1.17935,1.17939,1.50,1.00
2017.04.04 03:33:49.250,1.17933,1.17937,1.00,1.00
2017.04.04 03:33:49.811,1.17933,1.17936,1.00,1.00
2017.04.04 03:33:51.285,1.17931,1.17936,3.37,1.00
2017.04.04 03:33:51.487,1.1793,1.17933,1.50,1.00
2017.04.04 03:33:52.231,1.17929,1.17933,1.50,1.00
2017.04.04 03:33:52.387,1.17929,1.17937,1.50,2.81
2017.04.04 03:33:53.215,1.17929,1.17934,1.00,1.00
2017.04.04 03:33:54.126,1.17929,1.17933,1.00,1.00
2017.04.04 03:33:54.177,1.17927,1.17933,1.87,1.00
2017.04.04 03:33:54.710,1.17927,1.17934,1.00,1.00
2017.04.04 03:33:55.855,1.17927,1.17932,1.50,1.00
2017.04.04 03:33:58.130,1.17926,1.17932,1.00,1.00
2017.04.04 03:33:58.535,1.17925,1.1793,1.50,1.00
2017.04.04 03:33:58.838,1.17927,1.1793,1.00,1.00
2017.04.04 03:33:59.355,1.17926,1.1793,1.00,1.00
2017.04.04 03:33:59.867,1.17928,1.17931,1.00,1.00
2017.04.04 03:34:00.179,1.17931,1.17933,1.50,1.00
2017.04.04 03:34:00.533,1.17929,1.17932,1.87,1.00
2017.04.04 03:34:00.787,1.17931,1.17934,1.00,1.00
2017.04.04 03:34:01.494,1.17931,1.17935,1.00,1.31
2017.04.04 03:34:01.797,1.17929,1.17935,1.12,2.06
2017.04.04 03:34:02.393,1.17928,1.17935,1.00,3.56
2017.04.04 03:34:02.939,1.17928,1.17934,1.00,2.06
2017.04.04 03:34:04.804,1.17928,1.17933,1.00,2.44
2017.04.04 03:34:05.212,1.17928,1.17932,1.00,1.31
2017.04.04 03:34:05.754,1.17928,1.17932,1.00,1.56
2017.04.04 03:34:05.805,1.17926,1.17932,1.50,2.06
2017.04.04 03:34:05.957,1.17926,1.17929,1.50,1.00
2017.04.04 03:34:06.210,1.17922,1.17927,1.00,1.00
2017.04.04 03:34:06.715,1.17923,1.17929,1.50,1.50
2017.04.04 03:34:07.221,1.17922,1.17928,3.00,1.00
2017.04.04 03:34:07.741,1.17922,1.17927,3.00,1.00
2017.04.04 03:34:08.741,1.17923,1.17928,1.00,1.50
2017.04.04 03:34:08.946,1.17925,1.17928,1.12,1.00
2017.04.04 03:34:08.996,1.17925,1.1793,2.62,1.12
2017.04.04 03:34:09.098,1.17926,1.17932,1.00,2.25
2017.04.04 03:34:09.351,1.17928,1.17932,1.00,1.31
2017.04.04 03:34:10.200,1.17927,1.17934,1.50,4.69
2017.04.04 03:34:10.504,1.17929,1.17934,1.00,1.56
2017.04.04 03:34:15.176,1.17931,1.17934,1.00,1.56
2017.04.04 03:34:15.226,1.17929,1.17934,1.00,1.56
2017.04.04 03:34:15.340,1.17931,1.17935,1.00,2.44
2017.04.04 03:34:15.519,1.17931,1.17935,1.00,1.50
2017.04.04 03:34:15.733,1.17929,1.17935,2.25,1.50
2017.04.04 03:34:16.901,1.17929,1.17935,2.25,2.44
2017.04.04 03:34:17.921,1.1793,1.17935,1.00,3.56
2017.04.04 03:34:19.900,1.17933,1.17936,1.00,1.31
2017.04.04 03:34:19.951,1.17933,1.17938,1.00,1.69
2017.04.04 03:34:20.052,1.17933,1.17939,1.50,1.31
2017.04.04 03:34:20.204,1.17937,1.1794,1.00,1.56
2017.04.04 03:34:20.306,1.17937,1.17942,1.50,2.44
2017.04.04 03:34:20.716,1.17934,1.17941,3.75,2.06
2017.04.04 03:34:21.326,1.17935,1.17941,1.00,2.06
2017.04.04 03:34:22.133,1.17933,1.1794,2.25,1.56
2017.04.04 03:34:22.645,1.17933,1.1794,1.00,1.56
2017.04.04 03:34:23.224,1.17933,1.17941,1.00,3.94
2017.04.04 03:34:23.789,1.17932,1.17938,2.25,1.31
2017.04.04 03:34:31.754,1.17932,1.17939,1.50,2.06
2017.04.04 03:34:32.058,1.17927,1.17931,1.37,1.00
2017.04.04 03:34:32.160,1.17925,1.17931,3.75,1.00
2017.04.04 03:34:32.388,1.17925,1.17929,1.12,1.00
2017.04.04 03:34:32.543,1.17922,1.17929,1.87,1.31
2017.04.04 03:34:32.948,1.17924,1.1793,1.00,1.37
2017.04.04 03:34:33.050,1.17924,1.17931,2.81,2.25
2017.04.04 03:34:33.616,1.17924,1.17933,1.50,3.00
2017.04.04 03:34:33.717,1.17925,1.17931,1.00,1.12
2017.04.04 03:34:33.970,1.17924,1.17933,1.00,3.37
2017.04.04 03:34:34.122,1.17924,1.1793,1.00,1.12
2017.04.04 03:34:34.628,1.17923,1.17929,1.00,1.00
2017.04.04 03:34:35.484,1.17922,1.17929,2.62,1.00
2017.04.04 03:34:36.647,1.17921,1.17929,3.00,1.12
2017.04.04 03:34:37.844,1.17921,1.17929,1.87,2.06
2017.04.04 03:34:41.728,1.1792,1.17927,2.62,1.00
2017.04.04 03:34:42.097,1.17918,1.17927,3.00,1.50
2017.04.04 03:34:42.602,1.17918,1.17927,1.50,1.87
2017.04.04 03:34:42.703,1.17921,1.17927,1.00,1.00
2017.04.04 03:34:42.856,1.17921,1.17929,1.00,1.12
2017.04.04 03:34:43.398,1.17922,1.17929,1.50,1.50
2017.04.04 03:34:43.768,1.17925,1.17929,1.00,1.00
2017.04.04 03:34:44.071,1.17926,1.17933,1.00,2.62
2017.04.04 03:34:44.683,1.17925,1.17933,1.00,1.87
2017.04.04 03:34:45.427,1.17925,1.17933,1.12,2.06
2017.04.04 03:34:46.686,1.17927,1.17932,1.00,1.00
2017.04.04 03:34:46.939,1.1793,1.17936,1.00,3.00
2017.04.04 03:34:47.092,1.17932,1.17936,1.00,1.12
2017.04.04 03:34:47.428,1.17934,1.17939,1.00,1.50
2017.04.04 03:34:47.940,1.17934,1.17939,1.00,1.00
2017.04.04 03:34:49.514,1.17932,1.17938,1.00,1.00
2017.04.04 03:34:50.648,1.17932,1.1794,1.00,1.31
2017.04.04 03:34:51.309,1.17932,1.17941,2.25,2.25
2017.04.04 03:34:51.612,1.17934,1.17941,1.00,1.87
2017.04.04 03:34:52.219,1.17934,1.17941,1.00,2.25
2017.04.04 03:34:52.829,1.17935,1.17941,1.00,2.25
2017.04.04 03:34:53.336,1.17935,1.1794,1.00,1.00
2017.04.04 03:35:01.968,1.17932,1.17939,1.00,1.50
2017.04.04 03:35:02.019,1.17931,1.17937,1.87,1.00
2017.04.04 03:35:03.263,1.17932,1.17939,1.00,3.19
2017.04.04 03:35:03.769,1.17931,1.17937,1.00,1.00
2017.04.04 03:35:04.072,1.17932,1.17939,1.00,2.44
2017.04.04 03:35:04.587,1.17933,1.17939,1.00,2.06
2017.04.04 03:35:05.124,1.17933,1.1794,1.00,5.06
2017.04.04 03:35:05.650,1.17933,1.17939,1.00,1.00
2017.04.04 03:35:06.180,1.17933,1.1794,1.00,2.81
2017.04.04 03:35:06.941,1.17933,1.1794,1.00,3.19
2017.04.04 03:35:07.543,1.17932,1.1794,1.00,2.44
2017.04.04 03:35:07.797,1.17934,1.1794,1.00,1.31
2017.04.04 03:35:07.898,1.17932,1.1794,1.00,2.81
2017.04.04 03:35:08.438,1.17933,1.1794,1.00,2.06
2017.04.04 03:35:10.260,1.17933,1.1794,1.00,1.31
2017.04.04 03:35:11.725,1.17931,1.17936,1.87,1.00
2017.04.04 03:35:11.929,1.17928,1.17935,1.12,1.31
2017.04.04 03:35:12.031,1.17926,1.17934,1.87,1.00
2017.04.04 03:35:12.542,1.17927,1.17934,1.00,2.06
2017.04.04 03:35:14.500,1.17927,1.17933,1.00,1.00
2017.04.04 03:35:15.218,1.17925,1.17932,1.12,1.00
2017.04.04 03:35:15.522,1.17924,1.17931,1.00,1.37
2017.04.04 03:35:16.061,1.17923,1.1793,1.00,1.69
2017.04.04 03:35:19.655,1.17924,1.17931,1.50,2.81
2017.04.04 03:35:19.807,1.17922,1.1793,1.12,1.00
2017.04.04 03:35:20.368,1.17923,1.1793,1.00,1.87
2017.04.04 03:35:23.109,1.17921,1.17928,2.25,1.50
2017.04.04 03:35:23.311,1.1792,1.17928,1.50,1.69
2017.04.04 03:35:23.820,1.17919,1.17927,2.81,2.25
2017.04.04 03:35:24.123,1.17919,1.17927,2.06,2.25
2017.04.04 03:35:24.644,1.17919,1.17927,1.50,3.75
2017.04.04 03:35:25.152,1.17919,1.17925,1.50,1.00
2017.04.04 03:35:25.354,1.17917,1.17924,1.25,2.62
2017.04.04 03:35:25.405,1.17916,1.17921,1.12,1.00
2017.04.04 03:35:25.506,1.17917,1.17923,1.00,1.50
2017.04.04 03:35:25.630,1.17919,1.17923,1.00,1.00
2017.04.04 03:35:25.732,1.17919,1.17926,1.00,4.12
2017.04.04 03:35:26.401,1.17919,1.17924,1.00,1.00
2017.04.04 03:35:26.503,1.1792,1.17926,1.00,2.62
2017.04.04 03:35:26.756,1.17921,1.17928,1.00,2.25
2017.04.04 03:35:27.350,1.17921,1.17928,2.25,3.00
2017.04.04 03:35:27.452,1.17923,1.17929,1.00,3.37
2017.04.04 03:35:27.755,1.17923,1.1793,1.50,2.06
2017.04.04 03:35:31.905,1.17923,1.17932,1.00,2.62
2017.04.04 03:35:32.620,1.17926,1.17932,1.00,1.87
2017.04.04 03:35:33.029,1.17927,1.17934,1.00,1.12
2017.04.04 03:35:33.639,1.17927,1.17933,1.00,1.00
2017.04.04 03:35:33.740,1.17928,1.17933,1.00,1.69
2017.04.04 03:35:33.942,1.17924,1.17932,1.12,1.87
2017.04.04 03:35:34.650,1.17924,1.1793,1.50,1.00
2017.04.04 03:35:34.955,1.17924,1.17932,1.50,1.87
2017.04.04 03:35:35.569,1.17924,1.1793,1.50,1.00
2017.04.04 03:35:35.657,1.17924,1.17932,1.50,1.87
2017.04.04 03:35:36.201,1.17924,1.17932,1.50,1.87
2017.04.04 03:35:39.354,1.17925,1.17932,1.00,1.87
2017.04.04 03:35:39.900,1.17925,1.17932,1.00,1.87
2017.04.04 03:35:41.843,1.17925,1.17932,1.00,2.44
2017.04.04 03:35:42.046,1.17924,1.17929,1.87,1.25
2017.04.04 03:35:42.349,1.17921,1.17927,1.00,1.50
2017.04.04 03:35:43.029,1.1792,1.17926,1.00,1.00
2017.04.04 03:35:43.554,1.1792,1.17928,1.00,4.12
2017.04.04 03:35:44.091,1.17921,1.17926,1.00,1.00
2017.04.04 03:35:44.626,1.1792,1.17926,1.00,1.00
2017.04.04 03:35:45.202,1.1792,1.17927,2.25,1.12
2017.04.04 03:35:45.758,1.17921,1.17927,1.00,1.12
2017.04.04 03:35:46.024,1.17923,1.17928,1.00,1.37
2017.04.04 03:35:46.762,1.17923,1.17928,1.00,1.12
2017.04.04 03:35:47.277,1.17923,1.17927,1.00,1.00
2017.04.04 03:35:47.788,1.17923,1.17928,1.00,1.12
2017.04.04 03:35:50.148,1.17922,1.17928,1.50,1.12
2017.04.04 03:35:51.234,1.17922,1.17926,1.00,1.00
2017.04.04 03:35:55.693,1.17921,1.17925,1.00,1.00
2017.04.04 03:36:02.439,1.1792,1.17924,1.00,1.00
2017.04.04 03:36:02.693,1.17921,1.17926,1.00,1.31
2017.04.04 03:36:02.895,1.17922,1.17928,1.50,1.12
2017.04.04 03:36:03.405,1.17922,1.17929,2.25,2.25
2017.04.04 03:36:05.175,1.17922,1.17926,1.50,1.00
2017.04.04 03:36:05.531,1.17923,1.17928,1.00,1.12
2017.04.04 03:36:06.632,1.17924,1.17928,1.00,1.00
2017.04.04 03:36:07.191,1.17924,1.17929,1.00,1.00
2017.04.04 03:36:07.670,1.17921,1.17926,1.00,1.31
2017.04.04 03:36:08.193,1.17921,1.17927,1.50,1.50
2017.04.04 03:36:08.395,1.17922,1.17929,1.00,3.94
2017.04.04 03:36:09.051,1.17922,1.17929,1.50,3.19
2017.04.04 03:36:12.448,1.17923,1.17929,1.00,1.37
2017.04.04 03:36:15.261,1.17927,1.1793,1.00,2.06
2017.04.04 03:36:15.464,1.17929,1.17933,1.00,1.00
2017.04.04 03:36:15.566,1.1793,1.17935,1.00,2.25
2017.04.04 03:36:19.345,1.17929,1.17935,1.50,1.00
2017.04.04 03:36:21.659,1.1793,1.17935,1.00,1.50
2017.04.04 03:36:22.164,1.17929,1.17935,1.00,1.00
2017.04.04 03:36:22.618,1.17928,1.17933,1.00,1.00
2017.04.04 03:36:22.922,1.17924,1.17928,1.00,1.00
2017.04.04 03:36:23.447,1.17924,1.17929,1.00,1.12
2017.04.04 03:36:30.638,1.17924,1.1793,1.00,1.00
2017.04.04 03:36:31.016,1.17928,1.17931,1.00,1.00
2017.04.04 03:36:31.218,1.17929,1.17933,1.00,1.00
2017.04.04 03:36:31.723,1.17929,1.17934,1.00,1.00
2017.04.04 03:36:32.229,1.17929,1.17933,1.00,1.00
2017.04.04 03:36:35.272,1.17929,1.17932,1.31,1.00
2017.04.04 03:36:41.179,1.17928,1.17932,1.31,1.00
2017.04.04 03:36:41.331,1.17928,1.17934,1.31,1.12
2017.04.04 03:36:48.902,1.17925,1.1793,2.81,1.00
2017.04.04 03:36:48.953,1.17925,1.17932,1.50,1.87
2017.04.04 03:36:49.054,1.17925,1.17929,1.50,1.00
2017.04.04 03:36:49.562,1.17923,1.17929,1.00,1.00
2017.04.04 03:36:49.815,1.17921,1.17928,1.87,1.00
2017.04.04 03:36:51.001,1.17922,1.17929,1.00,1.00
2017.04.04 03:36:55.864,1.17922,1.17929,1.56,1.00
2017.04.04 03:36:56.388,1.17922,1.17929,1.31,1.00
2017.04.04 03:36:58.564,1.17922,1.17929,1.31,1.37
2017.04.04 03:36:58.823,1.17924,1.17929,1.00,1.00
2017.04.04 03:37:00.072,1.17924,1.1793,1.50,1.12
2017.04.04 03:37:00.426,1.17924,1.1793,1.00,1.37
2017.04.04 03:37:01.013,1.17924,1.1793,1.00,1.87
2017.04.04 03:37:03.602,1.17924,1.1793,1.00,1.12
2017.04.04 03:37:04.719,1.17925,1.17931,1.00,1.50
2017.04.04 03:37:05.236,1.17925,1.17931,1.00,1.00
2017.04.04 03:37:14.700,1.17924,1.1793,1.00,1.00
2017.04.04 03:37:15.226,1.17923,1.17929,1.00,1.00
2017.04.04 03:37:15.764,1.17923,1.17929,1.56,1.00
2017.04.04 03:37:16.455,1.17923,1.1793,2.06,2.62
2017.04.04 03:37:17.396,1.17923,1.17929,2.06,1.00
2017.04.04 03:37:18.271,1.17923,1.1793,1.56,3.75
2017.04.04 03:37:20.685,1.17926,1.17932,1.00,4.87
2017.04.04 03:37:20.736,1.17927,1.17932,1.00,1.00
2017.04.04 03:37:21.284,1.17927,1.17933,1.31,1.12
2017.04.04 03:37:23.671,1.17926,1.17934,2.06,1.00
2017.04.04 03:37:24.038,1.17926,1.17932,2.06,1.00
2017.04.04 03:37:26.091,1.17929,1.17936,1.00,3.37
2017.04.04 03:37:26.142,1.17931,1.17936,1.00,2.25
2017.04.04 03:37:26.395,1.17933,1.1794,1.31,1.50
2017.04.04 03:37:26.496,1.17933,1.17941,1.31,4.50
2017.04.04 03:37:27.001,1.17933,1.1794,2.44,1.00
2017.04.04 03:37:27.582,1.17933,1.1794,1.00,3.00
2017.04.04 03:37:28.346,1.17933,1.17938,1.00,1.00
2017.04.04 03:37:28.851,1.17933,1.1794,1.00,3.00
2017.04.04 03:37:30.467,1.17933,1.1794,1.00,2.25
2017.04.04 03:37:40.179,1.17933,1.17939,1.00,1.50
2017.04.04 03:37:40.738,1.17932,1.17938,1.00,1.00
2017.04.04 03:37:45.014,1.17933,1.17938,1.00,1.00
2017.04.04 03:37:45.116,1.17935,1.17938,1.00,1.00
2017.04.04 03:37:45.520,1.17935,1.1794,1.00,1.50
2017.04.04 03:37:47.323,1.17935,1.17939,1.00,1.00
2017.04.04 03:37:49.261,1.17934,1.17939,1.50,1.00
2017.04.04 03:37:52.345,1.17935,1.17939,1.00,1.00
2017.04.04 03:37:52.869,1.17936,1.17939,1.00,1.00
2017.04.04 03:37:56.842,1.17938,1.17939,1.00,1.00
2017.04.04 03:37:57.147,1.17942,1.17946,1.00,1.75
2017.04.04 03:37:57.249,1.17944,1.17947,1.00,1.12
2017.04.04 03:37:57.402,1.17945,1.17948,1.00,1.50
2017.04.04 03:37:57.453,1.17942,1.17948,2.44,1.50
2017.04.04 03:37:57.973,1.17942,1.17948,1.00,2.25
2017.04.04 03:37:58.522,1.17943,1.17948,1.00,2.25
2017.04.04 03:37:59.728,1.17943,1.17946,1.00,1.37
2017.04.04 03:37:59.779,1.1794,1.17945,1.87,1.12
2017.04.04 03:37:59.881,1.17939,1.17943,1.37,1.25
2017.04.04 03:37:59.932,1.17938,1.17942,1.00,1.87
2017.04.04 03:37:59.983,1.17936,1.17942,1.12,1.50
2017.04.04 03:38:00.084,1.17934,1.17938,1.69,1.00
2017.04.04 03:38:00.236,1.17933,1.1794,5.44,1.50
2017.04.04 03:38:00.287,1.17936,1.1794,1.69,1.00
2017.04.04 03:38:00.638,1.17932,1.17935,1.72,1.00
2017.04.04 03:38:00.790,1.17929,1.17933,1.76,1.00
2017.04.04 03:38:01.302,1.17929,1.17932,1.56,1.00
2017.04.04 03:38:02.208,1.17929,1.17932,1.56,1.00
2017.04.04 03:38:02.876,1.17928,1.1793,1.25,1.00
2017.04.04 03:38:03.028,1.17922,1.17926,1.69,1.00
2017.04.04 03:38:03.825,1.17923,1.17928,1.69,1.00
2017.04.04 03:38:04.533,1.17923,1.17926,1.25,1.00
2017.04.04 03:38:05.127,1.17923,1.17927,1.25,1.00
2017.04.04 03:38:05.430,1.17924,1.17927,1.37,1.00
2017.04.04 03:38:05.683,1.17925,1.1793,1.69,1.87
2017.04.04 03:38:05.814,1.17928,1.1793,1.31,1.87
2017.04.04 03:38:05.865,1.17928,1.17933,1.31,1.50
2017.04.04 03:38:05.943,1.1793,1.17934,2.06,1.50
2017.04.04 03:38:06.044,1.17931,1.17936,1.25,1.50
2017.04.04 03:38:06.575,1.17931,1.17936,1.25,1.50
2017.04.04 03:38:09.596,1.1793,1.17936,2.44,2.25
2017.04.04 03:38:11.002,1.17931,1.17936,1.25,2.25
2017.04.04 03:38:12.026,1.1793,1.17936,1.69,1.50
2017.04.04 03:38:12.782,1.1793,1.17934,1.69,1.00
2017.04.04 03:38:13.287,1.17928,1.17934,2.44,1.00
2017.04.04 03:38:15.935,1.17929,1.17932,1.25,1.00
2017.04.04 03:38:16.137,1.17926,1.17932,2.81,1.00
2017.04.04 03:38:17.540,1.17925,1.17932,4.31,1.50
2017.04.04 03:38:17.692,1.17926,1.1793,1.37,1.00
2017.04.04 03:38:18.656,1.17925,1.17928,1.25,1.00
2017.04.04 03:38:18.757,1.17923,1.1793,4.69,2.25
2017.04.04 03:38:19.263,1.17926,1.17929,1.31,1.00
2017.04.04 03:38:19.314,1.17924,1.17931,4.69,1.50
2017.04.04 03:38:19.366,1.17928,1.17931,1.00,1.00
2017.04.04 03:38:19.467,1.17928,1.17933,1.00,1.50
2017.04.04 03:38:22.346,1.17929,1.17935,1.31,1.12
2017.04.04 03:38:22.448,1.1793,1.17936,1.00,1.00
2017.04.04 03:38:23.016,1.17931,1.17937,1.00,1.87
2017.04.04 03:38:23.568,1.1793,1.17937,1.50,1.00
2017.04.04 03:38:24.946,1.17931,1.17938,1.00,2.25
2017.04.04 03:38:25.255,1.1793,1.17935,1.56,1.00
2017.04.04 03:38:25.760,1.1793,1.17936,2.06,1.00
2017.04.04 03:38:26.358,1.1793,1.17937,2.06,1.12
2017.04.04 03:38:26.898,1.17932,1.17938,1.00,1.87
2017.04.04 03:38:27.416,1.17931,1.17937,1.00,1.00
2017.04.04 03:38:27.959,1.17931,1.17937,1.00,1.50
2017.04.04 03:38:29.005,1.1793,1.17937,2.25,2.25
2017.04.04 03:38:29.530,1.1793,1.17937,2.81,1.50
2017.04.04 03:38:30.749,1.17929,1.17937,2.25,1.50
2017.04.04 03:38:33.597,1.17927,1.17935,3.56,2.62
2017.04.04 03:38:33.648,1.17927,1.17934,1.12,2.62
2017.04.04 03:38:34.154,1.17927,1.17933,1.12,1.00
2017.04.04 03:38:35.439,1.17926,1.17932,1.37,1.00
2017.04.04 03:38:36.217,1.17926,1.17932,1.69,1.00
2017.04.04 03:38:36.754,1.17926,1.17932,1.69,1.00
2017.04.04 03:38:36.859,1.17924,1.17929,3.00,1.00
2017.04.04 03:38:36.910,1.17924,1.17929,1.87,1.00
2017.04.04 03:38:37.011,1.17923,1.17927,1.00,1.00
2017.04.04 03:38:37.113,1.17921,1.17927,1.00,1.00
2017.04.04 03:38:37.315,1.17919,1.17927,1.31,1.50
2017.04.04 03:38:37.863,1.17919,1.17927,1.56,1.50
2017.04.04 03:38:39.457,1.1792,1.17927,1.56,1.50
2017.04.04 03:38:39.660,1.17922,1.17927,1.56,1.12
2017.04.04 03:38:40.191,1.17922,1.17928,1.56,1.00
2017.04.04 03:38:42.156,1.17922,1.17927,1.00,1.00
2017.04.04 03:38:42.258,1.1792,1.17927,1.31,1.12
2017.04.04 03:38:44.583,1.1792,1.17927,1.00,2.25
2017.04.04 03:38:45.112,1.17919,1.17927,3.19,3.00
