2017.04.21 13:00:00.392,1.16745,1.16746,1.25,1.00
2017.04.21 13:00:00.697,1.16746,1.16748,1.31,1.00
2017.04.21 13:00:00.950,1.16746,1.1675,1.19,1.50
2017.04.21 13:00:01.102,1.16746,1.16749,3.19,1.00
2017.04.21 13:00:01.652,1.16746,1.16749,1.31,1.50
2017.04.21 13:00:02.127,1.16747,1.1675,1.19,1.00
2017.04.21 13:00:02.637,1.16747,1.16751,3.37,1.50
2017.04.21 13:00:03.077,1.16747,1.1675,1.37,1.50
2017.04.21 13:00:03.383,1.16746,1.16748,1.00,1.00
2017.04.21 13:00:03.435,1.16745,1.16746,1.00,1.00
2017.04.21 13:00:03.486,1.16742,1.16745,1.95,1.00
2017.04.21 13:00:03.995,1.16744,1.16746,1.00,1.50
2017.04.21 13:00:04.046,1.16742,1.16745,2.25,1.50
2017.04.21 13:00:04.582,1.16742,1.16745,1.00,1.50
2017.04.21 13:00:05.426,1.16742,1.16744,1.12,1.00
2017.04.21 13:00:05.527,1.16743,1.16746,1.12,1.50
2017.04.21 13:00:05.881,1.16743,1.16744,1.12,1.50
2017.04.21 13:00:06.228,1.16743,1.16746,1.00,1.50
2017.04.21 13:00:07.615,1.16742,1.16743,1.00,1.50
2017.04.21 13:00:08.512,1.16741,1.16742,2.25,1.00
2017.04.21 13:00:08.563,1.16743,1.16745,1.00,1.50
2017.04.21 13:00:09.108,1.16742,1.16743,1.00,1.00
2017.04.21 13:00:09.471,1.16741,1.16743,1.00,1.50
2017.04.21 13:00:10.045,1.16741,1.16745,1.00,1.50
2017.04.21 13:00:10.828,1.16741,1.16742,1.00,1.50
2017.04.21 13:00:11.485,1.1674,1.16742,1.50,1.50
2017.04.21 13:00:11.747,1.1674,1.16745,1.00,1.50
2017.04.21 13:00:12.344,1.16741,1.16745,1.87,1.00
2017.04.21 13:00:12.670,1.1674,1.16743,1.12,1.00
2017.04.21 13:00:12.974,1.16739,1.1674,1.00,1.00
2017.04.21 13:00:14.588,1.16739,1.16741,1.00,1.00
2017.04.21 13:00:14.698,1.1674,1.16743,1.00,1.50
2017.04.21 13:00:15.212,1.16738,1.16741,1.87,1.00
2017.04.21 13:00:15.475,1.16735,1.16737,1.12,1.00
2017.04.21 13:00:16.312,1.16733,1.16736,4.39,1.00
2017.04.21 13:00:16.920,1.16733,1.16736,4.98,1.50
2017.04.21 13:00:19.672,1.16733,1.16735,1.12,1.00
2017.04.21 13:00:19.911,1.16733,1.16738,4.98,2.25
2017.04.21 13:00:20.012,1.16734,1.16738,1.37,1.50
2017.04.21 13:00:20.519,1.16734,1.16737,1.87,1.00
2017.04.21 13:00:20.794,1.16734,1.16739,4.61,3.00
2017.04.21 13:00:21.305,1.16736,1.16739,1.00,1.00
2017.04.21 13:00:21.640,1.16738,1.16741,1.00,1.00
2017.04.21 13:00:21.691,1.16736,1.16738,1.87,1.00
2017.04.21 13:00:22.248,1.16736,1.16738,1.00,1.00
2017.04.21 13:00:22.350,1.16735,1.16737,2.62,1.00
2017.04.21 13:00:22.401,1.16736,1.16739,1.87,1.00
2017.04.21 13:00:22.654,1.16736,1.16739,1.97,1.50
2017.04.21 13:00:22.705,1.16736,1.16738,1.12,1.50
2017.04.21 13:00:23.092,1.16735,1.16737,1.87,1.00
2017.04.21 13:00:23.906,1.16735,1.16737,1.50,1.00
2017.04.21 13:00:24.445,1.16735,1.16737,1.00,1.50
2017.04.21 13:00:24.874,1.16733,1.16734,1.00,1.00
2017.04.21 13:00:25.676,1.16732,1.16734,1.12,1.50
2017.04.21 13:00:26.434,1.16731,1.16734,3.37,1.00
2017.04.21 13:00:26.536,1.16732,1.16734,1.00,1.00
2017.04.21 13:00:26.587,1.16732,1.16733,1.00,1.50
2017.04.21 13:00:26.744,1.1673,1.16731,1.00,1.00
2017.04.21 13:00:26.795,1.16728,1.1673,3.48,1.00
2017.04.21 13:00:27.100,1.16728,1.16731,3.48,1.00
2017.04.21 13:00:27.202,1.16728,1.1673,3.48,1.00
2017.04.21 13:00:27.507,1.16728,1.1673,1.69,1.00
2017.04.21 13:00:27.559,1.16728,1.1673,1.12,1.00
2017.04.21 13:00:27.965,1.16727,1.1673,1.31,1.00
2017.04.21 13:00:28.066,1.16727,1.1673,1.62,1.00
2017.04.21 13:00:28.407,1.16729,1.16732,1.12,1.00
2017.04.21 13:00:28.508,1.16729,1.16732,1.37,1.50
2017.04.21 13:00:28.609,1.16728,1.16731,1.50,1.00
2017.04.21 13:00:28.913,1.16729,1.16732,1.12,1.50
2017.04.21 13:00:29.536,1.16729,1.16731,1.12,1.00
2017.04.21 13:00:29.587,1.16729,1.16733,1.37,1.50
2017.04.21 13:00:30.189,1.16729,1.16732,1.12,1.00
2017.04.21 13:00:30.733,1.16729,1.16731,1.12,1.50
2017.04.21 13:00:30.937,1.16729,1.16733,1.12,1.00
2017.04.21 13:00:31.444,1.16729,1.16734,1.00,1.50
2017.04.21 13:00:32.887,1.16729,1.16734,1.37,1.00
2017.04.21 13:00:33.344,1.16732,1.16736,1.12,1.00
2017.04.21 13:00:33.750,1.1673,1.16734,3.37,1.00
2017.04.21 13:00:34.343,1.1673,1.16733,1.00,1.00
2017.04.21 13:00:34.750,1.1673,1.16735,1.37,2.62
2017.04.21 13:00:35.004,1.1673,1.16735,1.12,1.87
2017.04.21 13:00:35.420,1.16737,1.16738,1.00,1.50
2017.04.21 13:00:35.572,1.16738,1.1674,1.37,2.10
2017.04.21 13:00:35.724,1.1674,1.16743,1.87,1.12
2017.04.21 13:00:36.211,1.16738,1.16743,2.81,1.00
2017.04.21 13:00:36.313,1.16738,1.16743,1.69,1.00
2017.04.21 13:00:36.820,1.1674,1.16744,1.37,2.44
2017.04.21 13:00:37.367,1.1674,1.16743,1.12,1.00
2017.04.21 13:00:37.418,1.1674,1.16745,1.50,2.81
2017.04.21 13:00:37.621,1.16741,1.16743,1.12,1.00
2017.04.21 13:00:38.177,1.1674,1.16743,1.12,1.00
2017.04.21 13:00:38.322,1.16737,1.16742,1.37,1.00
2017.04.21 13:00:38.423,1.16737,1.1674,1.12,1.00
2017.04.21 13:00:38.705,1.16735,1.16739,1.25,1.00
2017.04.21 13:00:39.009,1.16732,1.16738,2.06,1.00
2017.04.21 13:00:39.262,1.16732,1.16736,1.37,1.00
2017.04.21 13:00:39.835,1.16733,1.16738,1.87,1.50
2017.04.21 13:00:39.988,1.16734,1.16738,1.87,1.00
2017.04.21 13:00:40.271,1.16734,1.16738,1.87,1.00
2017.04.21 13:00:40.322,1.16735,1.1674,1.00,1.87
2017.04.21 13:00:40.424,1.16735,1.1674,1.37,1.87
2017.04.21 13:00:40.576,1.16734,1.16739,1.50,1.00
2017.04.21 13:00:40.627,1.16734,1.16735,1.12,1.00
2017.04.21 13:00:40.678,1.16731,1.16736,1.10,1.19
2017.04.21 13:00:40.780,1.16729,1.16735,1.50,1.12
2017.04.21 13:00:41.136,1.1673,1.16735,1.37,1.00
2017.04.21 13:00:41.644,1.1673,1.16736,1.95,1.00
2017.04.21 13:00:42.159,1.1673,1.16736,3.37,1.00
2017.04.21 13:00:42.614,1.1673,1.16734,1.37,1.00
2017.04.21 13:00:43.078,1.16729,1.16734,1.12,1.00
2017.04.21 13:00:43.655,1.16729,1.16734,1.87,1.00
2017.04.21 13:00:44.163,1.16729,1.16734,1.87,1.00
2017.04.21 13:00:44.214,1.16729,1.16732,1.12,1.00
2017.04.21 13:00:44.366,1.16728,1.16734,2.62,1.00
2017.04.21 13:00:44.417,1.1673,1.16735,1.00,5.81
2017.04.21 13:00:44.957,1.1673,1.16734,1.50,1.00
2017.04.21 13:00:46.139,1.16728,1.16732,1.37,1.00
2017.04.21 13:00:46.190,1.16728,1.16734,1.12,5.44
2017.04.21 13:00:46.734,1.16727,1.16734,4.34,4.69
2017.04.21 13:00:47.340,1.16729,1.16734,1.00,1.12
2017.04.21 13:00:47.897,1.16728,1.16734,2.62,1.00
2017.04.21 13:00:48.443,1.16729,1.16735,1.50,2.62
2017.04.21 13:00:50.253,1.1673,1.16735,1.37,2.62
2017.04.21 13:00:50.355,1.16729,1.16735,3.97,2.62
2017.04.21 13:00:50.406,1.16729,1.16735,4.34,1.87
2017.04.21 13:00:50.507,1.16729,1.16735,4.34,2.62
2017.04.21 13:00:51.063,1.16729,1.16733,5.09,1.00
2017.04.21 13:00:51.389,1.16733,1.16735,1.00,1.12
2017.04.21 13:00:51.541,1.16733,1.16737,1.00,3.00
2017.04.21 13:00:52.071,1.16732,1.16736,1.00,1.12
2017.04.21 13:00:52.443,1.1673,1.16736,1.50,1.87
2017.04.21 13:00:52.595,1.16732,1.16736,1.00,1.87
2017.04.21 13:00:53.139,1.16732,1.16736,1.19,1.87
2017.04.21 13:00:53.650,1.16732,1.16735,1.19,1.00
2017.04.21 13:00:54.188,1.16732,1.16738,3.56,3.56
2017.04.21 13:00:55.181,1.16733,1.16737,1.19,1.50
2017.04.21 13:00:55.535,1.16734,1.16739,1.69,4.31
2017.04.21 13:00:56.562,1.16735,1.16739,1.12,3.00
2017.04.21 13:00:57.105,1.16736,1.16738,1.25,1.12
2017.04.21 13:00:57.257,1.16735,1.1674,1.19,4.50
2017.04.21 13:00:57.409,1.16735,1.16739,1.19,1.87
2017.04.21 13:00:57.917,1.16734,1.16738,1.69,1.00
2017.04.21 13:00:58.424,1.16736,1.1674,4.31,1.50
2017.04.21 13:00:58.576,1.16737,1.16741,2.81,1.12
2017.04.21 13:00:59.085,1.16737,1.16742,2.44,3.00
2017.04.21 13:01:00.118,1.16737,1.16741,2.44,1.12
2017.04.21 13:01:00.490,1.16736,1.1674,1.00,1.50
2017.04.21 13:01:00.996,1.16735,1.1674,1.25,2.25
2017.04.21 13:01:01.506,1.16736,1.16739,1.00,1.00
2017.04.21 13:01:04.071,1.16734,1.16738,1.56,1.00
2017.04.21 13:01:04.633,1.16734,1.16738,1.56,1.00
2017.04.21 13:01:05.214,1.16734,1.16737,1.94,1.00
2017.04.21 13:01:05.721,1.16732,1.16736,2.06,1.00
2017.04.21 13:01:06.421,1.16731,1.16736,6.43,1.00
2017.04.21 13:01:06.918,1.16731,1.16736,2.49,1.00
2017.04.21 13:01:07.420,1.1673,1.16735,3.56,1.00
2017.04.21 13:01:08.128,1.1673,1.16735,3.80,1.00
2017.04.21 13:01:08.871,1.1673,1.16733,2.12,1.00
2017.04.21 13:01:09.024,1.16727,1.1673,1.00,1.25
2017.04.21 13:01:09.126,1.16725,1.1673,4.12,1.25
2017.04.21 13:01:09.676,1.16724,1.1673,3.37,3.19
2017.04.21 13:01:10.181,1.16724,1.16729,1.87,1.00
2017.04.21 13:01:10.611,1.16726,1.16729,1.00,1.31
2017.04.21 13:01:11.809,1.16726,1.16729,1.00,1.25
2017.04.21 13:01:12.336,1.16726,1.16729,1.00,1.19
2017.04.21 13:01:12.867,1.16726,1.16727,1.00,1.25
2017.04.21 13:01:12.918,1.16724,1.16726,1.12,1.00
2017.04.21 13:01:13.020,1.16722,1.16724,1.87,1.00
2017.04.21 13:01:13.426,1.1672,1.16724,1.50,1.25
2017.04.21 13:01:13.477,1.16719,1.16724,1.87,2.44
2017.04.21 13:01:14.045,1.16721,1.16723,1.00,1.00
2017.04.21 13:01:14.545,1.16717,1.16723,2.25,1.00
2017.04.21 13:01:15.093,1.1672,1.16723,1.00,1.00
2017.04.21 13:01:15.607,1.16719,1.16723,1.12,1.00
2017.04.21 13:01:16.310,1.16719,1.16724,1.12,1.87
2017.04.21 13:01:19.065,1.16719,1.16723,1.12,1.00
2017.04.21 13:01:20.385,1.16719,1.16724,1.00,1.12
2017.04.21 13:01:23.341,1.16721,1.16725,1.00,3.37
2017.04.21 13:01:24.015,1.16721,1.16725,1.00,1.12
2017.04.21 13:01:24.622,1.16722,1.16725,1.00,1.00
2017.04.21 13:01:25.153,1.16722,1.16726,1.00,1.00
2017.04.21 13:01:25.463,1.16724,1.16726,1.00,1.00
2017.04.21 13:01:25.643,1.16724,1.16726,1.00,1.00
2017.04.21 13:01:25.695,1.16723,1.16726,1.87,1.00
2017.04.21 13:01:26.099,1.16724,1.16726,1.00,1.50
2017.04.21 13:01:26.403,1.16724,1.16728,1.00,1.12
2017.04.21 13:01:26.911,1.16724,1.1673,1.00,8.62
2017.04.21 13:01:27.114,1.16726,1.1673,1.00,2.44
2017.04.21 13:01:27.697,1.16726,1.16731,1.00,3.19
2017.04.21 13:01:28.246,1.16727,1.16731,1.50,2.44
2017.04.21 13:01:28.550,1.16729,1.16731,1.00,1.00
2017.04.21 13:01:28.805,1.16732,1.16737,2.25,2.81
2017.04.21 13:01:29.431,1.16733,1.16737,1.00,1.50
2017.04.21 13:01:30.028,1.16733,1.16738,1.00,3.37
2017.04.21 13:01:30.483,1.16736,1.16738,1.00,1.25
2017.04.21 13:01:30.686,1.16739,1.16742,1.00,1.50
2017.04.21 13:01:31.595,1.1674,1.16742,1.00,1.00
2017.04.21 13:01:32.000,1.16742,1.16743,1.00,1.12
2017.04.21 13:01:32.203,1.1674,1.16744,1.25,1.31
2017.04.21 13:01:32.645,1.1674,1.16744,1.56,1.12
2017.04.21 13:01:33.608,1.16742,1.16745,1.56,4.12
2017.04.21 13:01:33.962,1.16745,1.16746,1.00,1.50
2017.04.21 13:01:34.382,1.16743,1.16746,1.32,1.50
2017.04.21 13:01:34.893,1.16743,1.16745,1.00,1.00
2017.04.21 13:01:36.071,1.16743,1.16746,1.25,2.25
2017.04.21 13:01:36.577,1.16744,1.16746,1.00,2.25
2017.04.21 13:01:37.239,1.16743,1.16746,1.25,3.00
2017.04.21 13:01:37.746,1.16743,1.16745,1.31,1.12
2017.04.21 13:01:38.252,1.16743,1.16746,1.00,3.56
2017.04.21 13:01:38.754,1.16742,1.16746,1.69,3.94
2017.04.21 13:01:41.512,1.16744,1.16746,1.25,4.12
2017.04.21 13:01:41.818,1.16744,1.16746,1.56,1.50
2017.04.21 13:01:42.223,1.16745,1.16748,1.56,1.87
2017.04.21 13:01:45.936,1.16745,1.16747,1.31,1.00
2017.04.21 13:01:46.454,1.16748,1.16749,1.25,1.50
2017.04.21 13:01:46.556,1.16748,1.16751,1.25,1.69
2017.04.21 13:01:46.997,1.16746,1.16749,1.56,2.62
2017.04.21 13:01:47.757,1.16747,1.16749,1.56,1.00
2017.04.21 13:01:48.767,1.16748,1.1675,1.00,1.69
2017.04.21 13:01:49.097,1.16749,1.16752,1.12,1.00
2017.04.21 13:01:49.609,1.16749,1.16753,1.12,1.50
2017.04.21 13:01:50.282,1.1675,1.16753,1.00,3.75
2017.04.21 13:01:50.434,1.1675,1.16753,1.31,3.56
2017.04.21 13:01:51.296,1.1675,1.16752,2.44,1.00
2017.04.21 13:01:51.802,1.16751,1.16752,1.00,1.00
2017.04.21 13:01:51.954,1.16752,1.16754,1.00,1.50
2017.04.21 13:01:54.031,1.16751,1.16753,1.25,1.00
2017.04.21 13:01:55.127,1.16751,1.16754,1.31,2.25
2017.04.21 13:01:56.484,1.16751,1.16753,1.25,1.00
2017.04.21 13:01:56.687,1.16751,1.16754,1.19,2.25
2017.04.21 13:01:56.737,1.16751,1.16753,1.25,1.00
2017.04.21 13:01:57.204,1.16751,1.16754,1.19,3.75
2017.04.21 13:01:57.780,1.16748,1.16752,1.25,2.06
2017.04.21 13:01:57.831,1.16747,1.1675,2.06,1.00
2017.04.21 13:01:58.135,1.16748,1.16751,1.25,2.25
2017.04.21 13:01:58.857,1.16746,1.1675,1.32,1.00
2017.04.21 13:01:59.213,1.16748,1.1675,1.00,1.50
2017.04.21 13:01:59.732,1.16749,1.16751,1.12,1.50
2017.04.21 13:02:00.036,1.16746,1.16751,1.31,2.44
2017.04.21 13:02:00.567,1.16747,1.1675,1.00,1.31
2017.04.21 13:02:00.871,1.16745,1.16749,1.12,1.00
2017.04.21 13:02:01.556,1.16744,1.16749,1.31,1.69
2017.04.21 13:02:02.062,1.16743,1.16748,2.44,1.00
2017.04.21 13:02:03.023,1.16742,1.16747,2.06,1.00
2017.04.21 13:02:03.922,1.16742,1.16747,2.06,1.00
2017.04.21 13:02:04.936,1.16744,1.16747,1.00,1.00
2017.04.21 13:02:05.473,1.16742,1.16747,1.31,1.50
2017.04.21 13:02:06.333,1.16742,1.16746,1.31,1.00
2017.04.21 13:02:06.765,1.1674,1.16745,1.69,1.00
2017.04.21 13:02:07.588,1.16738,1.16745,2.81,1.87
2017.04.21 13:02:07.741,1.16744,1.16746,1.00,1.00
2017.04.21 13:02:07.842,1.16743,1.16749,1.31,2.06
2017.04.21 13:02:09.332,1.16743,1.16748,1.31,2.25
2017.04.21 13:02:09.616,1.16745,1.16749,1.31,1.25
2017.04.21 13:02:10.124,1.16747,1.16749,1.00,1.25
2017.04.21 13:02:10.309,1.16747,1.16751,1.19,1.87
2017.04.21 13:02:10.434,1.16748,1.16753,1.25,1.25
2017.04.21 13:02:10.586,1.1675,1.16753,1.00,1.25
2017.04.21 13:02:11.059,1.16748,1.16754,1.25,2.25
2017.04.21 13:02:11.584,1.16747,1.16754,2.06,1.00
2017.04.21 13:02:12.139,1.16748,1.16753,1.19,1.00
2017.04.21 13:02:12.444,1.16747,1.16751,1.69,1.00
2017.04.21 13:02:12.545,1.16748,1.16753,1.56,3.00
2017.04.21 13:02:12.748,1.16748,1.16753,1.25,1.50
2017.04.21 13:02:13.872,1.16748,1.16753,2.81,1.00
2017.04.21 13:02:14.386,1.16748,1.16753,2.81,1.00
2017.04.21 13:02:14.933,1.16748,1.16753,2.81,1.00
2017.04.21 13:02:15.465,1.16748,1.16754,2.81,1.50
2017.04.21 13:02:15.864,1.16748,1.16752,2.06,1.00
2017.04.21 13:02:16.169,1.16747,1.1675,1.24,1.00
2017.04.21 13:02:17.036,1.16746,1.16752,2.49,1.00
2017.04.21 13:02:17.600,1.16747,1.16752,2.49,1.00
2017.04.21 13:02:18.158,1.16748,1.16753,1.32,1.50
2017.04.21 13:02:19.353,1.16748,1.16753,1.74,1.50
2017.04.21 13:02:19.454,1.1675,1.16755,1.24,1.25
2017.04.21 13:02:19.505,1.16749,1.16753,2.12,1.00
2017.04.21 13:02:20.057,1.16748,1.16754,2.49,1.50
2017.04.21 13:02:20.476,1.16748,1.16752,2.49,1.00
2017.04.21 13:02:20.824,1.1675,1.16755,1.74,1.12
2017.04.21 13:02:21.329,1.1675,1.16754,2.49,1.00
2017.04.21 13:02:21.833,1.1675,1.16755,3.99,1.00
2017.04.21 13:02:22.177,1.16749,1.16753,2.87,1.00
2017.04.21 13:02:22.746,1.16749,1.16754,2.49,1.00
2017.04.21 13:02:23.255,1.1675,1.16755,1.24,2.62
2017.04.21 13:02:24.360,1.1675,1.16754,1.00,1.00
2017.04.21 13:02:24.902,1.16748,1.16753,2.68,1.00
2017.04.21 13:02:25.234,1.16748,1.16749,1.00,1.00
2017.04.21 13:02:25.285,1.16745,1.16747,2.62,1.00
2017.04.21 13:02:25.387,1.16743,1.16747,2.62,2.25
2017.04.21 13:02:25.438,1.16742,1.16745,1.00,1.37
2017.04.21 13:02:25.742,1.16741,1.16743,1.00,2.81
2017.04.21 13:02:26.056,1.16737,1.16741,1.37,1.00
2017.04.21 13:02:26.231,1.16739,1.16742,1.00,2.25
2017.04.21 13:02:26.738,1.16738,1.16743,1.12,1.87
2017.04.21 13:02:28.089,1.1674,1.16744,1.00,1.00
2017.04.21 13:02:28.620,1.16739,1.16744,1.74,2.25
2017.04.21 13:02:29.372,1.1674,1.16744,1.00,1.50
2017.04.21 13:02:29.790,1.16741,1.16744,1.24,1.00
2017.04.21 13:02:30.054,1.16745,1.16748,1.32,1.00
2017.04.21 13:02:30.206,1.16747,1.16749,1.00,2.25
2017.04.21 13:02:30.257,1.16745,1.16749,1.32,2.25
2017.04.21 13:02:30.787,1.16745,1.16748,1.32,1.00
2017.04.21 13:02:32.308,1.16745,1.16749,1.32,1.50
2017.04.21 13:02:32.611,1.16747,1.1675,1.00,1.50
2017.04.21 13:02:33.168,1.16745,1.1675,2.49,2.25
2017.04.21 13:02:33.750,1.16746,1.16749,1.00,1.87
2017.04.21 13:02:34.276,1.16745,1.16749,1.00,1.87
2017.04.21 13:02:34.581,1.16749,1.16751,1.74,1.37
2017.04.21 13:02:34.734,1.16754,1.16756,1.24,1.50
2017.04.21 13:02:34.850,1.16754,1.16756,1.24,1.00
2017.04.21 13:02:35.003,1.16754,1.16758,1.24,1.00
2017.04.21 13:02:35.548,1.16755,1.16758,1.24,1.00
2017.04.21 13:02:35.802,1.16754,1.1676,1.74,1.00
2017.04.21 13:02:35.955,1.16758,1.16762,1.24,4.12
2017.04.21 13:02:36.007,1.16758,1.16762,1.24,6.37
2017.04.21 13:02:36.159,1.1676,1.16763,1.24,2.25
2017.04.21 13:02:36.312,1.1676,1.16765,1.74,3.37
2017.04.21 13:02:36.859,1.1676,1.16764,1.50,1.50
2017.04.21 13:02:37.837,1.16761,1.16765,1.50,1.00
2017.04.21 13:02:38.449,1.16761,1.16766,1.50,1.87
2017.04.21 13:02:39.318,1.16761,1.16763,1.00,1.00
2017.04.21 13:02:39.972,1.16761,1.16764,1.32,1.00
2017.04.21 13:02:40.315,1.16759,1.1676,1.00,1.00
2017.04.21 13:02:41.322,1.16756,1.1676,1.69,1.00
2017.04.21 13:02:42.370,1.16756,1.1676,2.81,1.00
2017.04.21 13:02:43.932,1.16756,1.1676,2.25,1.00
2017.04.21 13:02:45.281,1.16756,1.1676,1.74,1.50
2017.04.21 13:02:45.787,1.16756,1.16761,3.24,1.00
2017.04.21 13:02:45.990,1.16756,1.16761,6.80,1.00
2017.04.21 13:02:46.543,1.16758,1.16763,1.74,1.87
2017.04.21 13:02:47.110,1.16758,1.16762,2.12,1.00
2017.04.21 13:02:47.163,1.16758,1.16762,2.12,1.00
2017.04.21 13:02:49.461,1.16758,1.16763,1.37,1.12
2017.04.21 13:02:51.166,1.16758,1.16763,1.87,1.00
2017.04.21 13:02:52.184,1.16757,1.1676,1.74,1.00
2017.04.21 13:02:52.439,1.16754,1.1676,2.30,1.00
2017.04.21 13:02:52.744,1.16754,1.16757,1.55,1.00
2017.04.21 13:02:53.256,1.16753,1.16757,1.87,1.50
2017.04.21 13:02:53.763,1.16755,1.16758,1.00,1.00
2017.04.21 13:02:54.612,1.16754,1.16755,1.00,1.00
2017.04.21 13:02:54.866,1.1675,1.16755,3.05,1.00
2017.04.21 13:02:56.297,1.16752,1.16756,1.62,1.50
2017.04.21 13:02:56.349,1.16754,1.16758,3.62,1.00
2017.04.21 13:02:56.855,1.16754,1.16758,9.24,1.00
2017.04.21 13:02:57.375,1.16755,1.16757,1.32,1.00
2017.04.21 13:02:58.213,1.16754,1.16758,2.12,1.00
2017.04.21 13:02:58.708,1.16757,1.1676,1.74,1.00
2017.04.21 13:02:58.759,1.16758,1.16762,1.24,2.25
2017.04.21 13:02:59.265,1.16761,1.16764,1.32,1.50
2017.04.21 13:03:00.154,1.16761,1.16763,1.00,1.00
2017.04.21 13:03:00.407,1.1676,1.16762,1.50,1.00
2017.04.21 13:03:00.559,1.16759,1.16762,1.00,1.00
2017.04.21 13:03:00.968,1.1676,1.16765,1.74,2.47
2017.04.21 13:03:01.121,1.1676,1.16762,1.74,1.00
2017.04.21 13:03:01.628,1.1676,1.16763,1.32,1.00
2017.04.21 13:03:02.103,1.1676,1.16764,1.24,1.50
2017.04.21 13:03:02.733,1.1676,1.16763,1.24,1.00
2017.04.21 13:03:03.239,1.16762,1.16764,1.32,1.00
2017.04.21 13:03:03.864,1.16761,1.16764,1.00,1.00
2017.04.21 13:03:04.587,1.16761,1.16765,1.50,1.25
2017.04.21 13:03:04.893,1.16763,1.16768,1.32,2.25
2017.04.21 13:03:05.046,1.16765,1.16768,1.00,1.12
2017.04.21 13:03:05.097,1.16763,1.16768,1.00,1.87
2017.04.21 13:03:05.230,1.16763,1.16766,1.00,1.00
2017.04.21 13:03:05.771,1.16764,1.16767,1.00,1.00
2017.04.21 13:03:06.306,1.16764,1.16766,1.00,1.00
2017.04.21 13:03:06.853,1.16763,1.16766,2.25,1.00
2017.04.21 13:03:10.214,1.16763,1.16767,1.31,1.00
2017.04.21 13:03:11.312,1.16763,1.16766,1.00,1.00
2017.04.21 13:03:12.728,1.16762,1.16767,1.50,1.00
2017.04.21 13:03:13.340,1.16762,1.16767,1.87,1.00
2017.04.21 13:03:13.859,1.16762,1.16769,1.87,1.69
2017.04.21 13:03:14.194,1.16761,1.16766,1.50,1.69
2017.04.21 13:03:14.497,1.1676,1.16765,3.56,2.06
2017.04.21 13:03:15.838,1.16759,1.16765,1.44,4.69
2017.04.21 13:03:17.431,1.16759,1.16765,3.00,1.87
2017.04.21 13:03:17.482,1.1676,1.16765,1.50,1.50
2017.04.21 13:03:18.074,1.16761,1.16766,1.69,1.69
2017.04.21 13:03:19.376,1.16761,1.16766,1.25,1.19
2017.04.21 13:03:19.832,1.16761,1.16765,1.00,2.06
2017.04.21 13:03:20.288,1.1676,1.16765,2.06,1.00
2017.04.21 13:03:20.794,1.16761,1.16767,1.87,2.44
2017.04.21 13:03:21.623,1.16761,1.16768,3.56,1.69
2017.04.21 13:03:21.826,1.16764,1.1677,1.31,1.69
2017.04.21 13:03:22.283,1.16763,1.16767,4.87,1.00
2017.04.21 13:03:22.385,1.16763,1.16767,4.87,1.00
2017.04.21 13:03:22.927,1.16764,1.16767,2.06,1.00
2017.04.21 13:03:24.311,1.16764,1.16766,1.25,1.00
2017.04.21 13:03:24.463,1.16765,1.16768,1.00,1.50
2017.04.21 13:03:24.713,1.16766,1.16769,3.56,1.00
2017.04.21 13:03:25.168,1.16766,1.16769,1.50,1.00
2017.04.21 13:03:25.522,1.16766,1.1677,2.81,1.50
2017.04.21 13:03:25.775,1.16766,1.16769,3.00,1.25
2017.04.21 13:03:27.002,1.16766,1.1677,2.25,1.69
2017.04.21 13:03:28.402,1.16766,1.1677,2.44,1.50
2017.04.21 13:03:29.569,1.16766,1.1677,2.44,1.50
2017.04.21 13:03:30.389,1.16766,1.1677,3.94,1.50
2017.04.21 13:03:31.025,1.16767,1.16771,1.56,1.00
2017.04.21 13:03:31.111,1.16769,1.16774,5.06,1.50
2017.04.21 13:03:31.313,1.16772,1.16776,1.00,1.25
2017.04.21 13:03:31.415,1.16774,1.16778,1.00,1.00
2017.04.21 13:03:31.842,1.16776,1.16779,1.00,1.31
2017.04.21 13:03:32.147,1.1678,1.16782,1.00,1.25
2017.04.21 13:03:32.451,1.16779,1.16783,1.00,1.56
2017.04.21 13:03:33.296,1.16779,1.16783,1.00,1.25
2017.04.21 13:03:33.348,1.16779,1.16783,1.00,1.31
2017.04.21 13:03:33.652,1.16782,1.16785,1.00,1.00
2017.04.21 13:03:33.703,1.16782,1.16787,1.50,3.56
2017.04.21 13:03:34.009,1.16789,1.1679,1.00,1.87
2017.04.21 13:03:34.550,1.1679,1.16794,1.00,1.56
2017.04.21 13:03:35.006,1.16791,1.16794,1.50,1.00
2017.04.21 13:03:35.251,1.16791,1.16795,1.50,1.56
2017.04.21 13:03:35.844,1.16789,1.16795,2.25,2.06
2017.04.21 13:03:36.047,1.16791,1.16795,1.50,2.06
2017.04.21 13:03:36.633,1.16792,1.16794,1.00,1.31
2017.04.21 13:03:37.139,1.16791,1.16794,1.00,1.00
2017.04.21 13:03:37.341,1.16791,1.16795,1.00,2.06
2017.04.21 13:03:37.493,1.16791,1.16795,1.00,1.69
2017.04.21 13:03:38.141,1.16791,1.16795,1.00,1.31
2017.04.21 13:03:38.564,1.1679,1.16793,1.00,1.56
2017.04.21 13:03:38.984,1.16787,1.16792,1.00,1.25
2017.04.21 13:03:39.374,1.16789,1.16793,1.50,1.19
2017.04.21 13:03:40.802,1.16791,1.16794,1.00,1.56
2017.04.21 13:03:42.653,1.16791,1.16795,1.00,1.69
2017.04.21 13:03:43.166,1.16791,1.16796,1.50,1.31
2017.04.21 13:03:43.675,1.16791,1.16796,1.50,1.31
2017.04.21 13:03:44.055,1.16793,1.16797,1.00,1.69
2017.04.21 13:03:44.258,1.16793,1.16797,1.00,1.31
2017.04.21 13:03:44.769,1.16794,1.16798,1.00,4.12
2017.04.21 13:03:44.871,1.16795,1.16799,1.00,2.44
2017.04.21 13:03:45.478,1.16795,1.16797,1.00,1.00
2017.04.21 13:03:46.804,1.16795,1.16797,1.00,1.19
2017.04.21 13:03:48.035,1.16795,1.16799,1.00,1.31
2017.04.21 13:03:48.856,1.16794,1.16798,1.00,1.69
2017.04.21 13:03:50.405,1.16795,1.16798,1.00,1.25
2017.04.21 13:03:51.160,1.16793,1.16795,1.00,1.00
2017.04.21 13:03:51.515,1.16791,1.16795,1.25,1.00
2017.04.21 13:03:52.262,1.16792,1.16796,1.74,1.00
2017.04.21 13:03:52.313,1.16794,1.16797,1.00,1.00
2017.04.21 13:03:52.364,1.16792,1.16797,1.74,1.00
2017.04.21 13:03:53.188,1.16792,1.16796,1.37,1.00
2017.04.21 13:03:54.125,1.16791,1.16796,3.94,1.00
2017.04.21 13:03:54.818,1.16791,1.16795,2.44,1.00
2017.04.21 13:03:54.995,1.16793,1.16796,1.00,1.00
2017.04.21 13:03:55.097,1.16793,1.16798,1.32,1.50
2017.04.21 13:03:55.605,1.16794,1.16798,1.00,1.00
2017.04.21 13:03:56.136,1.16793,1.16798,2.49,1.00
2017.04.21 13:03:56.690,1.16794,1.16798,1.00,1.00
2017.04.21 13:03:57.526,1.16794,1.16799,1.00,1.25
2017.04.21 13:03:58.178,1.16793,1.16797,2.49,1.00
2017.04.21 13:03:58.523,1.16792,1.16797,1.32,1.00
2017.04.21 13:03:59.180,1.16793,1.16797,2.49,1.00
2017.04.21 13:03:59.686,1.16792,1.16798,2.62,1.19
2017.04.21 13:04:03.126,1.16792,1.16797,2.49,1.00
2017.04.21 13:04:03.405,1.16792,1.16797,1.00,2.06
2017.04.21 13:04:03.965,1.16792,1.16797,1.25,1.69
2017.04.21 13:04:04.461,1.16794,1.16798,1.25,1.25
2017.04.21 13:04:05.114,1.16793,1.16798,1.69,1.00
2017.04.21 13:04:05.982,1.16793,1.16798,1.69,1.19
2017.04.21 13:04:07.324,1.16793,1.16798,1.00,1.25
2017.04.21 13:04:07.857,1.16793,1.16798,1.19,1.25
2017.04.21 13:04:08.161,1.16792,1.16796,1.25,1.00
2017.04.21 13:04:08.700,1.16792,1.16797,1.25,1.25
2017.04.21 13:04:09.296,1.16792,1.16795,1.25,1.00
2017.04.21 13:04:09.599,1.16789,1.1679,1.00,1.00
2017.04.21 13:04:09.852,1.16785,1.1679,4.69,1.00
2017.04.21 13:04:10.163,1.16785,1.1679,6.00,1.25
2017.04.21 13:04:10.369,1.16785,1.1679,5.06,1.50
2017.04.21 13:04:10.422,1.16785,1.1679,4.31,1.25
2017.04.21 13:04:11.602,1.16784,1.1679,3.94,1.25
2017.04.21 13:04:12.255,1.16784,1.16789,2.06,1.00
2017.04.21 13:04:12.812,1.16784,1.16789,1.25,1.25
2017.04.21 13:04:13.729,1.16783,1.16787,2.81,1.00
2017.04.21 13:04:14.242,1.16781,1.16787,8.81,1.00
2017.04.21 13:04:15.205,1.16781,1.16787,5.81,1.00
2017.04.21 13:04:15.767,1.16781,1.16787,8.06,1.50
2017.04.21 13:04:16.315,1.16783,1.16788,3.00,1.00
2017.04.21 13:04:16.978,1.16783,1.16788,3.00,1.31
2017.04.21 13:04:17.748,1.16783,1.16788,1.19,1.00
2017.04.21 13:04:18.087,1.16782,1.16788,2.81,1.31
2017.04.21 13:04:18.426,1.16781,1.16784,1.31,1.00
2017.04.21 13:04:19.291,1.16779,1.16785,2.81,1.31
2017.04.21 13:04:22.400,1.16778,1.16784,5.81,1.00
2017.04.21 13:04:23.397,1.16779,1.16785,2.06,1.25
2017.04.21 13:04:23.837,1.16778,1.16783,1.31,1.00
2017.04.21 13:04:24.393,1.16778,1.16785,1.69,4.31
2017.04.21 13:04:24.919,1.16777,1.16783,6.75,1.25
2017.04.21 13:04:25.121,1.16777,1.16781,1.31,1.00
2017.04.21 13:04:26.907,1.16777,1.16782,1.69,1.12
2017.04.21 13:04:27.520,1.16777,1.16782,1.50,1.00
2017.04.21 13:04:28.418,1.16779,1.16783,1.50,1.50
2017.04.21 13:04:28.520,1.1678,1.16785,3.94,1.50
2017.04.21 13:04:28.773,1.1678,1.16785,4.69,1.00
2017.04.21 13:04:28.925,1.16781,1.16787,2.06,2.06
2017.04.21 13:04:29.229,1.1678,1.16785,3.19,2.25
2017.04.21 13:04:29.777,1.1678,1.16784,2.81,1.00
2017.04.21 13:04:31.226,1.1678,1.16783,2.06,1.00
2017.04.21 13:04:31.378,1.1678,1.16785,2.06,1.00
2017.04.21 13:04:32.177,1.1678,1.16785,3.19,1.00
2017.04.21 13:04:33.837,1.16781,1.16786,1.56,1.00
2017.04.21 13:04:34.775,1.16782,1.16786,2.44,1.00
2017.04.21 13:04:35.897,1.16785,1.16786,1.00,1.00
2017.04.21 13:04:35.948,1.16785,1.16788,1.00,2.25
2017.04.21 13:04:36.049,1.16785,1.16789,2.06,1.00
2017.04.21 13:04:36.151,1.16786,1.16791,2.44,1.50
2017.04.21 13:04:36.455,1.16786,1.16793,2.81,2.25
2017.04.21 13:04:36.962,1.16786,1.16792,1.69,2.25
2017.04.21 13:04:37.637,1.16786,1.16792,2.62,1.87
2017.04.21 13:04:39.216,1.16786,1.1679,1.00,1.50
2017.04.21 13:04:39.317,1.16783,1.16789,7.20,1.00
2017.04.21 13:04:39.832,1.16783,1.16789,2.62,3.00
2017.04.21 13:04:40.445,1.16783,1.16788,1.87,1.00
2017.04.21 13:04:42.856,1.16785,1.16788,1.00,1.50
2017.04.21 13:04:42.907,1.16783,1.16788,1.12,1.50
2017.04.21 13:04:44.103,1.16783,1.16789,2.87,1.00
2017.04.21 13:04:44.154,1.16785,1.16789,1.00,1.00
2017.04.21 13:04:44.719,1.16787,1.1679,1.00,1.00
2017.04.21 13:04:44.871,1.16788,1.16792,1.00,1.87
2017.04.21 13:04:45.023,1.1679,1.16793,1.00,1.12
2017.04.21 13:04:45.256,1.16792,1.16796,1.00,2.25
2017.04.21 13:04:45.307,1.16791,1.16794,1.00,1.37
2017.04.21 13:04:45.358,1.16789,1.16793,1.00,1.00
2017.04.21 13:04:45.902,1.16788,1.16793,1.87,1.00
2017.04.21 13:04:46.274,1.16786,1.16791,2.87,1.00
2017.04.21 13:04:46.578,1.16788,1.16791,1.00,2.12
2017.04.21 13:04:46.679,1.16786,1.16789,1.50,1.00
2017.04.21 13:04:47.215,1.16787,1.1679,1.00,1.32
2017.04.21 13:04:48.722,1.16787,1.16789,1.00,1.00
2017.04.21 13:04:50.087,1.16785,1.16787,1.50,3.24
2017.04.21 13:04:50.189,1.16782,1.16785,1.50,1.00
2017.04.21 13:04:51.384,1.16782,1.16786,1.00,1.74
2017.04.21 13:04:51.889,1.16782,1.16786,1.00,1.62
2017.04.21 13:04:52.091,1.16781,1.16785,1.00,2.62
2017.04.21 13:04:52.636,1.16778,1.16785,6.24,3.37
2017.04.21 13:04:52.791,1.1678,1.16785,1.00,2.62
2017.04.21 13:04:53.139,1.16784,1.16786,1.00,1.12
2017.04.21 13:04:53.688,1.16783,1.16788,1.00,2.44
2017.04.21 13:04:54.287,1.16783,1.16788,1.00,2.06
2017.04.21 13:04:54.338,1.16783,1.16786,1.00,1.69
2017.04.21 13:04:54.844,1.16783,1.16785,1.00,1.00
2017.04.21 13:04:54.895,1.16783,1.16787,1.00,2.06
2017.04.21 13:04:55.198,1.1678,1.16786,4.12,1.50
2017.04.21 13:04:56.178,1.1678,1.16786,4.37,1.69
2017.04.21 13:04:57.285,1.1678,1.16786,4.37,1.19
2017.04.21 13:04:57.538,1.16779,1.16782,1.12,1.00
2017.04.21 13:04:58.057,1.16777,1.16783,3.05,1.25
2017.04.21 13:04:58.735,1.16778,1.16784,2.12,1.25
2017.04.21 13:04:59.240,1.16778,1.16783,1.37,1.00
2017.04.21 13:04:59.760,1.16779,1.16783,1.00,1.00
2017.04.21 13:05:00.704,1.16777,1.16781,2.12,1.00
2017.04.21 13:05:01.059,1.16777,1.16783,2.12,1.69
2017.04.21 13:05:01.565,1.16778,1.16783,1.00,3.94
2017.04.21 13:05:02.086,1.16777,1.16783,2.25,1.19
2017.04.21 13:05:02.760,1.16777,1.16783,1.31,1.25
2017.04.21 13:05:03.305,1.16777,1.16783,1.31,2.44
2017.04.21 13:05:03.457,1.16779,1.16783,1.00,1.69
2017.04.21 13:05:04.121,1.1678,1.16783,1.31,1.00
2017.04.21 13:05:04.728,1.1678,1.16784,2.44,1.00
2017.04.21 13:05:05.032,1.16781,1.16786,1.25,1.31
2017.04.21 13:05:05.564,1.16782,1.16786,1.00,1.25
2017.04.21 13:05:06.392,1.16781,1.16786,1.00,2.81
2017.04.21 13:05:06.804,1.16781,1.16783,1.00,1.00
2017.04.21 13:05:07.358,1.1678,1.16783,1.50,1.00
2017.04.21 13:05:08.405,1.1678,1.16784,1.69,1.25
2017.04.21 13:05:11.781,1.16779,1.16784,3.75,1.00
2017.04.21 13:05:11.883,1.1678,1.16784,1.00,1.69
2017.04.21 13:05:12.439,1.16779,1.16784,2.81,1.19
2017.04.21 13:05:13.019,1.16779,1.16784,2.06,1.00
2017.04.21 13:05:13.572,1.16779,1.16783,1.00,1.00
2017.04.21 13:05:14.117,1.16779,1.16783,2.25,1.00
2017.04.21 13:05:14.645,1.16779,1.16783,2.06,1.00
2017.04.21 13:05:16.228,1.16779,1.16783,2.44,1.00
2017.04.21 13:05:18.068,1.1678,1.16784,1.69,1.00
2017.04.21 13:05:18.858,1.16781,1.16784,1.25,1.00
2017.04.21 13:05:22.087,1.16781,1.16784,1.31,1.00
2017.04.21 13:05:22.711,1.16781,1.16784,1.19,1.00
2017.04.21 13:05:23.187,1.16781,1.16786,2.06,1.50
2017.04.21 13:05:23.238,1.16781,1.16785,1.25,1.00
2017.04.21 13:05:23.744,1.16779,1.16785,2.06,1.69
2017.04.21 13:05:24.597,1.16779,1.16783,1.25,1.00
2017.04.21 13:05:25.080,1.16779,1.16783,2.06,1.00
2017.04.21 13:05:25.764,1.1678,1.16783,1.00,1.50
2017.04.21 13:05:26.038,1.16779,1.16783,2.06,1.00
2017.04.21 13:05:26.600,1.1678,1.16784,1.25,1.50
2017.04.21 13:05:26.652,1.1678,1.16786,2.44,1.25
2017.04.21 13:05:27.722,1.1678,1.16786,2.81,1.25
2017.04.21 13:05:28.240,1.1678,1.16785,1.31,1.00
2017.04.21 13:05:28.764,1.1678,1.16786,2.06,2.44
2017.04.21 13:05:28.967,1.1678,1.16784,2.06,1.00
2017.04.21 13:05:29.325,1.16779,1.16782,2.06,1.00
2017.04.21 13:05:29.426,1.16779,1.16783,1.25,3.00
2017.04.21 13:05:29.952,1.16779,1.16782,1.25,1.00
2017.04.21 13:05:30.297,1.16777,1.16781,1.00,1.00
2017.04.21 13:05:30.348,1.16777,1.16781,1.31,1.00
2017.04.21 13:05:30.450,1.16777,1.16783,2.81,2.44
2017.04.21 13:05:30.997,1.1678,1.16783,1.25,1.00
2017.04.21 13:05:31.629,1.16779,1.16784,1.31,3.94
2017.04.21 13:05:32.501,1.1678,1.16783,1.25,1.00
2017.04.21 13:05:33.508,1.16778,1.16783,2.81,1.00
2017.04.21 13:05:33.806,1.16777,1.16782,2.44,1.00
2017.04.21 13:05:34.358,1.16778,1.16783,1.25,2.44
2017.04.21 13:05:34.781,1.16777,1.1678,2.44,1.00
2017.04.21 13:05:35.304,1.16777,1.16781,2.81,1.00
2017.04.21 13:05:35.810,1.16777,1.16782,3.19,1.00
2017.04.21 13:05:36.459,1.16778,1.16783,1.56,1.50
2017.04.21 13:05:37.806,1.1678,1.16785,1.56,1.12
2017.04.21 13:05:38.009,1.16782,1.16788,2.44,3.75
2017.04.21 13:05:38.312,1.16782,1.16786,1.69,1.00
2017.04.21 13:05:38.826,1.1678,1.16785,1.56,1.50
2017.04.21 13:05:39.671,1.1678,1.16784,2.06,1.00
2017.04.21 13:05:41.483,1.1678,1.16785,1.31,3.00
2017.04.21 13:05:42.017,1.1678,1.16784,2.81,1.00
2017.04.21 13:05:42.220,1.16783,1.16788,1.19,3.19
2017.04.21 13:05:42.898,1.16783,1.16788,1.69,2.44
2017.04.21 13:05:42.999,1.16783,1.16786,1.69,1.00
2017.04.21 13:05:43.504,1.16782,1.16786,1.69,1.00
2017.04.21 13:05:44.027,1.16782,1.16787,2.06,1.00
2017.04.21 13:05:44.739,1.16782,1.16787,3.19,1.00
2017.04.21 13:05:45.256,1.16781,1.16786,5.44,1.00
2017.04.21 13:05:47.273,1.16782,1.16787,1.19,1.00
2017.04.21 13:05:47.782,1.16782,1.16787,1.56,1.00
2017.04.21 13:05:48.075,1.16783,1.16789,3.56,3.00
2017.04.21 13:05:48.610,1.16784,1.16789,2.44,1.00
2017.04.21 13:05:48.661,1.16786,1.1679,1.31,2.44
2017.04.21 13:05:49.200,1.16786,1.16791,3.19,1.00
2017.04.21 13:05:49.301,1.16787,1.16793,1.56,3.75
2017.04.21 13:05:49.352,1.16787,1.16793,1.00,3.94
2017.04.21 13:05:49.403,1.16787,1.16793,1.69,3.00
2017.04.21 13:05:49.909,1.16788,1.16793,1.31,2.25
2017.04.21 13:05:50.484,1.16787,1.16793,2.81,1.50
2017.04.21 13:05:50.967,1.16787,1.16792,2.44,1.00
2017.04.21 13:05:51.679,1.16787,1.16792,1.25,1.50
2017.04.21 13:05:52.519,1.16787,1.16792,1.25,1.69
2017.04.21 13:05:53.126,1.16786,1.16792,2.62,2.81
2017.04.21 13:05:53.979,1.16784,1.16791,4.31,2.44
2017.04.21 13:05:54.871,1.16785,1.1679,1.31,1.00
2017.04.21 13:05:54.922,1.16785,1.16788,1.31,1.00
2017.04.21 13:05:54.973,1.16783,1.16788,3.94,1.00
2017.04.21 13:05:55.478,1.16786,1.16788,1.00,1.00
2017.04.21 13:05:56.218,1.16785,1.16789,4.31,1.00
2017.04.21 13:05:57.111,1.16785,1.1679,1.69,4.50
2017.04.21 13:05:57.163,1.16785,1.1679,3.56,1.00
2017.04.21 13:05:57.315,1.16787,1.16792,1.31,1.50
2017.04.21 13:05:58.178,1.16787,1.16792,1.25,1.25
2017.04.21 13:05:58.398,1.16786,1.16791,3.37,1.54
2017.04.21 13:05:58.702,1.16783,1.16788,1.00,1.56
2017.04.21 13:05:58.862,1.16783,1.16789,2.81,1.50
2017.04.21 13:05:59.015,1.16785,1.16789,1.56,1.69
2017.04.21 13:05:59.319,1.16784,1.16788,1.00,1.19
2017.04.21 13:05:59.923,1.16783,1.16788,1.50,1.69
2017.04.21 13:06:00.443,1.16783,1.16786,1.00,1.25
2017.04.21 13:06:00.949,1.16782,1.16786,2.81,1.25
2017.04.21 13:06:02.310,1.16781,1.16788,2.06,3.19
2017.04.21 13:06:02.664,1.16781,1.16786,1.87,2.06
2017.04.21 13:06:02.970,1.16778,1.16783,3.56,1.25
2017.04.21 13:06:03.517,1.16778,1.16783,2.81,1.25
2017.04.21 13:06:05.732,1.16778,1.16784,3.37,2.06
2017.04.21 13:06:06.388,1.16779,1.16786,4.31,2.06
2017.04.21 13:06:06.490,1.16781,1.16786,1.12,1.25
2017.04.21 13:06:07.244,1.16781,1.16787,2.44,3.00
2017.04.21 13:06:07.577,1.1678,1.16785,2.62,1.56
2017.04.21 13:06:07.731,1.1678,1.16786,6.19,1.25
2017.04.21 13:06:07.883,1.16781,1.16787,1.87,3.37
2017.04.21 13:06:07.985,1.16782,1.16788,2.25,3.19
2017.04.21 13:06:08.491,1.16781,1.16787,5.06,1.25
2017.04.21 13:06:09.073,1.16785,1.16788,1.50,1.31
2017.04.21 13:06:09.226,1.16787,1.16791,2.81,1.50
2017.04.21 13:06:09.379,1.16788,1.16792,2.81,1.00
2017.04.21 13:06:09.583,1.16789,1.16794,4.69,1.00
2017.04.21 13:06:09.902,1.1679,1.16794,1.56,1.00
2017.04.21 13:06:10.004,1.1679,1.16796,5.44,1.25
2017.04.21 13:06:10.106,1.1679,1.16796,1.31,1.25
2017.04.21 13:06:10.597,1.1679,1.16796,2.06,1.69
2017.04.21 13:06:11.108,1.16791,1.16797,8.14,1.00
2017.04.21 13:06:11.653,1.16792,1.16798,1.31,2.62
2017.04.21 13:06:13.226,1.1679,1.16795,1.87,1.87
2017.04.21 13:06:13.530,1.16788,1.16792,3.19,1.00
2017.04.21 13:06:13.581,1.16787,1.16792,1.69,1.00
2017.04.21 13:06:15.148,1.16787,1.16793,1.50,1.00
2017.04.21 13:06:15.300,1.16786,1.16791,2.25,1.00
2017.04.21 13:06:15.626,1.16784,1.16789,1.00,1.00
2017.04.21 13:06:16.186,1.16783,1.16788,1.87,1.00
2017.04.21 13:06:16.692,1.16783,1.16787,1.00,1.00
2017.04.21 13:06:17.242,1.16782,1.16788,1.87,1.87
2017.04.21 13:06:17.780,1.16783,1.16787,1.00,1.00
2017.04.21 13:06:18.418,1.16783,1.16788,1.00,2.62
2017.04.21 13:06:18.472,1.16783,1.16788,1.00,2.62
2017.04.21 13:06:19.021,1.16782,1.16788,4.12,2.62
2017.04.21 13:06:19.808,1.16783,1.16787,1.00,1.00
2017.04.21 13:06:20.334,1.16784,1.16788,1.00,2.62
2017.04.21 13:06:23.945,1.16783,1.16788,1.50,1.12
2017.04.21 13:06:24.047,1.16783,1.16785,1.00,1.00
2017.04.21 13:06:24.098,1.16783,1.16788,1.12,1.87
2017.04.21 13:06:24.300,1.16785,1.16788,1.00,1.00
2017.04.21 13:06:24.402,1.16785,1.1679,1.50,4.12
2017.04.21 13:06:24.756,1.16783,1.16789,2.81,1.87
2017.04.21 13:06:25.293,1.16783,1.16789,1.87,2.87
2017.04.21 13:06:25.962,1.16783,1.16788,1.12,1.37
2017.04.21 13:06:26.115,1.16784,1.16789,1.00,3.62
2017.04.21 13:06:26.648,1.16783,1.16786,1.00,1.32
2017.04.21 13:06:26.800,1.16781,1.16787,4.12,1.37
2017.04.21 13:06:26.953,1.16781,1.16788,3.75,2.12
2017.04.21 13:06:27.458,1.16781,1.16788,3.94,1.32
2017.04.21 13:06:28.518,1.16784,1.16788,1.00,1.32
2017.04.21 13:06:28.904,1.16782,1.16787,1.12,1.32
2017.04.21 13:06:29.410,1.16782,1.16789,1.37,5.12
2017.04.21 13:06:29.941,1.16783,1.16788,1.00,1.32
2017.04.21 13:06:30.144,1.16783,1.1679,3.94,3.37
2017.04.21 13:06:30.195,1.16785,1.16791,1.25,2.25
2017.04.21 13:06:30.427,1.16786,1.16791,1.56,1.00
2017.04.21 13:06:30.528,1.16787,1.16793,2.81,1.00
2017.04.21 13:06:31.084,1.16787,1.16793,1.31,1.00
2017.04.21 13:06:31.944,1.16787,1.16792,1.19,1.00
2017.04.21 13:06:32.464,1.16787,1.16791,1.31,1.00
2017.04.21 13:06:32.903,1.16787,1.16793,1.12,1.12
2017.04.21 13:06:33.328,1.16786,1.16792,1.69,1.87
2017.04.21 13:06:34.006,1.16786,1.16792,1.19,1.87
2017.04.21 13:06:34.361,1.16785,1.1679,1.00,1.32
2017.04.21 13:06:34.665,1.16783,1.16789,1.69,1.37
2017.04.21 13:06:35.172,1.16785,1.16789,1.25,1.12
2017.04.21 13:06:35.783,1.16785,1.1679,1.00,6.56
2017.04.21 13:06:36.891,1.16785,1.1679,1.25,5.81
2017.04.21 13:06:37.548,1.16784,1.16789,1.50,1.25
2017.04.21 13:06:40.017,1.16784,1.1679,1.12,7.31
2017.04.21 13:06:40.676,1.16784,1.16789,2.62,1.00
2017.04.21 13:06:40.979,1.16785,1.1679,1.69,1.37
2017.04.21 13:06:41.030,1.16786,1.16791,1.12,1.25
2017.04.21 13:06:41.568,1.16786,1.16792,1.50,1.69
2017.04.21 13:06:42.906,1.16786,1.16792,1.87,1.69
2017.04.21 13:06:44.115,1.16786,1.16792,3.00,1.69
2017.04.21 13:06:44.713,1.16786,1.16792,3.00,1.69
2017.04.21 13:06:45.920,1.16786,1.16792,5.25,1.50
2017.04.21 13:06:46.370,1.16786,1.16792,3.75,1.87
2017.04.21 13:06:46.876,1.16786,1.16791,3.75,1.00
2017.04.21 13:06:49.130,1.16788,1.16792,1.00,1.37
2017.04.21 13:06:49.675,1.16789,1.16793,1.00,1.24
2017.04.21 13:06:50.190,1.16789,1.16794,1.00,1.24
2017.04.21 13:06:50.533,1.16791,1.16796,1.00,2.87
2017.04.21 13:06:51.090,1.16791,1.16794,1.00,1.00
2017.04.21 13:06:51.600,1.16791,1.16797,1.19,3.00
2017.04.21 13:06:51.650,1.16792,1.16797,1.25,1.87
2017.04.21 13:06:52.156,1.16793,1.16799,1.25,3.24
2017.04.21 13:06:52.699,1.16794,1.16799,1.00,3.99
2017.04.21 13:06:54.094,1.16795,1.16799,1.00,4.31
2017.04.21 13:06:57.675,1.16795,1.16799,1.00,3.56
2017.04.21 13:06:58.210,1.16796,1.16797,1.00,1.00
2017.04.21 13:06:58.362,1.16796,1.16799,1.00,2.44
2017.04.21 13:06:58.413,1.16797,1.16799,1.00,1.69
2017.04.21 13:06:58.464,1.16796,1.16799,1.50,1.25
2017.04.21 13:06:58.566,1.16798,1.16801,1.00,2.06
2017.04.21 13:06:58.718,1.16796,1.168,1.50,1.56
2017.04.21 13:06:58.769,1.16796,1.168,1.00,2.44
2017.04.21 13:06:59.151,1.16793,1.16796,1.00,2.44
2017.04.21 13:06:59.202,1.16794,1.16796,1.00,1.31
2017.04.21 13:06:59.405,1.16795,1.16798,1.00,2.06
2017.04.21 13:06:59.760,1.16795,1.16798,1.00,1.31
2017.04.21 13:07:00.886,1.16796,1.168,1.00,3.19
2017.04.21 13:07:01.616,1.16796,1.168,1.00,2.62
2017.04.21 13:07:02.636,1.16796,1.16799,1.00,1.00
2017.04.21 13:07:02.698,1.16794,1.16797,1.00,1.00
2017.04.21 13:07:03.221,1.16793,1.16795,1.50,1.00
2017.04.21 13:07:03.751,1.16792,1.16795,1.00,1.87
2017.04.21 13:07:04.262,1.16791,1.16793,1.50,1.00
2017.04.21 13:07:04.567,1.16794,1.16795,1.00,1.00
2017.04.21 13:07:04.872,1.16792,1.16797,3.75,1.12
2017.04.21 13:07:05.075,1.16801,1.16802,1.00,1.00
2017.04.21 13:07:05.395,1.168,1.16802,1.00,1.00
2017.04.21 13:07:05.446,1.16801,1.16803,1.00,2.25
2017.04.21 13:07:05.951,1.16801,1.16803,1.00,1.00
2017.04.21 13:07:07.431,1.16801,1.16802,1.00,1.00
2017.04.21 13:07:08.768,1.16799,1.16802,1.50,1.00
2017.04.21 13:07:09.817,1.16799,1.16803,1.50,1.00
2017.04.21 13:07:10.775,1.16798,1.16803,1.00,1.00
2017.04.21 13:07:11.584,1.16798,1.16803,1.00,2.62
2017.04.21 13:07:12.091,1.16798,1.16801,1.00,1.00
2017.04.21 13:07:12.714,1.16798,1.16802,1.00,1.00
2017.04.21 13:07:13.237,1.16797,1.16801,1.00,1.00
2017.04.21 13:07:13.490,1.16795,1.16799,2.62,1.00
2017.04.21 13:07:13.824,1.16794,1.16796,1.50,1.00
2017.04.21 13:07:14.068,1.16794,1.16797,1.00,1.00
2017.04.21 13:07:14.762,1.16793,1.16795,1.00,1.00
2017.04.21 13:07:15.065,1.16792,1.16797,1.00,1.00
2017.04.21 13:07:15.470,1.16791,1.16794,3.75,1.00
2017.04.21 13:07:15.521,1.16791,1.16797,2.25,1.31
2017.04.21 13:07:15.572,1.16791,1.16794,1.87,1.00
2017.04.21 13:07:15.675,1.16791,1.16797,4.50,1.25
2017.04.21 13:07:15.777,1.16795,1.16797,1.00,1.50
2017.04.21 13:07:15.879,1.16793,1.16797,1.12,1.00
2017.04.21 13:07:15.980,1.16792,1.16795,1.50,1.00
2017.04.21 13:07:16.031,1.16792,1.16797,1.50,1.50
2017.04.21 13:07:16.277,1.16793,1.16798,1.37,1.00
2017.04.21 13:07:17.355,1.16793,1.16797,1.12,1.00
2017.04.21 13:07:17.861,1.16792,1.16797,2.62,1.00
2017.04.21 13:07:18.403,1.16792,1.16798,1.87,2.25
2017.04.21 13:07:19.015,1.16792,1.16798,6.37,1.00
2017.04.21 13:07:19.530,1.16792,1.16797,2.62,1.00
2017.04.21 13:07:20.047,1.16791,1.16796,1.50,1.00
2017.04.21 13:07:20.877,1.16791,1.16795,1.50,1.00
2017.04.21 13:07:23.643,1.16791,1.16794,1.00,1.00
2017.04.21 13:07:23.948,1.16789,1.16792,4.69,1.00
2017.04.21 13:07:25.617,1.1679,1.16796,5.06,2.25
2017.04.21 13:07:25.669,1.16793,1.16796,1.00,1.00
2017.04.21 13:07:26.206,1.16792,1.16796,1.50,1.00
2017.04.21 13:07:28.178,1.1679,1.16795,3.56,1.00
2017.04.21 13:07:28.483,1.1679,1.16792,1.37,1.25
2017.04.21 13:07:28.636,1.16788,1.16791,1.60,1.50
2017.04.21 13:07:28.989,1.16786,1.16791,3.94,1.00
2017.04.21 13:07:31.120,1.16787,1.16789,1.25,1.00
2017.04.21 13:07:31.653,1.16786,1.1679,1.19,1.25
2017.04.21 13:07:33.320,1.16785,1.16789,1.87,1.25
2017.04.21 13:07:33.826,1.16784,1.16789,1.12,1.00
2017.04.21 13:07:34.676,1.16784,1.1679,1.12,1.25
2017.04.21 13:07:35.407,1.16785,1.1679,1.00,1.25
2017.04.21 13:07:35.913,1.16784,1.1679,2.62,1.19
2017.04.21 13:07:36.567,1.16785,1.1679,1.00,1.19
2017.04.21 13:07:36.921,1.16785,1.16791,1.00,1.69
2017.04.21 13:07:37.618,1.16785,1.16791,1.00,1.31
2017.04.21 13:07:37.825,1.16787,1.16792,1.00,1.87
2017.04.21 13:07:39.009,1.16787,1.16794,1.12,3.56
2017.04.21 13:07:40.038,1.16786,1.16793,3.75,3.19
2017.04.21 13:07:40.545,1.16786,1.16792,2.62,1.00
2017.04.21 13:07:41.090,1.16786,1.16793,2.06,2.44
2017.04.21 13:07:41.665,1.16786,1.16793,2.06,2.44
2017.04.21 13:07:42.010,1.16785,1.16792,3.94,1.69
2017.04.21 13:07:42.314,1.16785,1.16792,1.50,2.06
2017.04.21 13:07:42.986,1.16785,1.16792,2.62,2.06
2017.04.21 13:07:44.314,1.16785,1.16792,2.81,1.69
2017.04.21 13:07:44.496,1.16787,1.16792,1.00,1.25
2017.04.21 13:07:45.422,1.16787,1.16792,1.00,1.31
2017.04.21 13:07:46.496,1.16787,1.16792,1.25,2.44
2017.04.21 13:07:47.321,1.16786,1.16792,1.00,1.56
2017.04.21 13:07:47.857,1.16785,1.16791,2.44,1.31
2017.04.21 13:07:48.472,1.16785,1.16791,2.25,1.56
2017.04.21 13:07:49.022,1.16784,1.16791,2.62,1.69
2017.04.21 13:07:49.556,1.16785,1.16787,1.00,1.00
2017.04.21 13:07:49.945,1.16785,1.16788,1.00,1.00
2017.04.21 13:07:51.636,1.16785,1.16789,1.87,1.50
2017.04.21 13:07:52.180,1.16785,1.1679,3.75,1.00
2017.04.21 13:07:54.189,1.16787,1.16791,1.19,1.00
2017.04.21 13:07:54.521,1.16789,1.16791,1.31,1.00
2017.04.21 13:07:54.622,1.1679,1.16793,1.19,1.50
2017.04.21 13:07:55.128,1.16789,1.16792,1.31,1.00
2017.04.21 13:07:55.643,1.16789,1.16792,1.69,1.00
2017.04.21 13:07:55.795,1.16788,1.1679,1.31,1.00
2017.04.21 13:07:55.846,1.16789,1.16791,1.00,1.50
2017.04.21 13:07:56.125,1.16787,1.16788,1.00,1.25
2017.04.21 13:07:56.631,1.16786,1.16787,1.00,1.00
2017.04.21 13:07:57.172,1.16785,1.16787,1.87,1.00
2017.04.21 13:07:58.205,1.16786,1.16788,1.00,1.00
2017.04.21 13:07:58.715,1.16789,1.16793,1.25,1.25
2017.04.21 13:07:58.817,1.16791,1.16793,1.00,1.50
2017.04.21 13:07:58.978,1.16792,1.16795,1.69,1.50
2017.04.21 13:07:59.587,1.16793,1.16796,1.69,1.00
2017.04.21 13:08:00.104,1.16794,1.16797,1.50,1.25
2017.04.21 13:08:00.737,1.16794,1.16796,1.56,1.00
2017.04.21 13:08:00.838,1.16795,1.16798,2.44,1.00
2017.04.21 13:08:01.235,1.16795,1.16798,1.25,1.00
2017.04.21 13:08:01.539,1.16795,1.16799,2.25,1.69
2017.04.21 13:08:01.742,1.16795,1.16799,2.62,1.31
2017.04.21 13:08:02.146,1.16796,1.16799,1.00,1.69
2017.04.21 13:08:02.298,1.16798,1.168,1.00,1.50
2017.04.21 13:08:02.642,1.16802,1.16804,1.00,1.00
2017.04.21 13:08:02.947,1.16805,1.16807,1.12,1.00
2017.04.21 13:08:03.200,1.16806,1.16809,1.31,1.00
2017.04.21 13:08:03.743,1.16806,1.1681,1.62,1.50
2017.04.21 13:08:04.053,1.16807,1.1681,1.19,1.50
2017.04.21 13:08:04.558,1.16807,1.16811,1.69,1.50
2017.04.21 13:08:04.862,1.16803,1.16805,1.50,1.00
2017.04.21 13:08:06.206,1.16802,1.16805,1.19,1.50
2017.04.21 13:08:06.406,1.16805,1.16807,1.12,1.00
2017.04.21 13:08:06.509,1.16804,1.16809,2.06,1.00
2017.04.21 13:08:06.753,1.16807,1.1681,2.44,1.00
2017.04.21 13:08:07.260,1.16809,1.16811,1.12,1.50
2017.04.21 13:08:07.564,1.16811,1.16813,1.56,1.00
2017.04.21 13:08:07.865,1.16808,1.16811,1.69,1.00
2017.04.21 13:08:08.766,1.16807,1.16811,2.81,1.00
2017.04.21 13:08:08.924,1.16807,1.1681,1.50,1.00
2017.04.21 13:08:08.975,1.16806,1.16808,1.37,1.50
2017.04.21 13:08:09.085,1.16805,1.16807,1.31,1.00
2017.04.21 13:08:09.608,1.16804,1.16806,2.62,1.50
2017.04.21 13:08:09.660,1.16803,1.16806,2.62,1.00
2017.04.21 13:08:10.194,1.16803,1.16805,1.00,1.00
2017.04.21 13:08:10.737,1.16801,1.16805,4.12,1.00
2017.04.21 13:08:11.043,1.16801,1.16805,1.56,1.00
2017.04.21 13:08:11.398,1.16801,1.16804,1.37,1.00
2017.04.21 13:08:11.905,1.16801,1.16804,2.62,1.00
2017.04.21 13:08:12.264,1.16801,1.16804,1.50,1.00
2017.04.21 13:08:12.619,1.16801,1.16805,1.87,1.50
2017.04.21 13:08:12.720,1.16801,1.16804,2.62,1.00
2017.04.21 13:08:13.218,1.16804,1.16806,1.00,1.00
2017.04.21 13:08:13.269,1.16805,1.16808,1.00,1.69
2017.04.21 13:08:13.497,1.16805,1.16808,1.87,1.50
2017.04.21 13:08:13.549,1.16809,1.1681,1.00,1.00
2017.04.21 13:08:14.595,1.1681,1.16811,1.00,1.00
2017.04.21 13:08:15.132,1.16809,1.16811,1.25,1.00
2017.04.21 13:08:15.741,1.16808,1.1681,2.44,1.00
2017.04.21 13:08:17.611,1.16809,1.16811,1.25,1.50
2017.04.21 13:08:18.851,1.1681,1.16811,1.00,1.50
2017.04.21 13:08:19.053,1.1681,1.16812,1.37,1.00
2017.04.21 13:08:19.594,1.1681,1.16813,3.37,1.00
2017.04.21 13:08:20.186,1.1681,1.16812,1.50,1.00
2017.04.21 13:08:20.718,1.16811,1.16813,1.00,1.50
2017.04.21 13:08:21.231,1.1681,1.16812,1.87,1.00
2017.04.21 13:08:21.578,1.16811,1.16813,2.06,1.50
2017.04.21 13:08:22.156,1.16812,1.16813,1.00,1.00
2017.04.21 13:08:22.770,1.16811,1.16813,2.06,1.00
2017.04.21 13:08:23.030,1.16809,1.16812,3.56,1.00
2017.04.21 13:08:23.836,1.16809,1.16811,2.06,1.00
2017.04.21 13:08:26.199,1.16809,1.16811,2.06,1.00
2017.04.21 13:08:26.856,1.16809,1.16811,2.81,1.00
2017.04.21 13:08:27.415,1.16809,1.16812,1.25,1.50
2017.04.21 13:08:27.516,1.16809,1.1681,1.25,1.00
2017.04.21 13:08:27.768,1.16807,1.1681,1.87,1.00
2017.04.21 13:08:28.558,1.16807,1.1681,1.37,1.00
2017.04.21 13:08:28.761,1.16809,1.16812,1.69,1.00
2017.04.21 13:08:28.812,1.16811,1.16813,1.31,1.00
2017.04.21 13:08:28.913,1.16811,1.16816,2.06,2.25
2017.04.21 13:08:29.405,1.16811,1.16814,2.06,1.00
2017.04.21 13:08:29.710,1.1681,1.16812,1.50,1.00
2017.04.21 13:08:30.216,1.1681,1.16813,1.50,1.50
2017.04.21 13:08:30.874,1.1681,1.16811,1.50,1.00
2017.04.21 13:08:31.392,1.16809,1.16811,1.00,1.00
2017.04.21 13:08:31.899,1.16809,1.1681,1.00,1.00
2017.04.21 13:08:32.051,1.16809,1.16812,1.12,1.00
2017.04.21 13:08:32.591,1.16809,1.16811,1.00,1.00
2017.04.21 13:08:34.119,1.16806,1.16811,5.06,1.56
2017.04.21 13:08:34.309,1.16807,1.1681,1.00,1.56
2017.04.21 13:08:35.068,1.16806,1.1681,2.81,1.56
2017.04.21 13:08:35.119,1.16804,1.16807,3.00,1.31
2017.04.21 13:08:35.222,1.16804,1.16806,1.00,1.31
2017.04.21 13:08:35.560,1.16802,1.16804,1.69,1.19
2017.04.21 13:08:36.217,1.16802,1.16805,2.06,1.25
2017.04.21 13:08:36.420,1.16803,1.16805,1.50,1.00
2017.04.21 13:08:37.405,1.16802,1.16807,1.31,1.31
2017.04.21 13:08:38.452,1.16804,1.16807,1.00,1.00
2017.04.21 13:08:38.503,1.16804,1.16809,1.69,3.00
2017.04.21 13:08:38.605,1.16806,1.1681,1.56,1.31
2017.04.21 13:08:38.879,1.16806,1.16812,3.00,1.25
2017.04.21 13:08:40.107,1.16807,1.16812,1.25,2.06
2017.04.21 13:08:41.222,1.16807,1.16812,1.87,2.06
2017.04.21 13:08:42.031,1.16807,1.16812,3.94,1.56
2017.04.21 13:08:42.133,1.16809,1.16812,1.00,1.25
2017.04.21 13:08:42.184,1.16808,1.16811,1.00,1.31
2017.04.21 13:08:42.542,1.16808,1.16814,3.37,3.94
2017.04.21 13:08:43.086,1.16809,1.16811,1.25,1.00
2017.04.21 13:08:43.137,1.16808,1.16811,1.69,1.31
2017.04.21 13:08:43.441,1.16808,1.16811,1.50,1.56
2017.04.21 13:08:44.302,1.16808,1.16811,1.69,1.19
2017.04.21 13:08:44.353,1.16808,1.16811,1.50,1.56
2017.04.21 13:08:45.597,1.16808,1.16811,1.69,1.19
2017.04.21 13:08:46.078,1.16808,1.16811,1.50,1.56
2017.04.21 13:08:46.131,1.16806,1.16811,1.37,2.06
2017.04.21 13:08:46.413,1.16806,1.16811,1.00,2.06
2017.04.21 13:08:47.479,1.16806,1.1681,1.00,3.00
2017.04.21 13:08:47.530,1.16805,1.16811,3.94,1.56
2017.04.21 13:08:48.187,1.16805,1.1681,2.44,1.56
2017.04.21 13:08:48.693,1.16804,1.16809,1.87,1.56
2017.04.21 13:08:49.250,1.16804,1.16808,1.00,1.56
2017.04.21 13:08:50.011,1.16803,1.16808,1.31,3.00
2017.04.21 13:08:50.063,1.16802,1.16806,1.12,2.81
2017.04.21 13:08:50.316,1.16801,1.16805,1.69,1.56
2017.04.21 13:08:50.468,1.16803,1.16807,1.12,2.81
2017.04.21 13:08:52.118,1.16801,1.16806,2.81,1.56
2017.04.21 13:08:52.321,1.168,1.16805,1.87,1.31
2017.04.21 13:08:52.575,1.16802,1.16804,1.00,1.19
2017.04.21 13:08:52.715,1.16801,1.16805,2.06,1.25
2017.04.21 13:08:53.857,1.16802,1.16807,1.12,1.31
2017.04.21 13:08:54.112,1.16801,1.16804,1.00,1.19
2017.04.21 13:08:54.626,1.168,1.16804,1.12,1.19
2017.04.21 13:08:55.219,1.168,1.16804,1.87,1.25
2017.04.21 13:08:55.533,1.16802,1.16804,1.00,1.25
2017.04.21 13:08:56.078,1.16801,1.16806,1.12,2.06
2017.04.21 13:08:56.614,1.16801,1.16806,1.25,1.50
2017.04.21 13:08:57.236,1.16801,1.16806,2.81,1.56
2017.04.21 13:08:58.370,1.16801,1.16806,3.00,1.19
2017.04.21 13:08:58.749,1.16806,1.16807,1.50,2.25
2017.04.21 13:08:58.801,1.16805,1.1681,5.81,3.56
2017.04.21 13:08:58.852,1.16805,1.1681,2.25,2.25
2017.04.21 13:08:59.067,1.16805,1.1681,4.12,1.31
2017.04.21 13:08:59.118,1.16806,1.1681,1.50,1.00
2017.04.21 13:08:59.321,1.16805,1.16808,2.62,1.00
2017.04.21 13:08:59.625,1.16803,1.16808,2.06,4.31
2017.04.21 13:08:59.777,1.16802,1.16805,1.44,1.00
2017.04.21 13:08:59.929,1.16802,1.16807,2.25,1.00
2017.04.21 13:09:00.131,1.16805,1.16808,1.00,1.69
2017.04.21 13:09:00.365,1.16802,1.16807,2.25,1.00
2017.04.21 13:09:00.518,1.16805,1.16808,1.00,2.44
2017.04.21 13:09:00.721,1.16802,1.16807,2.81,1.25
2017.04.21 13:09:01.228,1.16801,1.16807,4.87,3.94
2017.04.21 13:09:02.151,1.16801,1.16807,3.75,1.25
2017.04.21 13:09:02.762,1.16802,1.16807,1.00,1.25
2017.04.21 13:09:03.292,1.16801,1.16807,5.25,1.25
2017.04.21 13:09:05.000,1.16805,1.16809,1.50,1.25
2017.04.21 13:09:05.304,1.16804,1.16809,3.94,1.31
2017.04.21 13:09:05.612,1.16803,1.16806,1.50,1.56
2017.04.21 13:09:05.662,1.16801,1.16806,1.25,1.56
2017.04.21 13:09:06.163,1.16801,1.16806,1.25,1.56
2017.04.21 13:09:07.201,1.16801,1.16806,1.25,1.56
2017.04.21 13:09:08.434,1.16801,1.16806,1.25,1.19
2017.04.21 13:09:09.497,1.168,1.16805,3.00,1.19
2017.04.21 13:09:10.201,1.16801,1.16806,1.25,3.19
2017.04.21 13:09:10.708,1.16801,1.16806,1.25,2.06
2017.04.21 13:09:11.437,1.16801,1.16806,1.25,3.19
2017.04.21 13:09:12.621,1.168,1.16806,1.12,4.31
2017.04.21 13:09:13.203,1.16801,1.16806,1.00,3.19
2017.04.21 13:09:16.023,1.168,1.16803,1.00,1.25
2017.04.21 13:09:16.529,1.16799,1.16805,1.25,5.06
2017.04.21 13:09:17.178,1.168,1.16805,1.00,5.81
2017.04.21 13:09:18.030,1.16799,1.16805,1.25,8.06
2017.04.21 13:09:18.334,1.16798,1.16802,1.50,1.56
2017.04.21 13:09:18.386,1.16799,1.16802,1.00,1.19
2017.04.21 13:09:18.887,1.16799,1.16804,1.00,3.94
2017.04.21 13:09:19.122,1.16799,1.16804,1.00,3.94
2017.04.21 13:09:19.310,1.16799,1.16804,1.00,2.06
2017.04.21 13:09:19.825,1.16799,1.16804,1.00,1.31
2017.04.21 13:09:20.553,1.16799,1.16804,1.00,1.56
2017.04.21 13:09:20.706,1.16799,1.16803,1.25,1.56
2017.04.21 13:09:20.858,1.16799,1.16804,1.25,1.31
2017.04.21 13:09:22.066,1.16799,1.16804,1.25,1.56
2017.04.21 13:09:22.862,1.16798,1.16803,1.69,1.56
2017.04.21 13:09:23.090,1.16799,1.16804,1.25,5.06
2017.04.21 13:09:23.141,1.16798,1.16803,1.69,1.56
2017.04.21 13:09:23.293,1.16799,1.16803,1.25,1.31
2017.04.21 13:09:23.829,1.16799,1.16803,1.25,1.56
2017.04.21 13:09:24.407,1.16799,1.16803,1.25,2.06
2017.04.21 13:09:25.134,1.16798,1.16803,1.69,2.81
2017.04.21 13:09:26.411,1.16798,1.16803,1.69,2.81
2017.04.21 13:09:26.462,1.16798,1.16803,1.69,2.25
2017.04.21 13:09:26.968,1.16798,1.16802,1.19,1.00
2017.04.21 13:09:27.293,1.16797,1.16802,1.31,1.50
2017.04.21 13:09:27.803,1.16797,1.16801,1.25,1.00
2017.04.21 13:09:28.516,1.16796,1.168,1.19,1.00
2017.04.21 13:09:29.459,1.16796,1.16801,1.19,1.50
2017.04.21 13:09:30.526,1.16796,1.168,1.19,1.00
2017.04.21 13:09:31.030,1.16796,1.168,3.37,1.00
2017.04.21 13:09:31.536,1.16797,1.16801,1.44,1.00
2017.04.21 13:09:32.499,1.16797,1.16802,2.25,2.25
2017.04.21 13:09:33.010,1.16798,1.16803,1.37,1.00
2017.04.21 13:09:34.365,1.16798,1.16802,1.44,1.00
2017.04.21 13:09:34.920,1.16798,1.16804,1.81,3.37
2017.04.21 13:09:35.174,1.168,1.16803,1.19,1.50
2017.04.21 13:09:35.842,1.168,1.16804,1.19,1.00
2017.04.21 13:09:36.248,1.16799,1.16804,1.50,1.00
2017.04.21 13:09:36.784,1.168,1.16805,1.69,2.25
2017.04.21 13:09:38.214,1.16801,1.16805,1.00,1.00
2017.04.21 13:09:38.720,1.16802,1.16805,1.00,2.25
2017.04.21 13:09:39.258,1.168,1.16805,1.19,2.25
2017.04.21 13:09:40.433,1.168,1.16805,1.69,5.25
2017.04.21 13:09:45.067,1.16801,1.16805,1.25,3.75
2017.04.21 13:09:45.949,1.168,1.16803,2.81,1.00
2017.04.21 13:09:46.278,1.16798,1.16801,1.31,1.00
2017.04.21 13:09:46.380,1.16798,1.16801,2.44,1.00
2017.04.21 13:09:46.633,1.16797,1.16799,1.00,1.00
2017.04.21 13:09:47.656,1.16796,1.16799,4.69,1.00
2017.04.21 13:09:48.191,1.16797,1.16799,1.00,1.00
2017.04.21 13:09:48.630,1.16797,1.168,3.19,1.00
2017.04.21 13:09:48.809,1.16796,1.168,4.78,1.00
2017.04.21 13:09:48.860,1.16795,1.16798,1.87,1.00
2017.04.21 13:09:49.164,1.16795,1.16799,4.31,1.50
2017.04.21 13:09:50.443,1.16795,1.16799,2.06,1.50
2017.04.21 13:09:50.595,1.16795,1.16797,1.00,1.69
2017.04.21 13:09:50.646,1.16794,1.16796,1.00,1.19
2017.04.21 13:09:50.950,1.16789,1.16791,1.31,1.00
2017.04.21 13:09:51.051,1.16788,1.1679,1.00,1.00
2017.04.21 13:09:51.102,1.16787,1.16789,1.50,1.00
2017.04.21 13:09:51.153,1.16787,1.1679,1.69,1.00
2017.04.21 13:09:51.305,1.16788,1.16791,1.62,1.50
2017.04.21 13:09:51.625,1.16792,1.16794,1.00,1.87
2017.04.21 13:09:52.229,1.16792,1.16794,1.00,1.50
2017.04.21 13:09:53.974,1.16791,1.16794,1.00,2.06
2017.04.21 13:09:54.282,1.16795,1.16797,1.00,3.00
2017.04.21 13:09:54.384,1.16794,1.16796,1.12,1.00
2017.04.21 13:09:54.436,1.16796,1.16797,1.00,1.00
2017.04.21 13:09:54.588,1.16798,1.168,1.00,4.87
2017.04.21 13:09:55.089,1.16798,1.168,1.00,1.00
2017.04.21 13:09:55.606,1.16798,1.16801,1.00,1.50
2017.04.21 13:09:56.108,1.168,1.16801,1.00,1.50
2017.04.21 13:09:56.260,1.16798,1.16801,1.50,1.50
2017.04.21 13:09:56.808,1.16798,1.168,1.00,1.50
2017.04.21 13:09:58.284,1.16796,1.168,1.25,2.25
2017.04.21 13:09:58.629,1.16798,1.16801,1.50,1.87
2017.04.21 13:09:59.720,1.16799,1.168,1.50,1.00
2017.04.21 13:10:00.225,1.16799,1.168,1.50,1.00
2017.04.21 13:10:00.732,1.16799,1.168,1.00,1.00
2017.04.21 13:10:02.212,1.16799,1.168,1.00,1.00
2017.04.21 13:10:02.740,1.16799,1.16801,1.00,1.50
2017.04.21 13:10:03.347,1.16799,1.16801,1.00,1.50
2017.04.21 13:10:03.500,1.16797,1.168,1.00,1.50
2017.04.21 13:10:04.014,1.16797,1.16799,1.00,1.00
2017.04.21 13:10:04.706,1.16797,1.16799,1.00,1.00
2017.04.21 13:10:04.909,1.168,1.16801,1.00,1.00
2017.04.21 13:10:05.433,1.16801,1.16803,1.00,2.62
2017.04.21 13:10:06.102,1.16801,1.16802,1.00,1.00
2017.04.21 13:10:07.387,1.16802,1.16804,1.00,3.75
2017.04.21 13:10:07.892,1.16802,1.16804,1.00,1.50
2017.04.21 13:10:08.400,1.16803,1.16804,1.00,1.00
2017.04.21 13:10:09.441,1.16804,1.16806,1.00,2.44
2017.04.21 13:10:10.009,1.16804,1.16806,1.00,2.44
2017.04.21 13:10:10.542,1.16804,1.16805,1.00,1.00
2017.04.21 13:10:11.430,1.16804,1.16806,1.00,2.44
2017.04.21 13:10:11.936,1.16804,1.16806,1.00,2.44
2017.04.21 13:10:12.933,1.16804,1.16805,1.50,1.00
2017.04.21 13:10:13.324,1.16803,1.16805,1.50,1.50
2017.04.21 13:10:13.577,1.16801,1.16804,1.50,1.87
2017.04.21 13:10:14.102,1.16801,1.16803,1.00,2.62
2017.04.21 13:10:15.658,1.16802,1.16804,1.00,1.50
2017.04.21 13:10:15.810,1.168,1.16803,2.25,1.00
2017.04.21 13:10:15.987,1.168,1.16802,1.00,1.00
2017.04.21 13:10:16.089,1.168,1.16803,1.00,1.50
2017.04.21 13:10:16.828,1.168,1.16802,1.00,1.00
2017.04.21 13:10:17.542,1.168,1.16803,1.12,2.62
2017.04.21 13:10:18.077,1.16801,1.16802,1.00,1.00
2017.04.21 13:10:18.836,1.168,1.16802,1.50,1.00
2017.04.21 13:10:19.913,1.168,1.16803,1.00,1.00
2017.04.21 13:10:20.015,1.16802,1.16803,1.00,1.00
2017.04.21 13:10:20.167,1.16803,1.16805,1.00,1.50
2017.04.21 13:10:20.708,1.16802,1.16805,1.00,1.00
2017.04.21 13:10:21.246,1.16801,1.16805,1.00,1.00
2017.04.21 13:10:22.687,1.16801,1.16806,1.25,1.25
2017.04.21 13:10:22.840,1.16804,1.16806,1.00,1.00
2017.04.21 13:10:22.941,1.16802,1.16807,1.31,1.50
2017.04.21 13:10:22.992,1.16804,1.16807,1.00,1.00
2017.04.21 13:10:23.550,1.16804,1.16808,1.00,1.50
2017.04.21 13:10:24.058,1.16804,1.16807,1.25,1.00
2017.04.21 13:10:24.588,1.16804,1.16807,1.19,1.00
2017.04.21 13:10:25.212,1.16804,1.16807,1.31,1.00
2017.04.21 13:10:25.359,1.16804,1.16807,1.25,1.00
2017.04.21 13:10:25.866,1.16805,1.16809,1.69,1.50
2017.04.21 13:10:26.410,1.16805,1.16808,1.25,1.00
2017.04.21 13:10:26.920,1.16805,1.16809,1.87,1.00
2017.04.21 13:10:27.423,1.16805,1.16809,2.06,1.00
2017.04.21 13:10:29.696,1.16804,1.16809,1.69,2.25
2017.04.21 13:10:30.152,1.16806,1.1681,2.81,1.00
2017.04.21 13:10:30.304,1.16807,1.16812,1.69,1.31
2017.04.21 13:10:30.406,1.16806,1.1681,2.81,1.00
2017.04.21 13:10:30.457,1.16806,1.1681,3.94,1.00
2017.04.21 13:10:30.508,1.16806,1.1681,3.94,1.00
2017.04.21 13:10:30.761,1.16806,1.1681,2.44,1.00
2017.04.21 13:10:30.976,1.16806,1.16808,2.25,1.00
2017.04.21 13:10:31.484,1.16804,1.16807,1.31,1.00
2017.04.21 13:10:32.055,1.16803,1.16808,3.56,1.00
2017.04.21 13:10:32.466,1.16805,1.1681,1.19,3.19
2017.04.21 13:10:32.518,1.16805,1.16808,1.19,1.00
2017.04.21 13:10:33.026,1.16805,1.16809,1.69,1.00
2017.04.21 13:10:33.537,1.16805,1.16809,1.69,1.00
2017.04.21 13:10:34.072,1.16805,1.1681,2.06,1.50
2017.04.21 13:10:34.896,1.16805,1.16808,1.31,1.00
2017.04.21 13:10:35.567,1.16803,1.16807,4.31,1.25
2017.04.21 13:10:36.279,1.16806,1.1681,1.00,5.62
2017.04.21 13:10:36.713,1.16808,1.1681,1.00,1.50
2017.04.21 13:10:36.917,1.1681,1.16813,1.00,1.00
2017.04.21 13:10:37.424,1.16808,1.16813,1.69,1.00
2017.04.21 13:10:37.958,1.16809,1.16814,1.25,1.00
2017.04.21 13:10:38.009,1.16809,1.16814,1.69,1.50
2017.04.21 13:10:38.211,1.16809,1.16814,1.31,1.00
2017.04.21 13:10:38.465,1.1681,1.16814,1.37,1.50
2017.04.21 13:10:39.028,1.1681,1.16815,1.12,4.50
2017.04.21 13:10:39.558,1.1681,1.16814,1.31,1.00
2017.04.21 13:10:40.106,1.16808,1.16815,3.19,1.50
2017.04.21 13:10:40.611,1.1681,1.16814,1.25,1.00
2017.04.21 13:10:40.952,1.1681,1.16815,2.25,1.00
2017.04.21 13:10:41.257,1.16812,1.16817,6.19,1.50
2017.04.21 13:10:41.762,1.16813,1.16816,1.31,1.00
2017.04.21 13:10:42.269,1.16811,1.16815,7.69,1.00
2017.04.21 13:10:42.525,1.16813,1.16818,2.25,2.62
2017.04.21 13:10:42.961,1.16816,1.1682,1.56,3.00
2017.04.21 13:10:43.288,1.16816,1.1682,1.00,2.25
2017.04.21 13:10:43.793,1.16815,1.1682,3.00,1.00
2017.04.21 13:10:43.895,1.16815,1.1682,3.94,1.00
2017.04.21 13:10:44.404,1.16815,1.1682,3.00,1.00
2017.04.21 13:10:44.621,1.16816,1.16822,3.19,2.62
2017.04.21 13:10:44.673,1.1682,1.16824,2.25,1.00
2017.04.21 13:10:44.978,1.16827,1.16831,1.81,3.75
2017.04.21 13:10:45.476,1.1683,1.16832,1.00,2.85
2017.04.21 13:10:45.630,1.16832,1.16834,1.00,1.00
2017.04.21 13:10:45.681,1.16833,1.16835,1.00,1.50
2017.04.21 13:10:46.187,1.16834,1.16835,1.00,1.00
2017.04.21 13:10:46.238,1.16834,1.16838,1.00,5.25
2017.04.21 13:10:46.616,1.16832,1.16837,1.00,1.37
2017.04.21 13:10:46.768,1.16832,1.16835,1.00,1.00
2017.04.21 13:10:47.297,1.16834,1.16838,1.00,3.24
2017.04.21 13:10:47.710,1.16836,1.16838,1.00,1.50
2017.04.21 13:10:48.908,1.16836,1.16839,1.00,1.50
2017.04.21 13:10:50.940,1.16837,1.16839,1.00,1.00
2017.04.21 13:10:51.165,1.16838,1.16841,1.00,3.75
2017.04.21 13:10:51.216,1.1684,1.16842,1.25,4.12
2017.04.21 13:10:51.320,1.16843,1.16845,1.00,1.00
2017.04.21 13:10:51.422,1.16844,1.16847,1.00,2.25
2017.04.21 13:10:51.575,1.16844,1.16846,1.00,1.24
2017.04.21 13:10:51.727,1.16842,1.16845,1.00,1.32
2017.04.21 13:10:52.260,1.16842,1.16844,1.00,1.00
2017.04.21 13:10:52.769,1.16841,1.16844,1.00,1.32
2017.04.21 13:10:52.872,1.16842,1.16845,1.00,1.00
2017.04.21 13:10:52.974,1.16841,1.16845,1.50,1.00
2017.04.21 13:10:53.264,1.16843,1.16847,1.00,1.74
2017.04.21 13:10:53.574,1.16843,1.16847,1.00,4.18
2017.04.21 13:10:53.625,1.16843,1.16847,1.00,1.24
2017.04.21 13:10:55.231,1.16844,1.16848,1.00,2.87
2017.04.21 13:10:55.736,1.16843,1.16846,1.00,1.00
2017.04.21 13:10:56.820,1.16844,1.16846,1.00,1.00
2017.04.21 13:10:57.179,1.16844,1.16848,1.00,1.74
2017.04.21 13:10:57.704,1.16844,1.16847,1.50,1.00
2017.04.21 13:10:58.225,1.16844,1.16849,1.00,1.74
2017.04.21 13:10:58.377,1.16849,1.1685,1.00,2.25
2017.04.21 13:10:58.479,1.16848,1.16852,2.25,1.12
2017.04.21 13:10:58.530,1.16849,1.16852,1.31,1.00
2017.04.21 13:10:58.581,1.16847,1.16853,1.87,1.50
2017.04.21 13:10:59.036,1.16849,1.16853,2.06,1.00
2017.04.21 13:10:59.494,1.16856,1.16858,1.69,1.00
2017.04.21 13:10:59.545,1.16859,1.16862,1.25,1.00
2017.04.21 13:10:59.647,1.16861,1.16864,1.25,1.12
2017.04.21 13:10:59.951,1.16864,1.16868,1.69,1.32
2017.04.21 13:11:00.104,1.16865,1.16866,1.12,1.00
2017.04.21 13:11:00.370,1.16866,1.16869,1.00,1.00
2017.04.21 13:11:00.573,1.16865,1.16867,1.00,1.50
2017.04.21 13:11:00.625,1.16863,1.16867,1.00,1.50
2017.04.21 13:11:00.930,1.16861,1.16865,2.25,1.00
2017.04.21 13:11:01.336,1.16861,1.16867,4.12,2.81
2017.04.21 13:11:01.883,1.16863,1.16868,2.25,1.19
2017.04.21 13:11:02.459,1.16865,1.16869,1.25,1.12
2017.04.21 13:11:02.512,1.16866,1.16871,1.00,1.00
2017.04.21 13:11:03.125,1.16865,1.16871,2.81,1.19
2017.04.21 13:11:03.650,1.16866,1.16872,1.25,1.31
2017.04.21 13:11:04.171,1.16865,1.16868,2.44,1.00
2017.04.21 13:11:04.681,1.16864,1.16867,5.44,1.00
2017.04.21 13:11:05.036,1.16864,1.16867,5.44,1.31
2017.04.21 13:11:05.629,1.16864,1.16867,1.00,1.19
2017.04.21 13:11:06.160,1.16863,1.16866,1.69,1.25
2017.04.21 13:11:06.463,1.1686,1.16864,2.44,1.25
2017.04.21 13:11:07.257,1.1686,1.16866,4.18,1.00
2017.04.21 13:11:07.308,1.16861,1.16866,1.25,1.56
2017.04.21 13:11:07.557,1.16861,1.16866,1.25,1.69
2017.04.21 13:11:07.860,1.16863,1.16867,1.00,1.69
2017.04.21 13:11:08.367,1.16862,1.16867,3.19,1.31
2017.04.21 13:11:09.455,1.16862,1.16866,1.19,1.31
2017.04.21 13:11:10.122,1.16857,1.16862,2.68,1.50
2017.04.21 13:11:10.641,1.16856,1.16861,3.43,1.00
2017.04.21 13:11:10.853,1.16856,1.16859,1.18,1.00
2017.04.21 13:11:11.186,1.16851,1.16854,2.81,1.00
2017.04.21 13:11:12.450,1.16849,1.16851,1.87,1.00
2017.04.21 13:11:12.756,1.16849,1.16855,2.87,2.25
2017.04.21 13:11:13.412,1.1685,1.16856,2.25,1.50
2017.04.21 13:11:13.846,1.1685,1.16854,1.74,1.00
2017.04.21 13:11:14.835,1.16851,1.16854,1.50,1.00
2017.04.21 13:11:16.158,1.16853,1.16858,1.00,1.69
2017.04.21 13:11:16.864,1.16852,1.16858,1.50,3.56
2017.04.21 13:11:17.368,1.16851,1.16856,1.00,1.25
2017.04.21 13:11:18.026,1.16851,1.16858,2.12,2.06
2017.04.21 13:11:18.530,1.16851,1.16858,1.37,1.31
2017.04.21 13:11:19.185,1.16851,1.16858,1.00,2.44
2017.04.21 13:11:20.321,1.16851,1.16858,1.70,2.06
2017.04.21 13:11:20.762,1.16851,1.16855,1.00,1.00
2017.04.21 13:11:21.269,1.1685,1.16854,1.00,1.00
2017.04.21 13:11:21.320,1.16848,1.16854,2.49,1.00
2017.04.21 13:11:21.624,1.1685,1.16854,1.00,1.00
2017.04.21 13:11:21.857,1.16848,1.16853,1.12,1.00
2017.04.21 13:11:22.369,1.16847,1.16853,1.74,1.00
2017.04.21 13:11:22.472,1.16846,1.16851,1.12,1.25
2017.04.21 13:11:22.999,1.16845,1.16848,1.00,1.00
2017.04.21 13:11:23.404,1.16843,1.16848,1.12,1.00
2017.04.21 13:11:23.834,1.16843,1.16848,1.00,1.56
2017.04.21 13:11:24.368,1.16842,1.16848,1.00,1.56
2017.04.21 13:11:24.953,1.16841,1.16849,3.00,7.12
2017.04.21 13:11:26.255,1.16842,1.16848,1.00,1.56
2017.04.21 13:11:26.655,1.16846,1.16848,1.00,1.25
2017.04.21 13:11:26.706,1.16844,1.16849,2.62,2.06
2017.04.21 13:11:27.366,1.16844,1.16848,1.00,1.31
2017.04.21 13:11:27.828,1.16844,1.16849,1.00,1.25
2017.04.21 13:11:28.117,1.16846,1.1685,1.00,1.56
2017.04.21 13:11:28.864,1.16845,1.1685,1.00,2.06
2017.04.21 13:11:29.864,1.16844,1.1685,1.00,2.06
2017.04.21 13:11:30.347,1.16844,1.16849,1.50,1.81
2017.04.21 13:11:30.651,1.16842,1.16848,1.12,4.12
2017.04.21 13:11:31.046,1.16839,1.16845,1.87,1.69
2017.04.21 13:11:31.598,1.16839,1.16845,1.87,3.56
2017.04.21 13:11:32.146,1.16839,1.16845,1.12,3.19
2017.04.21 13:11:32.264,1.16839,1.16845,1.69,3.19
2017.04.21 13:11:32.586,1.16839,1.16845,1.00,2.44
2017.04.21 13:11:33.830,1.16839,1.16845,1.50,3.94
2017.04.21 13:11:36.323,1.1684,1.16845,1.50,5.62
2017.04.21 13:11:36.927,1.16838,1.16844,5.25,2.44
2017.04.21 13:11:37.383,1.16838,1.16842,1.00,4.87
2017.04.21 13:11:37.484,1.16838,1.16841,1.00,1.12
2017.04.21 13:11:37.994,1.16838,1.16843,1.00,3.94
2017.04.21 13:11:38.536,1.16837,1.16843,1.00,5.44
2017.04.21 13:11:39.258,1.16836,1.16841,1.00,2.44
2017.04.21 13:11:40.259,1.16837,1.16841,1.00,1.50
2017.04.21 13:11:40.766,1.16837,1.16842,1.12,2.06
2017.04.21 13:11:41.260,1.16835,1.16839,1.00,2.06
2017.04.21 13:11:41.816,1.16834,1.16839,1.00,4.31
2017.04.21 13:11:41.918,1.16832,1.16836,3.00,2.81
2017.04.21 13:11:42.222,1.16834,1.16836,1.87,1.31
2017.04.21 13:11:42.807,1.16832,1.16837,2.81,1.87
2017.04.21 13:11:43.745,1.16832,1.16837,1.87,1.87
2017.04.21 13:11:44.282,1.16831,1.16836,1.12,1.56
2017.04.21 13:11:45.752,1.1683,1.16836,2.62,2.62
2017.04.21 13:11:46.070,1.1683,1.16834,4.12,1.87
2017.04.21 13:11:46.890,1.16831,1.16834,1.00,2.47
2017.04.21 13:11:46.941,1.16831,1.16835,1.00,2.29
2017.04.21 13:11:50.248,1.1683,1.16836,2.10,1.41
2017.04.21 13:11:50.354,1.16828,1.16832,5.85,2.47
2017.04.21 13:11:50.591,1.1683,1.16832,1.00,1.91
2017.04.21 13:11:50.642,1.16828,1.16832,1.87,1.54
2017.04.21 13:11:50.744,1.16826,1.16831,1.87,2.85
2017.04.21 13:11:51.048,1.16824,1.16827,2.47,1.05
2017.04.21 13:11:51.640,1.16824,1.16826,1.00,1.25
2017.04.21 13:11:51.966,1.16817,1.16822,3.00,2.81
2017.04.21 13:11:52.169,1.16816,1.16819,1.30,1.12
2017.04.21 13:11:52.524,1.16817,1.16821,1.37,1.69
2017.04.21 13:11:53.070,1.16817,1.16821,1.37,1.56
2017.04.21 13:11:53.121,1.16817,1.16821,1.37,1.31
2017.04.21 13:11:53.652,1.16818,1.1682,1.00,1.00
2017.04.21 13:11:54.157,1.16818,1.16822,1.12,4.31
2017.04.21 13:11:54.702,1.16818,1.1682,1.00,1.25
2017.04.21 13:11:55.403,1.16817,1.1682,1.50,1.25
2017.04.21 13:11:55.999,1.16816,1.1682,2.25,1.19
2017.04.21 13:11:56.519,1.16816,1.16818,1.50,1.00
2017.04.21 13:11:57.056,1.16816,1.1682,3.00,1.00
2017.04.21 13:11:58.126,1.16816,1.16822,2.62,1.31
2017.04.21 13:11:58.690,1.16821,1.16823,1.00,4.12
2017.04.21 13:11:58.741,1.16821,1.16823,1.00,1.25
2017.04.21 13:11:59.835,1.16821,1.16826,1.00,3.00
2017.04.21 13:12:00.341,1.16822,1.16827,1.00,2.06
2017.04.21 13:12:00.493,1.16824,1.16827,1.00,2.06
2017.04.21 13:12:01.044,1.16823,1.16827,1.00,1.50
2017.04.21 13:12:02.400,1.16823,1.16827,1.00,2.25
2017.04.21 13:12:03.377,1.16825,1.16828,1.35,1.56
2017.04.21 13:12:03.625,1.16825,1.16831,3.79,1.00
2017.04.21 13:12:03.676,1.16827,1.16831,1.00,1.00
2017.04.21 13:12:03.828,1.16827,1.16833,2.29,1.00
2017.04.21 13:12:04.334,1.16827,1.16832,3.04,1.00
2017.04.21 13:12:04.887,1.16827,1.16833,1.19,3.00
2017.04.21 13:12:05.547,1.16827,1.16833,1.00,3.00
2017.04.21 13:12:06.756,1.16831,1.16832,1.00,1.00
2017.04.21 13:12:06.806,1.16831,1.16834,1.19,1.50
2017.04.21 13:12:06.858,1.16832,1.16837,1.25,3.37
2017.04.21 13:12:06.909,1.16834,1.16837,1.25,1.12
2017.04.21 13:12:07.213,1.1683,1.16834,1.87,1.25
2017.04.21 13:12:07.264,1.1683,1.16834,1.50,1.25
2017.04.21 13:12:07.416,1.1683,1.16832,1.50,1.25
2017.04.21 13:12:07.868,1.16828,1.16832,1.00,1.19
2017.04.21 13:12:08.425,1.16828,1.16833,1.00,1.56
2017.04.21 13:12:08.931,1.16827,1.16833,1.50,1.56
2017.04.21 13:12:09.737,1.16828,1.16832,1.00,2.06
2017.04.21 13:12:10.052,1.16826,1.16828,1.12,1.00
2017.04.21 13:12:10.356,1.16824,1.16826,1.87,1.00
2017.04.21 13:12:10.457,1.16824,1.16828,1.12,1.00
2017.04.21 13:12:10.990,1.16824,1.16827,1.00,1.00
2017.04.21 13:12:11.192,1.16825,1.1683,1.35,2.06
2017.04.21 13:12:11.727,1.16826,1.1683,1.00,1.31
2017.04.21 13:12:12.183,1.16825,1.16827,1.00,1.19
2017.04.21 13:12:12.234,1.16823,1.16827,2.25,1.69
2017.04.21 13:12:12.285,1.16823,1.16828,3.00,1.25
2017.04.21 13:12:12.440,1.16823,1.16826,1.50,1.00
2017.04.21 13:12:12.744,1.16824,1.16826,1.19,1.00
2017.04.21 13:12:13.214,1.16823,1.16827,1.50,1.31
2017.04.21 13:12:13.316,1.1682,1.16825,4.31,1.00
2017.04.21 13:12:13.864,1.16821,1.16825,2.81,1.00
2017.04.21 13:12:14.439,1.16821,1.16825,1.25,1.00
2017.04.21 13:12:15.741,1.1682,1.16825,3.19,1.25
2017.04.21 13:12:16.197,1.1682,1.16823,2.06,1.00
2017.04.21 13:12:16.813,1.16819,1.16823,1.00,1.00
2017.04.21 13:12:17.268,1.16818,1.16821,1.69,1.00
2017.04.21 13:12:17.775,1.16818,1.16822,1.00,2.25
2017.04.21 13:12:18.317,1.16817,1.16822,2.81,1.00
2017.04.21 13:12:18.993,1.16821,1.16823,1.00,1.00
2017.04.21 13:12:19.146,1.1682,1.16824,4.69,1.50
2017.04.21 13:12:19.651,1.16821,1.16825,1.31,1.00
2017.04.21 13:12:20.559,1.16821,1.16824,3.19,1.00
2017.04.21 13:12:21.065,1.16821,1.16823,2.44,1.00
2017.04.21 13:12:21.923,1.1682,1.16824,2.06,1.00
2017.04.21 13:12:21.976,1.1682,1.16823,2.06,1.00
2017.04.21 13:12:22.412,1.16816,1.1682,4.12,1.00
2017.04.21 13:12:23.396,1.16817,1.16818,1.25,1.00
2017.04.21 13:12:23.447,1.16816,1.16819,2.06,2.25
2017.04.21 13:12:23.549,1.16813,1.16818,2.81,1.50
2017.04.21 13:12:23.650,1.16813,1.16816,1.69,1.00
2017.04.21 13:12:23.804,1.16814,1.16817,1.56,1.00
2017.04.21 13:12:23.855,1.16814,1.16819,5.06,1.50
2017.04.21 13:12:24.008,1.16814,1.16817,2.81,1.00
2017.04.21 13:12:24.403,1.16815,1.16819,1.19,1.00
2017.04.21 13:12:25.113,1.16814,1.16819,2.81,1.00
2017.04.21 13:12:25.630,1.16814,1.16818,2.81,1.00
2017.04.21 13:12:26.169,1.16817,1.16818,1.00,1.00
2017.04.21 13:12:26.220,1.16817,1.1682,1.00,1.69
2017.04.21 13:12:27.231,1.16816,1.1682,1.69,1.00
2017.04.21 13:12:27.612,1.16818,1.16822,1.31,1.50
2017.04.21 13:12:27.714,1.16819,1.16822,1.56,1.50
2017.04.21 13:12:27.882,1.1682,1.16824,1.19,1.50
2017.04.21 13:12:28.389,1.16821,1.16824,2.06,1.00
2017.04.21 13:12:28.936,1.16821,1.16825,3.56,1.00
2017.04.21 13:12:29.089,1.16822,1.16826,1.69,1.00
2017.04.21 13:12:29.141,1.16823,1.16828,1.31,1.50
2017.04.21 13:12:29.680,1.16824,1.16827,1.00,2.25
2017.04.21 13:12:30.135,1.16824,1.16825,1.00,1.12
2017.04.21 13:12:30.388,1.16819,1.16823,2.81,1.00
2017.04.21 13:12:30.933,1.16818,1.16822,2.06,1.50
2017.04.21 13:12:31.129,1.16818,1.16821,2.06,1.00
2017.04.21 13:12:31.281,1.16818,1.1682,1.69,1.00
2017.04.21 13:12:31.839,1.16816,1.16819,5.44,1.19
2017.04.21 13:12:31.992,1.16815,1.16816,1.87,1.12
2017.04.21 13:12:32.043,1.16812,1.16814,4.12,1.00
2017.04.21 13:12:32.393,1.16811,1.16813,1.12,1.00
2017.04.21 13:12:32.900,1.16809,1.16812,1.69,1.00
2017.04.21 13:12:33.864,1.16809,1.16812,2.06,1.00
2017.04.21 13:12:34.375,1.16809,1.16812,1.69,1.00
2017.04.21 13:12:35.123,1.16809,1.16811,1.25,1.00
2017.04.21 13:12:36.108,1.16808,1.16811,1.87,1.00
2017.04.21 13:12:36.653,1.16809,1.16811,2.06,1.00
2017.04.21 13:12:37.445,1.16807,1.1681,2.44,1.00
2017.04.21 13:12:37.899,1.16808,1.16811,1.56,1.00
2017.04.21 13:12:38.101,1.16808,1.16812,2.44,1.00
2017.04.21 13:12:38.405,1.16808,1.16812,1.87,3.00
2017.04.21 13:12:38.455,1.16808,1.1681,1.12,1.00
2017.04.21 13:12:38.759,1.16807,1.16811,2.44,1.00
2017.04.21 13:12:39.365,1.16807,1.16809,1.56,1.00
2017.04.21 13:12:39.517,1.16807,1.16809,1.31,1.00
2017.04.21 13:12:40.065,1.16806,1.16809,1.31,1.00
2017.04.21 13:12:40.587,1.16806,1.1681,2.44,1.00
2017.04.21 13:12:41.100,1.16806,1.16809,2.06,1.00
2017.04.21 13:12:41.403,1.16805,1.16807,1.31,1.00
2017.04.21 13:12:41.719,1.16804,1.16806,1.00,1.00
2017.04.21 13:12:42.176,1.16806,1.16808,1.00,1.31
2017.04.21 13:12:42.698,1.16806,1.16808,1.37,1.00
2017.04.21 13:12:43.286,1.16806,1.16808,1.12,1.25
2017.04.21 13:12:43.553,1.16804,1.16808,2.25,1.69
2017.04.21 13:12:43.604,1.16804,1.16806,1.12,1.00
2017.04.21 13:12:44.265,1.16803,1.16808,1.12,1.00
2017.04.21 13:12:44.316,1.16804,1.16808,1.37,1.69
2017.04.21 13:12:44.553,1.16804,1.16807,2.25,1.25
2017.04.21 13:12:44.883,1.16806,1.16809,1.37,1.31
2017.04.21 13:12:45.085,1.16805,1.16807,1.12,1.00
2017.04.21 13:12:45.591,1.16804,1.16807,1.31,1.00
2017.04.21 13:12:46.873,1.16803,1.16805,3.19,1.00
2017.04.21 13:12:48.073,1.16805,1.16806,1.00,1.00
2017.04.21 13:12:48.477,1.16804,1.16809,1.16,1.25
2017.04.21 13:12:48.685,1.16806,1.16809,3.60,1.00
2017.04.21 13:12:49.091,1.16808,1.16811,1.62,1.50
2017.04.21 13:12:49.244,1.1681,1.16812,1.12,1.50
2017.04.21 13:12:49.691,1.1681,1.16813,2.62,1.25
2017.04.21 13:12:50.327,1.16812,1.16815,1.12,1.56
2017.04.21 13:12:50.863,1.16812,1.16815,1.12,1.31
2017.04.21 13:12:51.420,1.16812,1.16815,1.12,1.69
2017.04.21 13:12:51.723,1.16812,1.16813,1.00,1.00
2017.04.21 13:12:52.262,1.16809,1.16813,3.56,1.00
2017.04.21 13:12:52.768,1.16811,1.16814,2.81,1.00
2017.04.21 13:12:53.457,1.16811,1.16813,1.87,1.00
2017.04.21 13:12:53.970,1.16811,1.16813,1.25,1.00
2017.04.21 13:12:54.498,1.16811,1.16814,2.06,1.00
2017.04.21 13:12:54.802,1.16814,1.16816,1.62,1.00
2017.04.21 13:12:55.139,1.16815,1.16818,2.62,1.00
2017.04.21 13:12:55.543,1.16814,1.16816,1.50,1.00
2017.04.21 13:12:55.846,1.16812,1.16815,1.31,1.00
2017.04.21 13:12:56.482,1.16812,1.16815,1.25,1.00
2017.04.21 13:12:57.004,1.16812,1.16815,1.19,1.00
2017.04.21 13:12:57.541,1.16812,1.16815,1.25,1.00
2017.04.21 13:12:58.224,1.16812,1.16815,1.19,1.00
2017.04.21 13:12:58.726,1.16812,1.16815,1.25,1.00
2017.04.21 13:12:58.878,1.16813,1.16816,1.87,1.00
2017.04.21 13:12:58.980,1.16815,1.16818,1.25,1.50
2017.04.21 13:12:59.234,1.16814,1.16816,1.87,1.00
2017.04.21 13:12:59.762,1.16814,1.16817,1.50,1.00
2017.04.21 13:13:00.306,1.16814,1.16818,3.00,1.00
2017.04.21 13:13:00.610,1.16815,1.16818,3.19,1.00
2017.04.21 13:13:03.516,1.16815,1.16817,1.50,1.00
2017.04.21 13:13:03.669,1.1681,1.16814,2.62,1.50
2017.04.21 13:13:04.208,1.1681,1.16812,1.69,1.00
2017.04.21 13:13:04.413,1.16807,1.1681,3.19,1.00
2017.04.21 13:13:04.514,1.16808,1.16811,1.19,1.00
2017.04.21 13:13:05.021,1.16808,1.16812,2.06,1.00
2017.04.21 13:13:05.570,1.16808,1.16812,3.19,1.00
2017.04.21 13:13:06.132,1.16808,1.16812,3.56,1.00
2017.04.21 13:13:06.661,1.16808,1.16812,3.56,1.00
2017.04.21 13:13:08.253,1.16809,1.16812,1.19,1.00
2017.04.21 13:13:10.122,1.16808,1.16812,3.19,1.00
2017.04.21 13:13:10.640,1.16808,1.16812,3.56,1.00
2017.04.21 13:13:10.792,1.16808,1.16811,3.94,1.00
2017.04.21 13:13:11.333,1.16808,1.16811,3.94,1.00
2017.04.21 13:13:12.438,1.16808,1.16811,2.06,1.00
2017.04.21 13:13:12.590,1.1681,1.16813,2.06,1.00
2017.04.21 13:13:13.602,1.1681,1.16813,1.87,1.00
2017.04.21 13:13:13.855,1.16811,1.16813,1.37,1.00
2017.04.21 13:13:14.219,1.1681,1.16812,2.06,1.00
2017.04.21 13:13:14.816,1.1681,1.16814,2.44,1.00
2017.04.21 13:13:14.867,1.16812,1.16814,1.56,1.00
2017.04.21 13:13:14.968,1.16811,1.16816,3.19,1.00
2017.04.21 13:13:15.867,1.16813,1.16816,1.19,1.00
2017.04.21 13:13:16.444,1.16812,1.16815,1.50,1.00
2017.04.21 13:13:16.950,1.16811,1.16814,1.00,1.25
2017.04.21 13:13:17.464,1.1681,1.16813,1.00,1.00
2017.04.21 13:13:17.974,1.16809,1.16812,1.31,1.00
2017.04.21 13:13:18.260,1.16808,1.1681,1.12,1.00
2017.04.21 13:13:18.362,1.16806,1.16809,2.44,1.00
2017.04.21 13:13:18.818,1.16806,1.16807,1.00,1.00
2017.04.21 13:13:19.398,1.16804,1.16807,1.31,1.00
2017.04.21 13:13:20.176,1.16804,1.16807,1.31,1.00
2017.04.21 13:13:20.682,1.16805,1.16807,1.25,1.00
2017.04.21 13:13:21.355,1.16805,1.16807,1.19,1.00
2017.04.21 13:13:21.891,1.16803,1.16808,2.44,1.50
2017.04.21 13:13:22.625,1.16804,1.16807,1.19,1.00
2017.04.21 13:13:25.033,1.16803,1.16807,2.06,1.00
2017.04.21 13:13:25.334,1.16803,1.16807,1.69,1.00
2017.04.21 13:13:26.449,1.16802,1.16805,3.56,1.00
2017.04.21 13:13:26.602,1.16801,1.16804,2.06,1.00
2017.04.21 13:13:26.704,1.16801,1.16802,1.00,1.00
2017.04.21 13:13:26.857,1.16799,1.16802,1.87,1.00
2017.04.21 13:13:27.361,1.16797,1.16801,1.69,1.50
2017.04.21 13:13:28.225,1.16797,1.16801,1.69,1.50
2017.04.21 13:13:28.377,1.16799,1.16801,1.00,1.50
2017.04.21 13:13:28.530,1.16797,1.16801,2.44,1.50
2017.04.21 13:13:28.939,1.168,1.16801,1.00,1.00
2017.04.21 13:13:29.041,1.168,1.16803,2.06,1.00
2017.04.21 13:13:29.559,1.168,1.16803,2.81,1.00
2017.04.21 13:13:29.909,1.168,1.16804,6.19,1.00
2017.04.21 13:13:30.554,1.16801,1.16805,1.37,1.50
2017.04.21 13:13:31.216,1.168,1.16804,8.06,1.00
2017.04.21 13:13:31.759,1.168,1.16805,3.94,1.00
2017.04.21 13:13:32.635,1.168,1.16804,2.81,1.00
2017.04.21 13:13:32.736,1.168,1.16804,3.94,1.00
2017.04.21 13:13:32.787,1.168,1.16804,4.31,1.00
2017.04.21 13:13:33.312,1.168,1.16804,4.69,1.00
2017.04.21 13:13:33.832,1.16801,1.16804,2.81,1.00
2017.04.21 13:13:35.179,1.16801,1.16803,1.19,1.00
2017.04.21 13:13:35.677,1.16801,1.16805,1.00,1.00
2017.04.21 13:13:35.829,1.16801,1.16805,1.37,1.50
2017.04.21 13:13:36.082,1.16801,1.16805,1.12,1.50
2017.04.21 13:13:36.234,1.16801,1.16805,1.37,1.50
2017.04.21 13:13:36.538,1.168,1.16802,2.25,1.00
2017.04.21 13:13:37.077,1.168,1.16801,1.00,1.00
2017.04.21 13:13:37.325,1.16798,1.168,1.31,1.00
2017.04.21 13:13:38.995,1.16797,1.16799,1.69,1.00
2017.04.21 13:13:39.523,1.16798,1.168,1.00,1.00
2017.04.21 13:13:39.827,1.16798,1.16801,1.69,1.00
2017.04.21 13:13:40.647,1.16798,1.168,1.87,1.00
2017.04.21 13:13:41.405,1.16798,1.16799,1.00,1.00
2017.04.21 13:13:41.937,1.16796,1.16798,2.06,1.00
2017.04.21 13:13:42.089,1.16795,1.16797,1.50,1.00
2017.04.21 13:13:42.342,1.16796,1.16798,1.00,1.50
2017.04.21 13:13:42.917,1.16795,1.16798,1.12,1.00
2017.04.21 13:13:43.171,1.16794,1.16796,2.06,1.00
2017.04.21 13:13:43.690,1.16795,1.16796,1.12,1.00
2017.04.21 13:13:43.893,1.16795,1.16798,5.81,1.50
2017.04.21 13:13:44.399,1.16796,1.16799,1.50,1.00
2017.04.21 13:13:44.602,1.16796,1.16799,1.50,1.50
2017.04.21 13:13:45.089,1.16795,1.16797,1.87,1.00
2017.04.21 13:13:45.344,1.16794,1.16797,1.87,1.00
2017.04.21 13:13:45.852,1.16793,1.16796,3.19,1.00
2017.04.21 13:13:46.383,1.16793,1.16795,2.44,1.00
2017.04.21 13:13:46.537,1.16792,1.16794,1.12,1.00
2017.04.21 13:13:46.740,1.16791,1.16793,2.06,1.00
2017.04.21 13:13:47.273,1.1679,1.16793,3.19,1.00
2017.04.21 13:13:47.324,1.1679,1.16794,3.19,1.00
2017.04.21 13:13:47.729,1.1679,1.16793,2.81,1.00
2017.04.21 13:13:48.686,1.16791,1.16793,1.87,1.00
2017.04.21 13:13:49.231,1.16791,1.16793,1.50,1.00
2017.04.21 13:13:49.749,1.16791,1.16793,1.50,1.00
2017.04.21 13:13:50.291,1.1679,1.16792,1.31,1.00
2017.04.21 13:13:53.317,1.16791,1.16793,1.00,1.00
2017.04.21 13:13:54.924,1.1679,1.16793,1.31,1.00
2017.04.21 13:13:55.429,1.1679,1.16794,5.06,1.50
2017.04.21 13:13:55.647,1.16793,1.16796,2.44,1.50
2017.04.21 13:13:56.154,1.16792,1.16796,4.69,1.00
2017.04.21 13:13:56.559,1.16795,1.16797,1.00,1.19
2017.04.21 13:13:57.151,1.16795,1.16798,1.00,1.19
2017.04.21 13:13:57.202,1.16796,1.168,1.00,3.94
2017.04.21 13:13:57.354,1.16798,1.16802,1.00,1.69
2017.04.21 13:13:57.507,1.16799,1.16802,1.00,1.25
2017.04.21 13:13:57.609,1.16799,1.16801,1.00,1.19
2017.04.21 13:13:57.813,1.16796,1.168,1.31,1.25
2017.04.21 13:13:58.343,1.16796,1.168,1.12,1.31
2017.04.21 13:13:58.789,1.16798,1.16802,1.00,3.19
2017.04.21 13:13:59.365,1.16797,1.16802,1.00,2.06
2017.04.21 13:14:00.711,1.16796,1.16802,2.25,2.06
2017.04.21 13:14:02.834,1.16795,1.168,1.50,2.06
2017.04.21 13:14:02.885,1.16794,1.16801,1.00,2.06
2017.04.21 13:14:03.138,1.16796,1.16801,1.00,2.44
2017.04.21 13:14:03.935,1.16796,1.168,1.00,1.56
2017.04.21 13:14:05.438,1.16795,1.168,1.00,2.44
2017.04.21 13:14:06.356,1.16795,1.168,1.25,2.81
2017.04.21 13:14:06.863,1.16796,1.16801,1.00,2.44
2017.04.21 13:14:07.877,1.16795,1.16802,4.12,4.69
2017.04.21 13:14:08.317,1.16793,1.168,3.56,3.19
2017.04.21 13:14:08.369,1.16793,1.168,4.87,3.94
2017.04.21 13:14:08.674,1.16793,1.16799,1.19,1.31
2017.04.21 13:14:09.271,1.16793,1.16797,1.19,1.00
2017.04.21 13:14:09.785,1.16793,1.16797,1.00,1.00
2017.04.21 13:14:10.089,1.16793,1.16798,1.56,1.00
2017.04.21 13:14:10.342,1.16793,1.16798,3.19,1.00
2017.04.21 13:14:10.848,1.16794,1.16798,1.19,1.00
2017.04.21 13:14:12.224,1.16793,1.16798,2.06,1.00
2017.04.21 13:14:12.936,1.16793,1.16797,2.06,2.25
2017.04.21 13:14:13.265,1.16793,1.16799,2.06,2.25
2017.04.21 13:14:13.817,1.16793,1.16799,3.19,1.00
2017.04.21 13:14:14.798,1.16793,1.16798,3.94,2.25
2017.04.21 13:14:15.323,1.16796,1.168,1.00,1.00
2017.04.21 13:14:15.829,1.16796,1.168,2.06,1.00
2017.04.21 13:14:16.444,1.16796,1.16802,2.81,1.50
2017.04.21 13:14:16.962,1.16796,1.16801,3.19,1.00
2017.04.21 13:14:17.627,1.16797,1.16803,1.25,2.25
2017.04.21 13:14:18.389,1.16796,1.16802,2.81,1.00
2017.04.21 13:14:18.890,1.16797,1.16803,1.31,1.50
2017.04.21 13:14:20.425,1.16798,1.16803,1.00,1.00
2017.04.21 13:14:20.537,1.16802,1.16805,1.19,1.87
2017.04.21 13:14:20.639,1.16803,1.16808,1.31,1.50
2017.04.21 13:14:20.892,1.16805,1.16808,1.00,1.00
2017.04.21 13:14:21.450,1.16805,1.1681,1.00,3.37
2017.04.21 13:14:22.169,1.16804,1.16809,1.00,1.00
2017.04.21 13:14:22.322,1.16801,1.16808,2.62,3.37
2017.04.21 13:14:23.091,1.168,1.16807,2.81,2.62
2017.04.21 13:14:23.407,1.168,1.16807,2.44,3.37
2017.04.21 13:14:25.481,1.16801,1.16808,1.00,4.50
2017.04.21 13:14:26.092,1.168,1.16808,2.44,4.50
2017.04.21 13:14:27.983,1.16799,1.16805,7.12,1.50
2017.04.21 13:14:28.490,1.168,1.16804,1.00,1.00
2017.04.21 13:14:29.004,1.16799,1.16804,1.00,1.00
2017.04.21 13:14:29.524,1.16799,1.16803,1.00,1.00
2017.04.21 13:14:30.070,1.16798,1.16803,1.69,1.00
2017.04.21 13:14:34.318,1.16798,1.16803,1.44,1.00
2017.04.21 13:14:34.687,1.16797,1.16799,1.69,1.00
2017.04.21 13:14:34.738,1.16796,1.16799,1.50,1.32
2017.04.21 13:14:34.840,1.16793,1.16799,5.25,1.32
2017.04.21 13:14:35.346,1.16793,1.16798,1.69,1.00
2017.04.21 13:14:39.310,1.16792,1.16796,2.62,1.00
2017.04.21 13:14:39.816,1.16791,1.16795,1.00,1.32
2017.04.21 13:14:40.337,1.1679,1.16796,1.25,1.24
2017.04.21 13:14:40.843,1.1679,1.16794,1.25,1.00
2017.04.21 13:14:41.505,1.16789,1.16794,5.25,1.00
2017.04.21 13:14:43.010,1.16791,1.16796,1.56,1.00
2017.04.21 13:14:43.162,1.16793,1.16799,2.25,1.00
2017.04.21 13:14:43.213,1.16794,1.168,4.12,1.00
2017.04.21 13:14:43.264,1.16795,1.16802,2.25,3.00
2017.04.21 13:14:43.770,1.16796,1.16802,1.25,1.50
2017.04.21 13:14:45.280,1.16798,1.16802,1.00,1.50
2017.04.21 13:14:45.641,1.16797,1.168,1.00,1.00
2017.04.21 13:14:46.165,1.16796,1.16801,1.31,1.00
2017.04.21 13:14:47.699,1.16797,1.16801,1.69,1.00
2017.04.21 13:14:48.703,1.16797,1.16803,2.06,1.50
2017.04.21 13:14:49.393,1.16797,1.16804,2.06,3.00
2017.04.21 13:14:50.560,1.16797,1.16802,2.44,1.00
2017.04.21 13:14:51.338,1.16796,1.16803,5.44,2.25
2017.04.21 13:14:51.694,1.16797,1.16801,1.69,1.00
2017.04.21 13:14:52.201,1.16797,1.16802,1.69,1.00
2017.04.21 13:14:52.943,1.16797,1.16801,1.69,1.00
2017.04.21 13:14:55.347,1.16797,1.16801,1.69,1.00
2017.04.21 13:14:56.317,1.16797,1.16802,1.69,1.00
2017.04.21 13:14:57.543,1.16797,1.16803,4.50,1.00
2017.04.21 13:14:57.848,1.16802,1.16807,4.12,1.00
2017.04.21 13:14:57.950,1.16803,1.16809,1.87,1.12
2017.04.21 13:14:58.799,1.16803,1.16809,3.56,1.00
2017.04.21 13:14:59.625,1.16803,1.16809,4.12,1.00
2017.04.21 13:15:00.081,1.16803,1.16809,2.81,1.00
2017.04.21 13:15:00.518,1.16805,1.16811,1.31,2.25
2017.04.21 13:15:00.872,1.16807,1.16811,1.31,1.00
2017.04.21 13:15:00.923,1.16808,1.16813,1.19,2.25
2017.04.21 13:15:01.475,1.16808,1.16813,1.31,1.00
2017.04.21 13:15:04.402,1.16808,1.16814,2.06,1.50
2017.04.21 13:15:04.627,1.16808,1.16814,1.69,1.50
2017.04.21 13:15:05.141,1.16808,1.16814,1.19,1.00
2017.04.21 13:15:06.355,1.16808,1.16813,1.00,1.50
2017.04.21 13:15:06.861,1.16807,1.16813,1.31,1.31
2017.04.21 13:15:07.473,1.16806,1.16812,1.19,1.19
2017.04.21 13:15:07.576,1.16806,1.1681,1.00,2.06
2017.04.21 13:15:07.678,1.16804,1.16809,1.31,1.00
2017.04.21 13:15:08.185,1.16802,1.16808,4.50,1.00
2017.04.21 13:15:08.694,1.16802,1.16807,1.50,1.00
2017.04.21 13:15:09.217,1.16802,1.16807,1.44,1.00
2017.04.21 13:15:09.318,1.168,1.16805,5.44,1.50
2017.04.21 13:15:09.622,1.16798,1.16801,1.19,1.00
2017.04.21 13:15:10.352,1.16795,1.16799,3.00,1.00
2017.04.21 13:15:10.403,1.16795,1.16799,1.25,1.69
2017.04.21 13:15:10.454,1.16794,1.16796,1.50,1.00
2017.04.21 13:15:10.505,1.16793,1.16796,1.31,1.00
2017.04.21 13:15:11.102,1.16793,1.16795,1.25,1.00
2017.04.21 13:15:11.607,1.16793,1.16796,1.25,1.50
2017.04.21 13:15:12.148,1.16791,1.16795,1.31,1.00
2017.04.21 13:15:13.490,1.1679,1.16795,2.81,1.00
2017.04.21 13:15:13.664,1.1679,1.16793,1.69,1.00
2017.04.21 13:15:14.170,1.16789,1.16793,1.19,1.00
2017.04.21 13:15:14.715,1.16789,1.16794,1.19,1.00
2017.04.21 13:15:15.266,1.16788,1.16794,1.62,1.31
2017.04.21 13:15:16.958,1.1679,1.16795,1.00,2.81
2017.04.21 13:15:17.463,1.16789,1.16795,1.31,2.81
2017.04.21 13:15:18.023,1.16789,1.16795,1.62,2.81
2017.04.21 13:15:18.530,1.16789,1.16795,3.19,1.31
2017.04.21 13:15:19.937,1.16789,1.16795,3.19,2.06
2017.04.21 13:15:20.170,1.16789,1.16794,1.50,2.06
2017.04.21 13:15:20.526,1.16787,1.16793,1.69,1.31
2017.04.21 13:15:20.578,1.16787,1.16793,1.12,3.75
2017.04.21 13:15:21.373,1.16785,1.1679,2.81,1.31
2017.04.21 13:15:21.889,1.16785,1.16791,7.69,1.25
2017.04.21 13:15:23.408,1.16787,1.16792,1.31,1.50
2017.04.21 13:15:23.511,1.16788,1.16794,1.56,1.00
2017.04.21 13:15:24.649,1.1679,1.16795,1.25,1.00
2017.04.21 13:15:28.880,1.16793,1.16797,1.31,2.25
2017.04.21 13:15:29.184,1.16795,1.168,2.44,1.75
2017.04.21 13:15:29.438,1.16794,1.16799,1.44,1.25
2017.04.21 13:15:30.482,1.16793,1.16799,2.25,1.69
2017.04.21 13:15:31.721,1.16795,1.168,1.25,1.50
2017.04.21 13:15:34.133,1.16794,1.168,1.50,3.19
2017.04.21 13:15:34.553,1.16793,1.16797,2.25,1.00
2017.04.21 13:15:34.993,1.16794,1.16799,1.81,1.50
2017.04.21 13:15:35.044,1.16794,1.168,2.19,1.00
2017.04.21 13:15:35.297,1.16798,1.16802,1.81,1.12
2017.04.21 13:15:35.348,1.16801,1.16804,1.56,4.50
2017.04.21 13:15:35.449,1.16801,1.16805,1.56,2.25
2017.04.21 13:15:35.955,1.16799,1.16805,4.69,1.50
2017.04.21 13:15:37.164,1.16799,1.16805,3.19,2.25
2017.04.21 13:15:37.698,1.16802,1.16806,1.56,1.00
2017.04.21 13:15:38.436,1.16802,1.16806,1.31,1.50
2017.04.21 13:15:38.588,1.168,1.16803,2.44,1.00
2017.04.21 13:15:41.498,1.168,1.16805,1.69,1.00
2017.04.21 13:15:42.026,1.16799,1.16804,1.56,1.00
2017.04.21 13:15:42.279,1.16799,1.16804,1.12,1.00
2017.04.21 13:15:42.482,1.16801,1.16805,1.12,5.25
2017.04.21 13:15:42.808,1.16798,1.16803,1.12,1.00
2017.04.21 13:15:43.764,1.16796,1.16802,4.03,1.00
2017.04.21 13:15:44.266,1.16796,1.16803,1.69,2.25
2017.04.21 13:15:44.688,1.16796,1.16803,1.69,3.00
2017.04.21 13:15:44.941,1.16797,1.16802,1.56,1.00
2017.04.21 13:15:45.245,1.16803,1.16807,1.19,1.00
2017.04.21 13:15:45.296,1.16802,1.16806,2.81,1.00
2017.04.21 13:15:45.864,1.168,1.16805,3.94,1.00
2017.04.21 13:15:46.650,1.168,1.16805,2.44,1.00
2017.04.21 13:15:47.989,1.168,1.16804,1.69,1.00
2017.04.21 13:15:48.507,1.16799,1.16804,1.12,1.50
2017.04.21 13:15:48.558,1.16797,1.16804,4.69,1.00
2017.04.21 13:15:48.710,1.16797,1.16803,1.69,1.00
2017.04.21 13:15:48.886,1.16797,1.16801,1.31,1.00
2017.04.21 13:15:52.000,1.16795,1.168,1.31,1.00
2017.04.21 13:15:52.051,1.16795,1.168,1.12,1.00
2017.04.21 13:15:52.556,1.16794,1.16799,1.25,1.50
2017.04.21 13:15:53.062,1.16795,1.16799,1.12,1.00
2017.04.21 13:15:54.228,1.16794,1.16798,1.00,1.00
2017.04.21 13:15:54.734,1.16795,1.16799,1.12,1.50
2017.04.21 13:15:55.007,1.16795,1.16799,1.56,1.00
2017.04.21 13:15:55.530,1.16795,1.168,1.56,1.87
2017.04.21 13:15:56.076,1.16795,1.16798,1.69,1.00
2017.04.21 13:15:56.711,1.16794,1.16799,1.69,1.50
2017.04.21 13:15:57.220,1.16793,1.16798,4.87,1.00
2017.04.21 13:15:57.523,1.16793,1.16796,1.56,1.87
2017.04.21 13:15:58.059,1.16793,1.16797,1.56,1.50
2017.04.21 13:15:58.913,1.16792,1.16796,1.56,1.00
2017.04.21 13:15:59.512,1.16792,1.16796,1.56,1.00
2017.04.21 13:15:59.816,1.16798,1.16801,1.19,3.37
2017.04.21 13:16:00.120,1.16797,1.16803,6.00,1.50
2017.04.21 13:16:01.633,1.168,1.16803,1.31,1.00
2017.04.21 13:16:03.508,1.16798,1.16804,5.62,1.00
2017.04.21 13:16:05.646,1.16798,1.16803,2.44,1.00
2017.04.21 13:16:06.160,1.16801,1.16805,1.19,2.62
2017.04.21 13:16:06.414,1.16799,1.16804,2.81,5.25
2017.04.21 13:16:06.617,1.16799,1.16802,1.69,1.12
2017.04.21 13:16:06.769,1.16801,1.16804,1.00,2.25
2017.04.21 13:16:07.314,1.168,1.16804,1.25,1.50
2017.04.21 13:16:07.820,1.168,1.16803,1.25,1.87
2017.04.21 13:16:07.871,1.16798,1.16802,2.62,1.87
2017.04.21 13:16:08.427,1.16796,1.16799,1.31,1.00
2017.04.21 13:16:08.956,1.16794,1.16799,1.56,3.00
2017.04.21 13:16:09.487,1.16794,1.16797,1.56,1.00
2017.04.21 13:16:10.012,1.16794,1.16798,1.56,1.50
2017.04.21 13:16:10.686,1.16794,1.16797,1.31,1.00
2017.04.21 13:16:11.861,1.16792,1.16796,3.37,1.00
2017.04.21 13:16:12.276,1.16792,1.16795,1.50,1.00
2017.04.21 13:16:13.831,1.16791,1.16795,2.62,1.00
2017.04.21 13:16:13.882,1.16792,1.16797,1.12,3.00
2017.04.21 13:16:14.034,1.16792,1.16797,1.12,1.00
2017.04.21 13:16:15.256,1.16792,1.16797,1.87,1.00
2017.04.21 13:16:15.927,1.16792,1.16795,1.12,1.00
2017.04.21 13:16:16.460,1.16791,1.16796,1.69,1.00
2017.04.21 13:16:17.601,1.16791,1.16797,4.12,1.87
2017.04.21 13:16:17.654,1.16789,1.16793,1.19,1.00
2017.04.21 13:16:18.008,1.16787,1.16793,4.87,1.00
2017.04.21 13:16:18.636,1.16787,1.16792,1.69,1.00
2017.04.21 13:16:19.973,1.16787,1.16793,1.69,1.00
2017.04.21 13:16:20.646,1.16787,1.16793,1.69,1.00
2017.04.21 13:16:22.369,1.16787,1.16792,1.56,1.00
2017.04.21 13:16:22.875,1.16787,1.16793,3.19,1.00
2017.04.21 13:16:23.416,1.1679,1.16794,1.25,1.50
2017.04.21 13:16:23.859,1.16791,1.16795,1.56,2.62
2017.04.21 13:16:24.266,1.16793,1.16797,1.56,1.00
2017.04.21 13:16:24.418,1.16794,1.16799,1.19,4.69
2017.04.21 13:16:25.617,1.16794,1.16799,1.25,2.44
2017.04.21 13:16:26.126,1.16794,1.16798,1.19,1.12
2017.04.21 13:16:26.937,1.16794,1.16797,1.19,1.00
2017.04.21 13:16:27.478,1.16793,1.16796,1.31,1.00
2017.04.21 13:16:27.910,1.16793,1.16796,1.00,1.00
2017.04.21 13:16:28.449,1.16793,1.16797,1.00,1.00
2017.04.21 13:16:29.123,1.16791,1.16796,1.31,1.00
2017.04.21 13:16:29.630,1.16791,1.16797,1.69,4.31
2017.04.21 13:16:29.732,1.16791,1.16795,1.31,1.00
2017.04.21 13:16:30.277,1.16791,1.16796,1.31,1.50
2017.04.21 13:16:31.009,1.16791,1.16795,1.31,1.00
2017.04.21 13:16:31.533,1.16791,1.16796,1.31,2.25
2017.04.21 13:16:32.765,1.16791,1.16795,1.31,1.00
2017.04.21 13:16:33.288,1.16791,1.16796,1.31,2.25
2017.04.21 13:16:33.990,1.16791,1.16795,1.31,1.00
2017.04.21 13:16:34.576,1.1679,1.16794,1.56,1.00
2017.04.21 13:16:34.879,1.1679,1.16793,1.25,1.00
2017.04.21 13:16:34.930,1.1679,1.16793,1.56,1.00
2017.04.21 13:16:35.245,1.1679,1.16795,1.19,4.69
2017.04.21 13:16:35.728,1.16789,1.16792,1.19,1.00
2017.04.21 13:16:36.234,1.16788,1.16793,1.56,1.87
2017.04.21 13:16:36.768,1.16788,1.16792,1.56,1.00
2017.04.21 13:16:37.576,1.16788,1.16792,1.56,1.00
2017.04.21 13:16:38.081,1.16788,1.16793,1.31,2.25
2017.04.21 13:16:39.988,1.16789,1.16794,1.19,4.87
2017.04.21 13:16:40.295,1.16789,1.16794,1.56,2.62
2017.04.21 13:16:40.812,1.16789,1.16795,1.56,7.31
2017.04.21 13:16:41.690,1.16789,1.16795,1.56,6.37
2017.04.21 13:16:42.214,1.16791,1.16793,1.25,1.87
2017.04.21 13:16:42.468,1.16793,1.16796,1.25,1.00
2017.04.21 13:16:42.984,1.16793,1.16795,1.00,1.50
2017.04.21 13:16:43.491,1.16793,1.16796,1.00,1.50
2017.04.21 13:16:44.112,1.16793,1.16795,1.00,1.00
2017.04.21 13:16:44.359,1.16793,1.16795,1.56,1.00
2017.04.21 13:16:44.461,1.16793,1.16797,1.56,2.44
2017.04.21 13:16:45.402,1.16793,1.16797,1.00,2.81
2017.04.21 13:16:45.503,1.16792,1.16797,1.56,2.81
2017.04.21 13:16:46.217,1.16792,1.16797,1.19,1.25
2017.04.21 13:16:46.336,1.16792,1.16797,1.56,1.25
2017.04.21 13:16:46.387,1.16792,1.16797,1.19,1.25
2017.04.21 13:16:46.853,1.16792,1.16797,1.56,2.06
2017.04.21 13:16:47.108,1.16792,1.16797,1.25,1.69
2017.04.21 13:16:47.260,1.16791,1.16796,1.56,1.12
2017.04.21 13:16:47.765,1.16791,1.16795,1.56,1.50
2017.04.21 13:16:48.337,1.16791,1.16796,1.56,2.62
2017.04.21 13:16:48.877,1.16792,1.16797,1.19,2.44
2017.04.21 13:16:50.071,1.16792,1.16795,1.56,1.00
2017.04.21 13:16:50.745,1.16792,1.16796,1.56,1.12
2017.04.21 13:16:51.080,1.16793,1.16797,1.56,2.44
2017.04.21 13:16:51.488,1.16793,1.16797,1.31,2.44
2017.04.21 13:16:52.092,1.16793,1.16797,1.56,2.44
2017.04.21 13:16:52.642,1.16793,1.16796,1.19,1.00
2017.04.21 13:16:52.916,1.16793,1.16797,1.56,2.44
2017.04.21 13:16:53.227,1.16793,1.16796,1.19,1.00
2017.04.21 13:16:54.464,1.16793,1.16797,1.56,1.69
2017.04.21 13:16:55.627,1.16793,1.16797,1.31,2.44
2017.04.21 13:16:55.930,1.16792,1.16795,1.56,1.00
2017.04.21 13:16:56.923,1.16792,1.16795,1.69,1.00
2017.04.21 13:16:57.437,1.16792,1.16796,1.69,1.50
2017.04.21 13:16:57.988,1.16792,1.16796,1.69,1.00
2017.04.21 13:16:59.023,1.16792,1.16796,1.00,1.00
2017.04.21 13:16:59.177,1.1679,1.16794,1.69,1.00
2017.04.21 13:16:59.710,1.16789,1.16793,1.31,1.00
2017.04.21 13:17:00.376,1.16789,1.16794,1.31,1.00
2017.04.21 13:17:00.808,1.16788,1.16792,1.31,1.00
2017.04.21 13:17:01.343,1.16786,1.1679,1.31,1.00
2017.04.21 13:17:01.596,1.16786,1.1679,1.00,1.50
2017.04.21 13:17:02.153,1.16785,1.1679,1.69,1.00
2017.04.21 13:17:02.395,1.16788,1.16792,1.25,2.25
2017.04.21 13:17:03.072,1.16788,1.16793,1.25,3.94
2017.04.21 13:17:03.375,1.16792,1.16794,1.19,2.25
2017.04.21 13:17:03.527,1.16792,1.16795,1.19,1.12
2017.04.21 13:17:04.033,1.16792,1.16794,1.19,1.00
2017.04.21 13:17:04.586,1.16792,1.16795,1.19,1.12
2017.04.21 13:17:04.637,1.16793,1.16796,1.31,1.50
2017.04.21 13:17:04.738,1.16793,1.16795,1.25,1.00
2017.04.21 13:17:05.304,1.16791,1.16793,1.00,1.00
2017.04.21 13:17:05.406,1.16788,1.16792,1.00,1.25
2017.04.21 13:17:05.798,1.16785,1.1679,1.56,1.00
2017.04.21 13:17:06.405,1.16785,1.16791,1.19,3.56
2017.04.21 13:17:06.709,1.16785,1.16789,1.00,1.69
2017.04.21 13:17:07.611,1.16784,1.16789,1.19,3.94
2017.04.21 13:17:08.268,1.16785,1.16789,1.00,2.44
2017.04.21 13:17:08.776,1.16785,1.16789,1.00,1.50
2017.04.21 13:17:09.666,1.16785,1.16789,1.31,1.50
2017.04.21 13:17:10.355,1.16785,1.16789,1.25,1.69
2017.04.21 13:17:10.845,1.16785,1.1679,1.69,2.62
2017.04.21 13:17:11.148,1.16789,1.16792,1.31,2.25
2017.04.21 13:17:11.469,1.16789,1.16794,1.56,1.50
2017.04.21 13:17:11.672,1.1679,1.16797,2.06,5.81
2017.04.21 13:17:12.077,1.1679,1.16794,1.31,1.00
2017.04.21 13:17:12.623,1.16789,1.16795,1.31,5.44
2017.04.21 13:17:12.932,1.16789,1.16795,1.25,3.19
2017.04.21 13:17:13.034,1.16789,1.16795,1.56,2.25
2017.04.21 13:17:13.369,1.1679,1.16796,6.37,1.00
2017.04.21 13:17:13.896,1.1679,1.16795,7.12,1.00
2017.04.21 13:17:14.005,1.1679,1.16797,7.12,3.75
2017.04.21 13:17:15.396,1.1679,1.16797,2.81,1.00
2017.04.21 13:17:15.946,1.1679,1.16796,2.06,1.00
2017.04.21 13:17:15.997,1.1679,1.16796,2.06,1.00
2017.04.21 13:17:16.048,1.16791,1.16797,3.00,1.50
2017.04.21 13:17:16.099,1.1679,1.16796,3.56,1.00
2017.04.21 13:17:16.887,1.1679,1.16796,1.50,5.06
2017.04.21 13:17:17.898,1.16792,1.16795,1.25,1.50
2017.04.21 13:17:18.202,1.16793,1.16797,1.69,1.50
2017.04.21 13:17:18.710,1.16791,1.16796,2.81,1.00
2017.04.21 13:17:19.302,1.16793,1.16797,1.25,1.00
2017.04.21 13:17:19.821,1.16792,1.16797,1.25,1.69
2017.04.21 13:17:20.359,1.16792,1.16796,1.25,1.00
2017.04.21 13:17:20.685,1.16792,1.16797,1.69,1.50
2017.04.21 13:17:22.885,1.16792,1.16797,1.69,1.50
2017.04.21 13:17:23.423,1.16792,1.16798,1.19,1.87
2017.04.21 13:17:23.940,1.16794,1.16798,1.00,1.87
2017.04.21 13:17:24.686,1.16794,1.16798,1.19,1.87
2017.04.21 13:17:25.076,1.16795,1.16798,1.56,1.12
2017.04.21 13:17:25.228,1.16796,1.16801,1.31,1.37
2017.04.21 13:17:25.279,1.16796,1.16801,1.31,1.00
2017.04.21 13:17:26.001,1.16796,1.16802,1.69,1.87
2017.04.21 13:17:26.536,1.16797,1.16803,2.81,2.62
2017.04.21 13:17:27.047,1.16798,1.16803,1.00,1.12
2017.04.21 13:17:27.758,1.168,1.16804,1.00,4.69
2017.04.21 13:17:27.809,1.16798,1.16804,1.12,3.94
2017.04.21 13:17:28.316,1.168,1.16804,1.00,5.44
2017.04.21 13:17:28.367,1.16798,1.16804,1.12,5.44
2017.04.21 13:17:28.980,1.168,1.16803,1.00,1.25
2017.04.21 13:17:29.219,1.16798,1.16803,1.00,1.25
2017.04.21 13:17:29.725,1.16797,1.16803,1.31,1.25
2017.04.21 13:17:30.473,1.16799,1.16803,1.00,1.25
2017.04.21 13:17:31.718,1.16799,1.16804,1.00,3.75
2017.04.21 13:17:32.397,1.16799,1.16803,1.00,1.00
2017.04.21 13:17:32.600,1.16795,1.168,2.44,1.00
2017.04.21 13:17:33.128,1.16795,1.16799,1.31,1.00
2017.04.21 13:17:33.382,1.16793,1.16797,1.25,1.00
2017.04.21 13:17:33.887,1.16791,1.16796,1.00,1.12
2017.04.21 13:17:34.039,1.16791,1.16796,1.37,2.81
2017.04.21 13:17:34.191,1.1679,1.16796,1.69,3.19
2017.04.21 13:17:34.409,1.1679,1.16795,1.12,1.31
2017.04.21 13:17:34.915,1.16789,1.16794,1.25,1.19
2017.04.21 13:17:38.401,1.16788,1.16791,1.19,1.00
2017.04.21 13:17:40.718,1.16788,1.16791,1.31,1.00
2017.04.21 13:17:42.444,1.16786,1.16791,2.25,1.00
2017.04.21 13:17:42.496,1.16786,1.1679,3.94,1.00
2017.04.21 13:17:42.648,1.16785,1.16789,1.87,1.00
2017.04.21 13:17:42.851,1.16785,1.16787,1.00,1.00
2017.04.21 13:17:43.453,1.16785,1.16788,1.69,1.00
2017.04.21 13:17:43.960,1.16785,1.16787,1.25,1.00
2017.04.21 13:17:44.307,1.16784,1.16786,1.31,1.00
2017.04.21 13:17:44.455,1.16782,1.16785,3.19,1.00
2017.04.21 13:17:44.820,1.1678,1.16783,1.69,1.00
2017.04.21 13:17:45.419,1.1678,1.16783,3.19,1.00
2017.04.21 13:17:46.013,1.1678,1.16784,3.19,1.50
2017.04.21 13:17:46.945,1.1678,1.16783,3.19,1.00
2017.04.21 13:17:47.784,1.1678,1.16784,3.19,1.00
2017.04.21 13:17:48.289,1.1678,1.16783,2.81,1.00
2017.04.21 13:17:49.216,1.1678,1.16783,1.19,1.00
2017.04.21 13:17:49.369,1.1678,1.16782,1.56,1.00
2017.04.21 13:17:49.801,1.1678,1.16784,1.56,1.50
2017.04.21 13:17:49.853,1.1678,1.16782,1.56,1.00
2017.04.21 13:17:49.904,1.1678,1.16784,1.19,1.50
2017.04.21 13:17:50.006,1.1678,1.16784,1.56,1.12
2017.04.21 13:17:50.594,1.1678,1.16784,1.31,1.12
2017.04.21 13:17:52.128,1.16778,1.16782,3.19,1.00
2017.04.21 13:17:52.734,1.16778,1.16783,1.56,1.00
2017.04.21 13:17:55.088,1.1678,1.16783,1.19,1.00
2017.04.21 13:17:55.593,1.16777,1.16782,1.56,1.87
2017.04.21 13:17:56.192,1.1678,1.16783,1.31,1.50
2017.04.21 13:17:56.244,1.1678,1.16784,1.31,1.50
2017.04.21 13:17:56.803,1.1678,1.16785,1.31,3.75
2017.04.21 13:17:58.379,1.1678,1.16785,2.06,1.50
2017.04.21 13:17:58.481,1.16782,1.16787,2.44,2.25
2017.04.21 13:17:58.582,1.16784,1.16789,1.31,1.31
2017.04.21 13:17:59.132,1.16785,1.16791,2.06,2.25
2017.04.21 13:17:59.935,1.16785,1.1679,1.19,1.00
2017.04.21 13:18:00.448,1.16785,1.16791,1.31,2.25
2017.04.21 13:18:00.977,1.16785,1.1679,1.31,1.00
2017.04.21 13:18:01.208,1.16784,1.16791,4.69,2.44
2017.04.21 13:18:07.291,1.16785,1.16791,1.56,1.25
2017.04.21 13:18:07.815,1.16784,1.1679,2.06,1.00
2017.04.21 13:18:08.699,1.16784,1.1679,1.56,1.00
2017.04.21 13:18:09.204,1.16785,1.1679,1.69,1.00
2017.04.21 13:18:09.762,1.16785,1.16791,1.56,1.00
2017.04.21 13:18:10.215,1.16784,1.16789,1.69,1.00
2017.04.21 13:18:11.255,1.16783,1.16789,3.56,1.00
2017.04.21 13:18:12.427,1.16783,1.16788,3.19,1.00
2017.04.21 13:18:12.529,1.16783,1.16789,1.69,2.25
2017.04.21 13:18:12.884,1.16784,1.16787,1.56,1.00
2017.04.21 13:18:13.188,1.16786,1.16789,1.56,2.25
2017.04.21 13:18:13.521,1.16786,1.16788,1.25,1.00
2017.04.21 13:18:13.573,1.16785,1.1679,1.19,1.69
2017.04.21 13:18:13.725,1.16785,1.1679,1.56,1.00
2017.04.21 13:18:14.416,1.16787,1.1679,1.56,1.00
