2017.05.01 19:00:00.125,1.21982,1.21985,1.00,1.12
2017.05.01 19:00:00.309,1.21984,1.21989,1.12,1.31
2017.05.01 19:00:00.619,1.21989,1.21991,1.00,1.69
2017.05.01 19:00:00.773,1.21991,1.21996,1.00,3.94
2017.05.01 19:00:00.875,1.21991,1.21996,1.37,3.19
2017.05.01 19:00:01.180,1.21988,1.21995,1.00,7.69
2017.05.01 19:00:01.258,1.21988,1.21994,1.50,1.19
2017.05.01 19:00:01.567,1.21989,1.21994,1.37,1.69
2017.05.01 19:00:02.081,1.2199,1.21995,1.00,1.19
2017.05.01 19:00:02.633,1.21988,1.21995,1.87,3.19
2017.05.01 19:00:02.735,1.2199,1.21995,1.00,1.69
2017.05.01 19:00:02.787,1.2199,1.21997,1.00,3.19
2017.05.01 19:00:02.846,1.2199,1.21997,1.00,3.56
2017.05.01 19:00:03.275,1.2199,1.21996,1.00,1.25
2017.05.01 19:00:04.416,1.21989,1.21997,1.12,3.19
2017.05.01 19:00:04.941,1.21989,1.21998,2.25,2.44
2017.05.01 19:00:05.108,1.21989,1.21994,1.00,2.06
2017.05.01 19:00:05.312,1.21987,1.21992,1.00,1.19
2017.05.01 19:00:06.508,1.21987,1.21993,1.00,3.56
2017.05.01 19:00:07.181,1.21986,1.21993,1.25,4.31
2017.05.01 19:00:08.606,1.21986,1.21993,1.25,1.25
2017.05.01 19:00:13.535,1.21986,1.21995,2.06,3.19
2017.05.01 19:00:15.336,1.21987,1.21993,1.00,1.00
2017.05.01 19:00:15.843,1.21986,1.21995,2.81,2.44
2017.05.01 19:00:16.703,1.21988,1.21995,1.50,1.50
2017.05.01 19:00:17.059,1.21988,1.21995,1.69,1.19
2017.05.01 19:00:17.760,1.21987,1.21993,1.87,1.25
2017.05.01 19:00:18.091,1.21985,1.21992,2.81,2.44
2017.05.01 19:00:18.700,1.21983,1.21991,1.69,4.69
2017.05.01 19:00:26.405,1.21983,1.21991,1.69,2.44
2017.05.01 19:00:34.906,1.21982,1.21989,1.50,1.00
2017.05.01 19:00:39.259,1.21981,1.21987,1.12,1.00
2017.05.01 19:00:40.277,1.21981,1.21988,1.00,1.50
2017.05.01 19:00:40.810,1.21981,1.21987,1.00,1.00
2017.05.01 19:00:41.719,1.21981,1.21988,1.00,3.00
2017.05.01 19:00:47.707,1.21981,1.21988,1.87,1.00
2017.05.01 19:00:50.275,1.21982,1.21989,1.12,1.50
2017.05.01 19:01:02.247,1.2198,1.21986,1.31,1.31
2017.05.01 19:01:02.760,1.21979,1.21986,2.25,2.44
2017.05.01 19:01:03.469,1.21978,1.21985,2.44,1.00
2017.05.01 19:01:03.724,1.2198,1.21987,1.12,1.00
2017.05.01 19:01:04.822,1.21981,1.21988,1.00,1.31
2017.05.01 19:01:17.125,1.21985,1.21989,1.60,1.00
2017.05.01 19:01:17.227,1.21986,1.21992,2.47,1.00
2017.05.01 19:01:17.747,1.21987,1.21994,2.10,1.19
2017.05.01 19:01:20.415,1.21988,1.21995,1.60,1.19
2017.05.01 19:01:20.944,1.21987,1.21996,2.25,1.19
2017.05.01 19:01:21.474,1.21987,1.21996,2.85,1.19
2017.05.01 19:01:21.580,1.21987,1.21997,5.47,2.44
2017.05.01 19:01:21.903,1.21987,1.21997,6.00,2.06
2017.05.01 19:01:22.684,1.21987,1.21993,1.12,1.25
2017.05.01 19:01:22.990,1.21984,1.21991,2.25,2.06
2017.05.01 19:01:23.504,1.21983,1.21991,1.50,2.06
2017.05.01 19:01:23.884,1.21981,1.2199,2.47,1.19
2017.05.01 19:01:24.363,1.21984,1.21991,1.35,1.00
2017.05.01 19:01:24.873,1.21985,1.21992,1.72,1.25
2017.05.01 19:01:25.523,1.21986,1.21993,1.00,1.00
2017.05.01 19:01:26.348,1.21985,1.21993,3.37,1.00
2017.05.01 19:01:27.128,1.21985,1.21993,1.12,1.19
2017.05.01 19:01:27.700,1.21984,1.21991,1.87,1.19
2017.05.01 19:01:28.345,1.21983,1.21991,2.25,1.19
2017.05.01 19:01:29.820,1.21984,1.21992,1.00,1.00
2017.05.01 19:01:32.175,1.21985,1.21993,1.00,1.87
2017.05.01 19:01:33.593,1.21986,1.21993,1.00,1.50
2017.05.01 19:01:34.141,1.21987,1.21995,1.00,2.62
2017.05.01 19:01:35.482,1.21987,1.21995,1.12,1.37
2017.05.01 19:01:36.953,1.21987,1.21995,2.47,1.12
2017.05.01 19:01:37.005,1.21989,1.21996,2.62,1.87
2017.05.01 19:01:37.414,1.21989,1.21998,1.87,2.25
2017.05.01 19:01:47.678,1.21989,1.21993,1.00,1.00
2017.05.01 19:01:47.984,1.21982,1.21988,6.37,1.00
2017.05.01 19:01:48.036,1.21982,1.21989,5.25,3.75
2017.05.01 19:01:48.290,1.21982,1.21987,1.12,1.00
2017.05.01 19:01:48.828,1.21983,1.21988,1.25,1.00
2017.05.01 19:01:49.133,1.21985,1.21991,1.87,1.00
2017.05.01 19:01:49.641,1.21985,1.21992,2.62,1.00
2017.05.01 19:01:49.794,1.21984,1.2199,1.00,1.00
2017.05.01 19:01:49.896,1.21982,1.21989,1.12,1.00
2017.05.01 19:01:50.147,1.21981,1.21987,1.69,1.00
2017.05.01 19:01:50.453,1.21979,1.21984,2.25,1.00
2017.05.01 19:01:51.418,1.21979,1.21985,1.50,1.00
2017.05.01 19:01:51.654,1.21977,1.21984,1.87,1.00
2017.05.01 19:01:52.163,1.21977,1.21983,1.87,1.00
2017.05.01 19:01:52.368,1.21977,1.21985,1.12,1.50
2017.05.01 19:01:52.826,1.21977,1.21983,1.00,1.00
2017.05.01 19:01:53.334,1.21977,1.21985,1.00,3.37
2017.05.01 19:01:53.915,1.21979,1.21985,1.00,3.00
2017.05.01 19:01:54.491,1.21979,1.21985,1.00,3.00
2017.05.01 19:01:54.999,1.2198,1.21985,1.00,1.00
2017.05.01 19:01:55.651,1.2198,1.21987,1.00,2.81
2017.05.01 19:01:56.221,1.2198,1.21987,1.00,4.31
2017.05.01 19:01:57.275,1.2198,1.21986,1.00,1.69
2017.05.01 19:01:59.388,1.21978,1.21987,1.50,2.44
2017.05.01 19:01:59.592,1.2198,1.21985,1.00,1.25
2017.05.01 19:02:00.110,1.2198,1.21986,1.00,1.12
2017.05.01 19:02:01.727,1.2198,1.21986,1.00,1.31
2017.05.01 19:02:02.265,1.21979,1.21986,1.12,2.06
2017.05.01 19:02:09.124,1.21981,1.21986,1.00,1.69
2017.05.01 19:02:09.176,1.21982,1.21986,1.00,1.00
2017.05.01 19:02:09.633,1.21984,1.21989,1.00,1.31
2017.05.01 19:02:12.022,1.21984,1.2199,1.00,1.69
2017.05.01 19:02:12.918,1.21985,1.2199,1.00,1.19
2017.05.01 19:02:14.035,1.21985,1.21991,1.00,2.44
2017.05.01 19:02:14.573,1.21984,1.21991,1.00,3.19
2017.05.01 19:02:15.690,1.21985,1.21991,1.00,2.44
2017.05.01 19:02:16.696,1.21982,1.21988,1.50,1.69
2017.05.01 19:02:16.849,1.21979,1.21986,1.87,2.06
2017.05.01 19:02:19.283,1.21977,1.21981,2.25,1.31
2017.05.01 19:02:19.335,1.21977,1.21984,1.50,1.69
2017.05.01 19:02:19.844,1.21978,1.21983,1.00,1.19
2017.05.01 19:02:19.895,1.21978,1.21983,1.00,1.31
2017.05.01 19:02:20.437,1.21977,1.21981,1.00,1.19
2017.05.01 19:02:21.025,1.21978,1.21983,1.00,1.69
2017.05.01 19:02:21.281,1.21977,1.21983,1.00,1.31
2017.05.01 19:02:25.632,1.21977,1.21982,1.00,2.06
2017.05.01 19:02:27.700,1.21975,1.21982,1.37,2.44
2017.05.01 19:02:28.533,1.21975,1.21981,1.12,1.25
2017.05.01 19:02:28.788,1.21974,1.21981,1.00,1.69
2017.05.01 19:02:29.297,1.21974,1.21979,1.00,1.19
2017.05.01 19:02:30.594,1.21973,1.2198,1.00,2.25
2017.05.01 19:02:32.538,1.21971,1.21975,1.87,1.25
2017.05.01 19:02:32.844,1.21969,1.21975,1.00,2.44
2017.05.01 19:02:33.164,1.21969,1.21973,1.12,1.56
2017.05.01 19:02:34.006,1.21969,1.21973,1.12,1.00
2017.05.01 19:02:35.987,1.21969,1.21974,1.12,1.50
2017.05.01 19:02:37.612,1.21969,1.21976,1.00,3.19
2017.05.01 19:02:38.221,1.2197,1.21976,1.00,3.94
2017.05.01 19:02:39.338,1.21969,1.21975,1.12,1.12
2017.05.01 19:02:41.025,1.21967,1.21975,1.87,3.37
2017.05.01 19:02:43.305,1.21967,1.21974,1.87,1.00
2017.05.01 19:02:43.434,1.21969,1.21975,1.37,2.25
2017.05.01 19:02:44.052,1.21969,1.21976,1.00,2.06
2017.05.01 19:02:44.590,1.21969,1.21975,1.12,1.00
2017.05.01 19:02:45.119,1.21968,1.21974,1.37,1.00
2017.05.01 19:02:46.003,1.21968,1.21973,1.37,1.00
2017.05.01 19:02:46.510,1.21968,1.21974,1.00,1.50
2017.05.01 19:02:48.229,1.21968,1.21974,1.37,1.00
2017.05.01 19:02:48.686,1.2197,1.21977,1.12,5.06
2017.05.01 19:02:49.101,1.21968,1.21975,1.12,1.12
2017.05.01 19:02:50.857,1.21968,1.21973,1.12,1.00
2017.05.01 19:02:51.372,1.21968,1.21975,1.12,3.75
2017.05.01 19:02:51.897,1.21968,1.21974,1.12,1.50
2017.05.01 19:02:53.972,1.21968,1.21975,1.12,4.16
2017.05.01 19:02:54.477,1.21968,1.21974,1.37,1.00
2017.05.01 19:02:54.991,1.21968,1.21975,2.62,3.37
2017.05.01 19:02:55.499,1.2197,1.21977,1.12,2.44
2017.05.01 19:02:56.022,1.2197,1.21977,1.37,1.00
2017.05.01 19:02:56.587,1.21972,1.21978,1.00,1.12
2017.05.01 19:02:59.024,1.21972,1.21978,1.37,1.00
2017.05.01 19:02:59.403,1.21972,1.21978,1.37,1.19
2017.05.01 19:03:00.687,1.21972,1.21976,1.00,1.25
2017.05.01 19:03:01.430,1.21971,1.21976,1.00,1.12
2017.05.01 19:03:02.041,1.2197,1.21976,1.12,1.25
2017.05.01 19:03:02.700,1.2197,1.21975,1.12,1.00
2017.05.01 19:03:02.810,1.21972,1.21977,1.12,1.31
2017.05.01 19:03:04.553,1.21973,1.21979,1.00,2.44
2017.05.01 19:03:05.075,1.21972,1.21979,1.12,3.94
2017.05.01 19:03:09.042,1.21971,1.21978,1.12,1.31
2017.05.01 19:03:09.811,1.21969,1.21977,2.25,2.44
2017.05.01 19:03:12.244,1.21969,1.21977,1.37,1.31
2017.05.01 19:03:15.805,1.21974,1.21978,1.00,2.06
2017.05.01 19:03:15.857,1.21976,1.21981,1.12,3.75
2017.05.01 19:03:15.959,1.21978,1.21982,1.00,1.75
2017.05.01 19:03:16.063,1.21975,1.21982,2.25,1.37
2017.05.01 19:03:16.613,1.21974,1.21982,1.00,1.31
2017.05.01 19:03:17.211,1.21973,1.21982,1.87,2.06
2017.05.01 19:03:18.083,1.21973,1.21981,1.87,1.19
2017.05.01 19:03:18.586,1.21974,1.21982,1.50,2.06
2017.05.01 19:03:31.532,1.21973,1.21981,4.12,1.69
2017.05.01 19:03:33.450,1.21973,1.21981,1.87,1.69
2017.05.01 19:03:33.959,1.21972,1.2198,1.87,1.19
2017.05.01 19:03:35.040,1.21972,1.21981,1.87,3.37
2017.05.01 19:03:37.156,1.21972,1.2198,1.87,1.19
2017.05.01 19:03:38.532,1.21972,1.21981,2.62,2.06
2017.05.01 19:03:39.118,1.21973,1.21976,3.00,1.00
2017.05.01 19:03:39.221,1.21969,1.21976,2.70,2.25
2017.05.01 19:03:39.273,1.21969,1.21975,1.20,1.25
2017.05.01 19:03:39.598,1.21968,1.21974,1.37,4.31
2017.05.01 19:03:39.751,1.21967,1.21972,1.00,1.19
2017.05.01 19:03:40.267,1.21965,1.21973,1.37,4.69
2017.05.01 19:03:40.825,1.21965,1.21972,1.37,1.19
2017.05.01 19:03:41.891,1.21965,1.21972,3.75,1.19
2017.05.01 19:03:41.943,1.21965,1.21973,6.19,1.00
2017.05.01 19:03:42.095,1.21966,1.21975,1.37,1.31
2017.05.01 19:03:43.474,1.21967,1.21975,2.62,1.25
2017.05.01 19:03:43.677,1.21967,1.21975,1.37,1.25
2017.05.01 19:03:44.343,1.21967,1.21976,3.19,1.25
2017.05.01 19:03:44.851,1.21968,1.21977,1.62,1.50
2017.05.01 19:03:45.551,1.2197,1.21979,2.06,1.87
2017.05.01 19:03:45.602,1.21972,1.21979,1.12,1.12
2017.05.01 19:03:46.124,1.21973,1.21981,1.37,1.69
2017.05.01 19:03:47.569,1.21975,1.21983,1.00,1.37
2017.05.01 19:03:47.620,1.21975,1.21983,1.00,1.12
2017.05.01 19:03:48.374,1.21976,1.21983,1.00,1.12
2017.05.01 19:03:48.913,1.21976,1.21983,1.12,1.50
2017.05.01 19:03:50.101,1.21974,1.2198,1.37,1.87
2017.05.01 19:03:50.561,1.21971,1.21975,1.87,1.50
2017.05.01 19:03:50.613,1.2197,1.21978,1.19,2.25
2017.05.01 19:03:50.715,1.21969,1.21975,1.12,1.19
2017.05.01 19:03:50.817,1.21968,1.21976,1.37,1.69
2017.05.01 19:03:51.502,1.21968,1.21976,1.50,1.87
2017.05.01 19:03:54.323,1.21968,1.21976,1.56,1.50
2017.05.01 19:03:54.832,1.21968,1.21976,1.50,1.12
2017.05.01 19:03:54.986,1.21972,1.21979,1.00,1.12
2017.05.01 19:03:55.087,1.21972,1.2198,1.12,3.75
2017.05.01 19:03:55.614,1.21971,1.21979,1.00,1.00
2017.05.01 19:03:58.042,1.21972,1.21979,1.00,1.87
2017.05.01 19:03:58.676,1.21972,1.21979,1.37,1.12
2017.05.01 19:03:58.728,1.21975,1.21979,2.06,1.00
2017.05.01 19:03:58.910,1.21977,1.21984,1.37,1.87
2017.05.01 19:03:58.961,1.21977,1.21984,1.87,1.50
2017.05.01 19:03:59.537,1.21976,1.21984,1.37,1.69
2017.05.01 19:03:59.741,1.21977,1.21985,1.37,4.31
2017.05.01 19:04:00.242,1.21977,1.21985,1.50,2.81
2017.05.01 19:04:00.425,1.21977,1.21985,1.50,3.56
2017.05.01 19:04:00.947,1.21976,1.21984,1.37,3.94
2017.05.01 19:04:01.457,1.21975,1.21984,1.87,1.31
2017.05.01 19:04:01.766,1.21974,1.21982,5.81,1.19
2017.05.01 19:04:01.971,1.21975,1.21984,4.87,2.06
2017.05.01 19:04:02.519,1.21978,1.21986,1.37,2.44
2017.05.01 19:04:03.034,1.21978,1.21986,1.37,1.00
2017.05.01 19:04:03.540,1.21977,1.21985,2.06,1.00
2017.05.01 19:04:04.047,1.21979,1.21985,1.37,1.25
2017.05.01 19:04:04.099,1.2198,1.21985,1.56,1.00
2017.05.01 19:04:04.252,1.21983,1.21989,1.62,1.00
2017.05.01 19:04:04.354,1.21983,1.21992,1.62,2.62
2017.05.01 19:04:04.905,1.21984,1.21992,1.37,2.25
2017.05.01 19:04:05.652,1.21986,1.21993,1.00,1.12
2017.05.01 19:04:05.755,1.21985,1.21993,1.12,1.50
2017.05.01 19:04:06.325,1.21986,1.21993,1.00,1.00
2017.05.01 19:04:06.630,1.21984,1.21992,1.37,2.06
2017.05.01 19:04:06.992,1.21983,1.21991,1.12,1.25
2017.05.01 19:04:07.513,1.21982,1.21991,4.69,1.25
2017.05.01 19:04:08.018,1.21984,1.21992,2.06,1.00
2017.05.01 19:04:12.515,1.21984,1.21993,1.62,4.12
2017.05.01 19:04:13.019,1.21983,1.2199,1.00,3.75
2017.05.01 19:04:13.564,1.21981,1.2199,1.62,3.75
2017.05.01 19:04:13.768,1.21983,1.21991,1.12,1.69
2017.05.01 19:04:15.476,1.21983,1.21991,1.12,2.44
2017.05.01 19:04:16.061,1.21984,1.21991,1.37,1.69
2017.05.01 19:04:16.266,1.21985,1.21992,1.12,1.50
2017.05.01 19:04:30.554,1.21986,1.21993,1.31,1.00
2017.05.01 19:04:30.657,1.21986,1.21995,2.06,3.37
2017.05.01 19:04:31.207,1.21986,1.21994,2.06,1.00
2017.05.01 19:04:35.813,1.21988,1.21994,1.12,1.00
2017.05.01 19:04:36.066,1.21987,1.21996,4.16,2.44
2017.05.01 19:04:36.574,1.21989,1.21997,1.37,2.81
2017.05.01 19:04:37.484,1.21989,1.21997,1.12,3.19
2017.05.01 19:04:39.211,1.21989,1.21997,1.37,3.19
2017.05.01 19:04:39.718,1.2199,1.21995,1.12,1.00
2017.05.01 19:04:40.234,1.2199,1.21997,1.00,3.19
2017.05.01 19:04:40.971,1.21989,1.21997,1.00,3.94
2017.05.01 19:04:41.475,1.21988,1.21995,1.37,1.00
2017.05.01 19:04:41.985,1.21988,1.21997,1.37,3.19
2017.05.01 19:04:42.557,1.21988,1.21997,1.37,1.69
2017.05.01 19:04:45.642,1.21989,1.21997,1.37,3.19
2017.05.01 19:04:45.693,1.21988,1.21995,1.00,1.00
2017.05.01 19:04:45.846,1.21987,1.21995,4.12,1.19
2017.05.01 19:04:46.371,1.21987,1.21995,6.22,1.19
2017.05.01 19:04:47.497,1.21987,1.21994,6.22,1.25
2017.05.01 19:04:50.119,1.21989,1.21994,1.12,1.00
2017.05.01 19:04:50.171,1.21988,1.21996,1.37,1.69
2017.05.01 19:04:50.697,1.21988,1.21996,1.50,1.69
2017.05.01 19:04:51.710,1.21988,1.21995,1.37,1.25
2017.05.01 19:04:52.225,1.21988,1.21993,1.37,1.00
2017.05.01 19:04:55.632,1.21988,1.21994,1.37,1.00
2017.05.01 19:04:56.219,1.21988,1.21996,1.37,2.06
2017.05.01 19:04:56.904,1.21988,1.21994,1.12,1.00
2017.05.01 19:04:57.597,1.21988,1.21994,1.37,1.00
2017.05.01 19:04:58.344,1.21987,1.21993,3.00,1.00
2017.05.01 19:04:58.934,1.21987,1.21993,2.62,1.00
2017.05.01 19:04:59.652,1.21987,1.21993,2.62,1.19
2017.05.01 19:05:00.383,1.21987,1.21993,2.62,1.00
2017.05.01 19:05:00.942,1.21987,1.21993,3.37,1.19
2017.05.01 19:05:01.096,1.21987,1.21991,1.00,1.19
2017.05.01 19:05:01.147,1.21987,1.21991,1.00,1.25
2017.05.01 19:05:01.301,1.21983,1.21991,1.37,1.25
2017.05.01 19:05:02.051,1.21985,1.21993,1.37,3.94
2017.05.01 19:05:05.575,1.21985,1.21992,1.00,1.69
2017.05.01 19:05:06.076,1.21984,1.21992,1.12,1.69
2017.05.01 19:05:06.584,1.21985,1.21993,3.00,2.44
2017.05.01 19:05:06.920,1.21985,1.21994,2.25,3.75
2017.05.01 19:05:07.479,1.21984,1.21993,3.00,4.69
2017.05.01 19:05:13.717,1.21984,1.21992,3.56,1.00
2017.05.01 19:05:19.658,1.21984,1.2199,1.69,1.00
2017.05.01 19:05:21.629,1.21985,1.21991,1.66,1.00
2017.05.01 19:05:21.782,1.21985,1.21993,2.44,1.12
2017.05.01 19:05:22.303,1.21985,1.21992,2.81,1.00
2017.05.01 19:05:31.539,1.21985,1.21992,1.69,1.19
2017.05.01 19:05:32.083,1.21985,1.21992,1.56,1.00
2017.05.01 19:05:34.225,1.21986,1.21993,1.56,1.50
2017.05.01 19:05:35.155,1.21985,1.21992,2.81,1.00
2017.05.01 19:05:35.206,1.21985,1.21992,1.69,1.00
2017.05.01 19:05:37.695,1.21984,1.21992,1.69,1.12
2017.05.01 19:05:38.357,1.21984,1.21991,1.62,1.12
2017.05.01 19:05:43.030,1.21984,1.21989,1.12,1.00
2017.05.01 19:05:43.338,1.21976,1.21983,1.75,1.50
2017.05.01 19:05:43.491,1.21974,1.21983,2.81,1.50
2017.05.01 19:05:43.657,1.21975,1.21981,1.25,1.00
2017.05.01 19:05:44.004,1.21969,1.21975,1.81,1.00
2017.05.01 19:05:44.845,1.21968,1.21975,1.66,1.50
2017.05.01 19:05:46.798,1.21967,1.21975,1.37,2.81
2017.05.01 19:05:46.951,1.21965,1.21973,1.87,2.25
2017.05.01 19:05:53.841,1.21966,1.21973,1.56,1.00
2017.05.01 19:05:54.045,1.21967,1.21976,2.06,3.19
2017.05.01 19:05:54.575,1.21967,1.21973,1.25,1.00
2017.05.01 19:06:01.183,1.21965,1.21973,1.50,1.12
2017.05.01 19:06:01.336,1.21965,1.21972,1.12,1.50
2017.05.01 19:06:08.481,1.21963,1.21971,1.00,1.12
2017.05.01 19:06:08.992,1.21962,1.21971,3.00,1.12
2017.05.01 19:06:10.584,1.21962,1.21971,3.75,1.87
2017.05.01 19:06:13.959,1.21963,1.21972,1.00,3.00
2017.05.01 19:06:15.051,1.21963,1.2197,1.25,1.00
2017.05.01 19:06:15.702,1.21963,1.21971,1.25,1.12
2017.05.01 19:06:16.222,1.21963,1.2197,1.25,1.00
2017.05.01 19:06:17.965,1.21962,1.2197,2.25,1.00
2017.05.01 19:06:18.676,1.21962,1.21971,1.50,2.25
2017.05.01 19:06:19.321,1.21962,1.2197,1.50,1.00
2017.05.01 19:06:19.994,1.21962,1.21971,1.50,3.00
2017.05.01 19:06:20.596,1.21962,1.2197,1.50,1.00
2017.05.01 19:06:21.315,1.21962,1.21971,1.50,3.00
2017.05.01 19:06:22.502,1.21962,1.2197,1.50,1.00
2017.05.01 19:06:23.296,1.21962,1.21971,1.50,2.25
2017.05.01 19:06:29.437,1.21962,1.21971,1.50,1.69
2017.05.01 19:06:30.753,1.21962,1.21971,3.00,1.69
2017.05.01 19:06:32.258,1.21962,1.2197,2.25,3.75
2017.05.01 19:06:32.310,1.21961,1.21969,2.06,1.19
2017.05.01 19:06:34.931,1.2196,1.21968,1.50,1.69
2017.05.01 19:06:35.457,1.21959,1.21967,1.87,1.25
2017.05.01 19:06:35.992,1.21958,1.21967,1.50,1.31
2017.05.01 19:06:36.499,1.21958,1.21967,1.50,1.12
2017.05.01 19:06:37.217,1.21958,1.21967,1.50,4.12
2017.05.01 19:06:37.608,1.21958,1.21967,1.50,4.87
2017.05.01 19:06:38.117,1.21956,1.21965,1.37,1.00
2017.05.01 19:06:41.641,1.21957,1.21965,1.37,1.00
2017.05.01 19:06:41.693,1.21959,1.21968,1.37,4.31
2017.05.01 19:06:45.056,1.21959,1.21967,1.12,2.81
2017.05.01 19:06:45.209,1.21957,1.21964,1.87,1.50
2017.05.01 19:06:45.574,1.21955,1.21963,2.25,1.25
2017.05.01 19:06:45.820,1.21955,1.2196,1.50,1.25
2017.05.01 19:06:45.973,1.21953,1.2196,1.50,1.25
2017.05.01 19:06:46.487,1.21952,1.2196,1.37,1.69
2017.05.01 19:06:47.874,1.21952,1.21959,1.37,1.00
2017.05.01 19:06:49.030,1.21952,1.2196,1.37,3.19
2017.05.01 19:06:50.974,1.21951,1.21958,1.62,1.00
2017.05.01 19:06:51.623,1.21951,1.21959,1.37,1.69
2017.05.01 19:06:51.803,1.21951,1.21959,1.12,1.50
2017.05.01 19:06:53.744,1.21951,1.21958,1.12,1.00
2017.05.01 19:06:55.696,1.21951,1.21959,1.12,3.56
2017.05.01 19:06:55.949,1.21951,1.21957,1.12,1.00
2017.05.01 19:06:57.072,1.2195,1.21958,1.37,3.00
2017.05.01 19:06:57.582,1.2195,1.21957,1.37,1.00
2017.05.01 19:06:58.110,1.2195,1.21958,1.37,2.25
2017.05.01 19:06:58.622,1.2195,1.21958,1.87,2.25
2017.05.01 19:07:03.389,1.21949,1.21958,2.06,1.50
2017.05.01 19:07:04.151,1.21949,1.21958,4.16,1.50
2017.05.01 19:07:04.686,1.2195,1.21959,4.54,1.50
2017.05.01 19:07:04.991,1.21956,1.21963,2.06,1.00
2017.05.01 19:07:05.093,1.21957,1.21965,1.37,2.25
2017.05.01 19:07:05.600,1.21956,1.21965,3.19,2.44
2017.05.01 19:07:05.651,1.21956,1.21963,1.69,1.00
2017.05.01 19:07:06.395,1.21956,1.21964,1.69,1.00
2017.05.01 19:07:06.700,1.21955,1.21961,1.00,1.00
2017.05.01 19:07:07.250,1.21953,1.2196,2.81,1.00
2017.05.01 19:07:09.132,1.21953,1.2196,2.89,1.00
2017.05.01 19:07:09.639,1.21954,1.2196,1.37,1.00
2017.05.01 19:07:10.601,1.21953,1.2196,1.87,1.00
2017.05.01 19:07:12.487,1.21954,1.21961,1.00,1.25
2017.05.01 19:07:16.745,1.21955,1.21961,1.31,1.00
2017.05.01 19:07:16.948,1.21955,1.21961,1.00,1.00
2017.05.01 19:07:17.475,1.21953,1.21961,1.37,1.12
2017.05.01 19:07:21.616,1.21953,1.21962,1.62,2.44
2017.05.01 19:07:22.156,1.21953,1.21962,2.81,1.50
2017.05.01 19:07:22.451,1.21953,1.2196,2.06,1.00
2017.05.01 19:07:22.569,1.21953,1.2196,1.31,1.00
2017.05.01 19:07:22.723,1.2195,1.21958,6.00,1.00
2017.05.01 19:07:22.876,1.2195,1.2196,6.00,1.00
2017.05.01 19:07:23.378,1.2195,1.21959,6.00,1.00
2017.05.01 19:07:24.221,1.21953,1.2196,1.12,1.50
2017.05.01 19:07:24.743,1.21952,1.2196,1.37,1.87
2017.05.01 19:07:25.320,1.21955,1.21962,2.66,2.25
2017.05.01 19:07:25.422,1.21955,1.21963,2.66,2.62
2017.05.01 19:07:25.930,1.21955,1.21963,3.94,1.00
2017.05.01 19:07:26.536,1.21954,1.21962,3.19,1.00
2017.05.01 19:07:28.035,1.21954,1.21962,1.31,1.00
2017.05.01 19:07:28.086,1.21954,1.21962,2.62,1.00
2017.05.01 19:07:28.603,1.21955,1.21963,1.56,1.00
2017.05.01 19:07:30.215,1.21955,1.21963,1.12,1.00
2017.05.01 19:07:30.734,1.21952,1.21959,3.00,1.00
2017.05.01 19:07:30.836,1.21952,1.2196,1.12,2.25
2017.05.01 19:07:32.449,1.2195,1.2196,2.81,3.75
2017.05.01 19:07:33.464,1.2195,1.21959,5.06,1.00
2017.05.01 19:07:34.591,1.2195,1.21959,2.06,1.00
2017.05.01 19:07:35.131,1.2195,1.2196,4.31,3.19
2017.05.01 19:07:36.173,1.21951,1.21959,1.37,1.00
2017.05.01 19:07:36.742,1.21951,1.2196,1.37,3.75
2017.05.01 19:07:37.263,1.21951,1.21959,1.87,1.00
2017.05.01 19:07:41.781,1.21951,1.2196,1.87,3.37
2017.05.01 19:07:42.059,1.21952,1.2196,1.87,1.87
2017.05.01 19:07:43.193,1.21953,1.21959,2.62,1.00
2017.05.01 19:07:43.703,1.21953,1.21959,1.37,1.00
2017.05.01 19:07:44.220,1.21953,1.21959,1.87,1.00
2017.05.01 19:07:44.526,1.21953,1.2196,4.87,1.00
2017.05.01 19:07:46.194,1.21956,1.21962,1.37,1.00
2017.05.01 19:07:46.246,1.21958,1.21964,1.12,1.12
2017.05.01 19:07:46.348,1.21958,1.21966,1.87,1.50
2017.05.01 19:07:47.899,1.2196,1.21968,1.12,1.87
2017.05.01 19:07:48.001,1.21959,1.21966,2.81,1.00
2017.05.01 19:07:49.503,1.2196,1.21968,2.62,1.00
2017.05.01 19:07:49.808,1.21962,1.21968,1.37,1.00
2017.05.01 19:07:51.734,1.21962,1.21968,3.37,1.00
2017.05.01 19:07:51.785,1.21964,1.2197,1.12,1.00
2017.05.01 19:07:51.888,1.21965,1.21972,2.06,1.00
2017.05.01 19:07:52.194,1.21964,1.2197,1.37,1.25
2017.05.01 19:07:52.347,1.21965,1.21972,1.12,1.25
2017.05.01 19:07:53.409,1.21965,1.21971,1.12,1.44
2017.05.01 19:07:53.562,1.21963,1.2197,1.00,1.25
2017.05.01 19:07:54.088,1.21963,1.2197,1.37,1.25
2017.05.01 19:07:56.291,1.21964,1.2197,1.37,1.25
2017.05.01 19:07:58.137,1.21964,1.21969,1.37,1.00
2017.05.01 19:08:01.656,1.21965,1.2197,1.00,1.00
2017.05.01 19:08:03.658,1.21964,1.21969,1.37,1.19
2017.05.01 19:08:04.221,1.21962,1.21968,3.37,1.19
2017.05.01 19:08:04.425,1.21962,1.21969,5.62,1.00
2017.05.01 19:08:04.679,1.21965,1.21971,2.62,1.00
2017.05.01 19:08:04.730,1.21965,1.21971,1.87,1.00
2017.05.01 19:08:06.107,1.21965,1.21972,2.25,1.00
2017.05.01 19:08:06.228,1.21968,1.21975,1.12,2.25
2017.05.01 19:08:06.280,1.21969,1.21975,1.87,1.00
2017.05.01 19:08:06.836,1.21969,1.21974,2.62,1.00
2017.05.01 19:08:07.146,1.21969,1.21976,1.87,1.00
2017.05.01 19:08:07.654,1.21968,1.21975,2.06,1.25
2017.05.01 19:08:09.109,1.21969,1.21975,1.12,1.00
2017.05.01 19:08:09.365,1.2197,1.21977,1.31,1.50
2017.05.01 19:08:09.621,1.21971,1.21977,1.37,1.00
2017.05.01 19:08:11.508,1.21971,1.21979,1.87,1.50
2017.05.01 19:08:13.899,1.21971,1.21978,1.37,1.00
2017.05.01 19:08:13.950,1.21971,1.21978,1.12,1.50
2017.05.01 19:08:15.517,1.2197,1.21976,1.50,1.00
2017.05.01 19:08:16.027,1.21968,1.21976,1.69,1.25
2017.05.01 19:08:20.555,1.21968,1.21976,2.25,1.00
2017.05.01 19:08:21.574,1.21969,1.21977,1.56,1.00
2017.05.01 19:08:28.566,1.2197,1.21976,1.56,1.00
2017.05.01 19:08:31.771,1.21971,1.21976,1.91,1.00
2017.05.01 19:08:32.349,1.21971,1.21976,1.19,1.00
2017.05.01 19:08:34.447,1.21971,1.21977,1.31,1.00
2017.05.01 19:08:34.748,1.21973,1.21979,2.10,1.00
2017.05.01 19:08:36.595,1.21973,1.21978,2.44,1.00
2017.05.01 19:08:36.748,1.21972,1.21978,1.50,1.00
2017.05.01 19:08:36.799,1.21971,1.21976,3.56,1.00
2017.05.01 19:08:36.851,1.21971,1.21975,1.25,1.00
2017.05.01 19:08:37.385,1.2197,1.21975,2.06,1.00
2017.05.01 19:08:38.064,1.21967,1.21972,3.19,1.00
2017.05.01 19:08:38.576,1.21966,1.2197,1.19,1.00
2017.05.01 19:08:39.125,1.21965,1.2197,2.25,1.00
2017.05.01 19:08:39.176,1.21964,1.21968,1.50,1.00
2017.05.01 19:08:39.843,1.21963,1.21968,4.50,1.00
2017.05.01 19:08:42.204,1.21964,1.21968,1.62,1.00
2017.05.01 19:08:44.185,1.21962,1.21967,2.06,1.00
2017.05.01 19:08:55.015,1.21962,1.21967,1.87,1.00
2017.05.01 19:08:57.595,1.21961,1.21967,4.72,1.00
2017.05.01 19:09:01.830,1.21962,1.21967,4.50,1.00
2017.05.01 19:09:04.199,1.21961,1.21967,8.25,1.00
2017.05.01 19:09:17.791,1.21962,1.21967,1.87,1.00
2017.05.01 19:09:18.304,1.21962,1.21967,1.12,1.00
2017.05.01 19:09:23.422,1.21961,1.21965,1.50,1.00
2017.05.01 19:09:23.795,1.21961,1.21965,1.37,1.00
2017.05.01 19:09:24.385,1.21961,1.21965,1.37,1.00
2017.05.01 19:09:31.636,1.21961,1.21969,2.06,1.00
2017.05.01 19:09:31.687,1.21961,1.21965,2.06,1.00
2017.05.01 19:09:31.992,1.21961,1.21965,2.06,1.00
2017.05.01 19:09:33.479,1.21961,1.21965,4.31,1.00
2017.05.01 19:09:34.011,1.21961,1.21965,5.81,1.00
2017.05.01 19:09:34.728,1.21961,1.21965,5.06,1.00
2017.05.01 19:09:37.946,1.21961,1.21964,1.00,1.00
2017.05.01 19:09:38.456,1.21961,1.21963,1.00,1.00
2017.05.01 19:09:40.567,1.2196,1.21963,1.00,1.00
2017.05.01 19:09:40.874,1.21958,1.21961,1.25,1.00
2017.05.01 19:09:41.576,1.21959,1.21962,1.37,1.00
2017.05.01 19:09:42.488,1.21958,1.21962,1.69,1.00
2017.05.01 19:09:43.191,1.21958,1.21961,1.25,1.00
2017.05.01 19:09:43.900,1.2196,1.21967,1.91,1.50
2017.05.01 19:09:43.951,1.21961,1.21965,4.91,1.00
2017.05.01 19:09:44.003,1.21963,1.21966,1.12,1.00
2017.05.01 19:09:44.054,1.21962,1.21967,2.81,1.00
2017.05.01 19:09:44.562,1.21966,1.21969,1.00,1.00
2017.05.01 19:09:44.903,1.21966,1.2197,1.12,1.00
2017.05.01 19:09:45.543,1.21965,1.2197,5.29,1.00
2017.05.01 19:09:46.896,1.21966,1.2197,1.25,1.00
2017.05.01 19:09:50.206,1.21965,1.21969,1.12,1.00
2017.05.01 19:09:50.562,1.21963,1.21967,1.62,1.00
2017.05.01 19:09:51.602,1.21963,1.21967,1.87,1.00
2017.05.01 19:09:51.654,1.21963,1.21968,3.37,1.00
2017.05.01 19:09:52.183,1.21964,1.21968,1.00,1.00
2017.05.01 19:09:54.085,1.21962,1.21968,4.50,1.00
2017.05.01 19:09:54.854,1.21962,1.21967,2.25,1.00
2017.05.01 19:09:55.773,1.21962,1.21967,1.50,1.00
2017.05.01 19:09:55.995,1.21962,1.21966,1.00,1.00
2017.05.01 19:09:56.504,1.21961,1.21965,1.87,1.00
2017.05.01 19:09:58.798,1.21961,1.21964,1.12,1.00
2017.05.01 19:10:00.162,1.21961,1.21965,1.87,1.00
2017.05.01 19:10:00.681,1.21961,1.21965,1.87,1.00
2017.05.01 19:10:01.224,1.21962,1.21965,1.00,1.00
2017.05.01 19:10:02.973,1.21962,1.21966,2.62,1.00
2017.05.01 19:10:04.412,1.21963,1.21967,1.50,1.00
2017.05.01 19:10:08.617,1.21963,1.21966,1.87,1.00
2017.05.01 19:10:09.669,1.21963,1.21967,2.62,1.00
2017.05.01 19:10:10.180,1.21962,1.21967,3.00,1.00
2017.05.01 19:10:14.209,1.21963,1.21967,1.00,1.00
2017.05.01 19:10:14.934,1.21962,1.21967,1.12,1.00
2017.05.01 19:10:15.502,1.21961,1.21966,3.94,1.00
2017.05.01 19:10:16.611,1.21963,1.21968,3.00,1.00
2017.05.01 19:10:17.724,1.21964,1.21968,4.31,1.00
2017.05.01 19:10:18.046,1.21965,1.21968,2.44,1.00
2017.05.01 19:10:18.596,1.21965,1.21969,2.44,1.00
2017.05.01 19:10:19.278,1.21967,1.21969,1.00,1.00
2017.05.01 19:10:19.816,1.21966,1.21969,1.25,1.00
2017.05.01 19:10:28.682,1.21965,1.21969,1.50,1.00
2017.05.01 19:10:29.190,1.21964,1.21968,1.12,1.00
2017.05.01 19:10:30.532,1.21963,1.21967,1.62,1.00
2017.05.01 19:10:31.046,1.21962,1.21966,2.62,1.00
2017.05.01 19:10:31.595,1.21962,1.21965,1.69,1.00
2017.05.01 19:10:33.430,1.21963,1.21966,1.50,1.00
2017.05.01 19:10:34.942,1.21963,1.21967,2.62,1.00
2017.05.01 19:10:38.127,1.21963,1.21966,1.00,1.00
2017.05.01 19:10:38.781,1.21962,1.21966,1.69,1.00
2017.05.01 19:10:39.320,1.21962,1.21966,5.47,1.00
2017.05.01 19:10:43.430,1.21964,1.21968,1.87,1.00
2017.05.01 19:10:48.490,1.21964,1.21968,3.56,1.00
2017.05.01 19:10:52.034,1.21965,1.2197,1.25,1.00
2017.05.01 19:10:52.303,1.21967,1.21971,1.19,1.12
2017.05.01 19:10:52.845,1.21967,1.2197,2.44,1.00
2017.05.01 19:10:53.402,1.21967,1.21972,4.50,1.00
2017.05.01 19:10:53.504,1.21968,1.21971,1.25,1.00
2017.05.01 19:10:53.854,1.21968,1.21973,1.31,1.00
2017.05.01 19:10:54.850,1.21968,1.21974,3.41,1.00
2017.05.01 19:10:54.901,1.2197,1.21974,1.00,1.00
2017.05.01 19:10:56.023,1.2197,1.21975,1.12,1.00
2017.05.01 19:11:01.677,1.21971,1.21975,1.00,1.00
2017.05.01 19:11:02.272,1.2197,1.21975,3.75,1.00
2017.05.01 19:11:03.751,1.2197,1.21972,1.00,1.00
2017.05.01 19:11:03.802,1.21968,1.21972,2.81,1.00
2017.05.01 19:11:04.737,1.21967,1.21971,3.00,1.00
2017.05.01 19:11:05.613,1.21967,1.21971,3.19,1.00
2017.05.01 19:11:05.685,1.21967,1.21971,3.00,1.00
2017.05.01 19:11:06.193,1.21967,1.21971,3.00,1.00
2017.05.01 19:11:07.213,1.21967,1.21971,2.62,1.00
2017.05.01 19:11:09.161,1.21968,1.21971,1.00,1.00
2017.05.01 19:11:09.865,1.21967,1.21971,3.94,1.00
2017.05.01 19:11:11.878,1.21967,1.21972,4.69,1.00
2017.05.01 19:11:13.043,1.21967,1.21971,4.31,1.00
2017.05.01 19:11:13.588,1.21967,1.21971,3.56,1.00
2017.05.01 19:11:16.623,1.21967,1.21971,2.06,1.00
2017.05.01 19:11:19.069,1.21967,1.21971,2.44,1.00
2017.05.01 19:11:21.746,1.21967,1.21971,1.25,1.00
2017.05.01 19:11:24.565,1.21967,1.21972,2.06,1.00
2017.05.01 19:11:28.918,1.21967,1.21972,6.22,1.00
2017.05.01 19:11:35.707,1.21969,1.21975,2.44,1.50
2017.05.01 19:11:35.759,1.21969,1.21972,3.04,1.00
2017.05.01 19:11:36.314,1.2197,1.21973,1.00,1.00
2017.05.01 19:11:36.973,1.21968,1.21973,4.69,1.00
2017.05.01 19:11:44.243,1.2197,1.21973,1.00,1.00
2017.05.01 19:11:45.938,1.21968,1.21973,6.19,1.00
2017.05.01 19:11:47.441,1.21968,1.21972,3.94,1.00
2017.05.01 19:11:48.222,1.21968,1.21972,1.69,1.00
2017.05.01 19:11:54.236,1.21968,1.21971,1.69,1.00
2017.05.01 19:11:54.768,1.21968,1.2197,1.00,1.00
2017.05.01 19:11:55.323,1.21968,1.21971,1.00,1.00
2017.05.01 19:12:01.920,1.21968,1.2197,1.00,1.00
2017.05.01 19:12:05.220,1.21967,1.2197,6.60,1.00
2017.05.01 19:12:06.088,1.21968,1.2197,1.00,1.00
2017.05.01 19:12:06.392,1.21963,1.21967,1.50,2.29
2017.05.01 19:12:06.494,1.21958,1.21961,24.00,1.00
2017.05.01 19:12:07.196,1.21956,1.2196,3.19,1.00
2017.05.01 19:12:07.745,1.21956,1.21959,2.06,1.00
2017.05.01 19:12:07.924,1.21955,1.21958,1.00,1.00
2017.05.01 19:12:08.462,1.21953,1.21958,5.06,1.00
2017.05.01 19:12:08.636,1.21954,1.21957,1.31,1.00
2017.05.01 19:12:09.339,1.21952,1.21955,2.06,1.00
2017.05.01 19:12:09.847,1.21951,1.21955,2.06,1.00
2017.05.01 19:12:10.344,1.2195,1.21954,1.87,1.00
2017.05.01 19:12:10.869,1.21951,1.21955,1.87,1.00
2017.05.01 19:12:11.169,1.2195,1.21954,3.00,1.00
2017.05.01 19:12:11.679,1.2195,1.21954,4.50,1.00
2017.05.01 19:12:14.306,1.2195,1.21954,5.25,1.00
2017.05.01 19:12:17.305,1.2195,1.21954,3.75,1.00
2017.05.01 19:12:20.244,1.2195,1.21954,1.44,1.00
2017.05.01 19:12:20.779,1.21949,1.21953,3.37,1.00
2017.05.01 19:12:21.283,1.21948,1.21952,1.31,1.00
2017.05.01 19:12:28.685,1.2195,1.21952,1.25,1.00
2017.05.01 19:12:28.736,1.2195,1.21953,1.69,1.00
2017.05.01 19:12:29.259,1.21951,1.21954,1.00,1.00
2017.05.01 19:12:30.092,1.21951,1.21954,1.85,1.00
2017.05.01 19:12:30.143,1.21954,1.21957,1.20,1.00
2017.05.01 19:12:30.196,1.21954,1.21958,1.91,1.00
2017.05.01 19:12:30.544,1.21954,1.21957,1.31,1.00
2017.05.01 19:12:30.697,1.21954,1.21958,2.81,1.00
2017.05.01 19:12:30.799,1.21954,1.21957,1.69,1.00
2017.05.01 19:12:31.054,1.21955,1.21958,1.19,1.00
2017.05.01 19:12:36.112,1.21955,1.2196,1.69,1.00
2017.05.01 19:12:36.996,1.21955,1.21959,3.19,1.00
2017.05.01 19:12:38.311,1.21956,1.21959,1.50,1.00
2017.05.01 19:12:39.307,1.21956,1.21959,1.12,1.00
2017.05.01 19:12:41.769,1.21955,1.21959,2.62,1.00
2017.05.01 19:12:42.365,1.21955,1.21958,1.87,1.00
2017.05.01 19:12:43.536,1.21954,1.21958,1.12,1.00
2017.05.01 19:12:43.842,1.21952,1.21956,1.87,1.00
2017.05.01 19:12:44.950,1.21951,1.21955,3.00,1.00
2017.05.01 19:12:45.458,1.21953,1.21957,1.62,1.00
2017.05.01 19:12:46.310,1.21952,1.21956,1.56,1.00
2017.05.01 19:12:46.867,1.21952,1.21957,1.56,1.00
2017.05.01 19:12:48.288,1.21952,1.21957,1.37,1.00
2017.05.01 19:12:48.591,1.2195,1.21953,1.62,1.00
2017.05.01 19:12:48.643,1.2195,1.21953,1.31,1.00
2017.05.01 19:12:49.166,1.21949,1.21953,3.19,1.00
2017.05.01 19:12:49.370,1.21949,1.21952,1.31,1.00
2017.05.01 19:12:51.139,1.21949,1.21953,2.06,1.00
2017.05.01 19:12:55.840,1.21949,1.21953,2.06,1.00
2017.05.01 19:12:56.360,1.21951,1.21955,1.50,1.00
2017.05.01 19:12:57.064,1.21951,1.21955,2.62,1.00
2017.05.01 19:12:57.216,1.21951,1.21956,1.00,1.25
2017.05.01 19:12:57.370,1.21948,1.21952,1.00,1.00
2017.05.01 19:12:57.855,1.21947,1.2195,2.06,1.00
2017.05.01 19:12:58.377,1.21947,1.21951,1.62,1.00
2017.05.01 19:13:00.448,1.21947,1.21949,1.25,1.00
2017.05.01 19:13:00.853,1.21945,1.21948,4.69,1.00
2017.05.01 19:13:01.354,1.21945,1.21948,2.06,1.00
2017.05.01 19:13:01.457,1.21945,1.21948,1.69,1.00
2017.05.01 19:13:01.965,1.21945,1.21948,1.62,1.00
2017.05.01 19:13:02.588,1.21944,1.21947,4.69,1.00
2017.05.01 19:13:03.141,1.21945,1.21948,1.62,1.00
2017.05.01 19:13:03.813,1.21944,1.21947,1.12,1.00
2017.05.01 19:13:04.893,1.21942,1.21946,2.06,1.00
2017.05.01 19:13:05.403,1.21942,1.21946,1.31,1.00
2017.05.01 19:13:07.559,1.2194,1.21945,2.44,1.00
2017.05.01 19:13:08.029,1.2194,1.21944,1.62,1.00
2017.05.01 19:13:11.318,1.21939,1.21942,1.50,1.00
2017.05.01 19:13:11.421,1.21939,1.21943,1.00,1.00
2017.05.01 19:13:11.931,1.21939,1.21943,1.37,1.00
2017.05.01 19:13:12.891,1.21939,1.21943,2.81,1.00
2017.05.01 19:13:13.045,1.21941,1.21944,1.00,1.00
2017.05.01 19:13:13.250,1.21944,1.21949,2.81,1.00
2017.05.01 19:13:13.404,1.21946,1.21949,1.00,1.00
2017.05.01 19:13:13.455,1.21946,1.2195,1.50,1.00
2017.05.01 19:13:14.644,1.21947,1.21951,1.87,1.00
2017.05.01 19:13:15.164,1.21947,1.21952,1.69,1.00
2017.05.01 19:13:15.570,1.21947,1.21951,2.06,1.00
2017.05.01 19:13:16.187,1.21947,1.21951,2.06,1.00
2017.05.01 19:13:16.746,1.21947,1.2195,1.69,1.00
2017.05.01 19:13:17.272,1.21945,1.2195,4.31,1.00
2017.05.01 19:13:17.689,1.21947,1.21952,1.87,1.00
2017.05.01 19:13:17.741,1.21947,1.21954,1.87,1.50
2017.05.01 19:13:17.793,1.21947,1.2195,2.25,1.00
2017.05.01 19:13:18.310,1.21944,1.21949,7.31,1.00
2017.05.01 19:13:18.616,1.21944,1.21948,3.56,1.00
2017.05.01 19:13:18.667,1.21944,1.21945,1.00,1.00
2017.05.01 19:13:18.878,1.21934,1.2194,2.81,3.37
2017.05.01 19:13:18.929,1.21933,1.21936,1.50,1.87
2017.05.01 19:13:18.981,1.21928,1.21933,2.25,1.60
2017.05.01 19:13:19.084,1.21929,1.21933,1.25,1.19
2017.05.01 19:13:19.237,1.21927,1.21929,1.31,1.00
2017.05.01 19:13:21.217,1.21927,1.21934,1.31,1.69
2017.05.01 19:13:21.421,1.21925,1.21928,1.12,1.00
2017.05.01 19:13:22.345,1.21924,1.21927,1.50,1.00
2017.05.01 19:13:23.434,1.21923,1.21927,1.12,1.00
2017.05.01 19:13:24.324,1.21922,1.21926,3.19,1.00
2017.05.01 19:13:26.509,1.21921,1.21925,2.06,1.00
2017.05.01 19:13:28.827,1.2192,1.21926,6.56,1.00
2017.05.01 19:13:30.601,1.21921,1.21924,1.12,1.00
2017.05.01 19:13:31.203,1.2192,1.21924,1.62,1.00
2017.05.01 19:13:32.301,1.2192,1.21924,1.25,1.00
2017.05.01 19:13:32.736,1.2192,1.21925,2.06,1.00
2017.05.01 19:13:33.253,1.2192,1.21924,1.69,1.00
2017.05.01 19:13:33.406,1.21919,1.21923,1.31,1.00
2017.05.01 19:13:33.508,1.21919,1.21923,2.44,1.00
2017.05.01 19:13:36.057,1.2192,1.21924,1.56,1.00
2017.05.01 19:13:41.315,1.21923,1.21926,2.25,1.00
2017.05.01 19:13:41.861,1.21924,1.21927,2.25,1.00
2017.05.01 19:13:42.390,1.21924,1.21927,1.37,1.00
2017.05.01 19:13:42.896,1.21924,1.21928,3.75,1.00
2017.05.01 19:13:43.405,1.21925,1.21929,2.44,1.00
2017.05.01 19:13:44.488,1.21925,1.2193,2.44,1.00
2017.05.01 19:13:46.315,1.21925,1.2193,4.31,1.00
2017.05.01 19:13:46.367,1.21925,1.21933,2.25,2.62
2017.05.01 19:13:46.477,1.21924,1.21926,1.12,1.00
2017.05.01 19:13:46.530,1.21923,1.21925,2.25,1.00
2017.05.01 19:13:47.039,1.2192,1.21924,4.87,1.00
2017.05.01 19:13:47.347,1.2192,1.21924,1.50,1.00
2017.05.01 19:13:47.450,1.21922,1.21926,1.56,1.00
2017.05.01 19:13:47.501,1.21922,1.21927,3.56,1.00
2017.05.01 19:13:48.536,1.21925,1.21928,1.00,1.00
2017.05.01 19:13:51.523,1.21923,1.21927,2.06,1.00
2017.05.01 19:13:52.030,1.21922,1.21926,4.50,1.00
2017.05.01 19:13:54.385,1.21922,1.21926,1.50,1.00
2017.05.01 19:13:56.951,1.21923,1.21927,1.37,1.00
2017.05.01 19:13:57.863,1.21924,1.21927,2.25,1.00
2017.05.01 19:13:58.365,1.21925,1.21927,1.00,1.00
2017.05.01 19:13:59.406,1.21924,1.21928,2.62,1.00
2017.05.01 19:13:59.617,1.21923,1.21925,1.12,1.00
2017.05.01 19:13:59.821,1.21921,1.21929,2.44,1.19
2017.05.01 19:14:00.941,1.21921,1.21925,1.87,1.00
2017.05.01 19:14:01.461,1.21923,1.21926,1.37,1.00
2017.05.01 19:14:10.550,1.21922,1.21926,3.75,1.00
2017.05.01 19:14:10.601,1.21923,1.21927,4.87,1.00
2017.05.01 19:14:13.182,1.21925,1.21928,1.12,1.00
2017.05.01 19:14:13.285,1.21926,1.21928,1.00,1.00
2017.05.01 19:14:13.437,1.21924,1.21928,1.12,1.00
2017.05.01 19:14:13.990,1.21924,1.21928,1.37,1.00
2017.05.01 19:14:14.092,1.21924,1.21927,1.00,1.00
2017.05.01 19:14:18.291,1.21922,1.21929,2.62,1.00
2017.05.01 19:14:18.373,1.21922,1.21925,1.12,1.00
2017.05.01 19:14:18.834,1.21921,1.21926,5.62,1.00
2017.05.01 19:14:19.037,1.21921,1.21927,4.12,1.00
2017.05.01 19:14:20.400,1.21924,1.21928,1.87,1.00
2017.05.01 19:14:21.143,1.21925,1.21928,1.37,1.00
2017.05.01 19:14:21.657,1.21923,1.21927,1.12,1.00
2017.05.01 19:14:23.431,1.21923,1.21927,2.62,1.00
2017.05.01 19:14:25.483,1.21924,1.21928,1.87,1.00
2017.05.01 19:14:25.842,1.21926,1.2193,2.62,1.00
2017.05.01 19:14:26.419,1.21926,1.2193,1.00,1.00
2017.05.01 19:14:29.842,1.21926,1.2193,1.50,1.00
2017.05.01 19:14:29.894,1.21929,1.21932,1.00,1.00
2017.05.01 19:14:30.396,1.21929,1.21932,1.00,1.00
2017.05.01 19:14:32.370,1.21929,1.21932,1.37,1.00
2017.05.01 19:14:32.918,1.21931,1.21933,1.12,1.00
2017.05.01 19:14:36.617,1.21931,1.21934,1.37,1.00
2017.05.01 19:14:37.279,1.21931,1.21935,1.37,1.00
2017.05.01 19:14:37.782,1.21931,1.21938,1.87,1.19
2017.05.01 19:14:39.137,1.2193,1.21933,1.12,1.00
2017.05.01 19:14:39.477,1.2193,1.21933,1.37,1.00
2017.05.01 19:14:41.912,1.21928,1.21933,4.54,1.00
2017.05.01 19:14:42.406,1.21928,1.21933,6.04,1.00
2017.05.01 19:14:43.030,1.21929,1.21932,1.69,1.00
2017.05.01 19:14:47.958,1.21929,1.21932,1.69,1.00
2017.05.01 19:14:58.264,1.21928,1.21931,2.25,1.00
2017.05.01 19:15:00.555,1.21927,1.2193,1.87,1.00
2017.05.01 19:15:10.749,1.21927,1.21931,3.56,1.00
2017.05.01 19:15:16.767,1.21927,1.21931,3.94,1.00
2017.05.01 19:15:21.522,1.21926,1.2193,5.66,1.00
2017.05.01 19:15:24.599,1.21927,1.21935,3.94,2.44
2017.05.01 19:15:25.954,1.21929,1.21932,1.37,1.00
2017.05.01 19:15:30.749,1.21929,1.21932,1.37,1.00
2017.05.01 19:15:32.618,1.21928,1.21931,3.94,1.00
2017.05.01 19:15:33.498,1.21928,1.21931,1.50,1.19
2017.05.01 19:15:33.600,1.21923,1.21931,2.81,1.69
2017.05.01 19:15:33.702,1.21923,1.21926,1.00,1.00
2017.05.01 19:15:35.307,1.2192,1.21925,3.94,1.00
2017.05.01 19:15:35.815,1.2192,1.21925,5.06,1.00
2017.05.01 19:15:36.393,1.2192,1.21924,5.06,1.00
2017.05.01 19:15:37.896,1.21923,1.21927,1.37,1.00
2017.05.01 19:15:38.049,1.21922,1.21929,1.62,1.25
2017.05.01 19:15:38.891,1.2192,1.21929,4.31,1.69
2017.05.01 19:15:39.533,1.2192,1.21928,4.31,1.00
2017.05.01 19:15:42.379,1.2192,1.21929,2.81,1.69
2017.05.01 19:15:43.923,1.2192,1.21924,2.06,1.00
2017.05.01 19:15:43.974,1.2192,1.21924,1.50,1.00
2017.05.01 19:15:44.026,1.21919,1.21924,1.37,1.54
2017.05.01 19:15:44.432,1.21914,1.21918,1.31,1.00
2017.05.01 19:15:45.195,1.21918,1.21922,2.25,1.69
2017.05.01 19:15:45.601,1.21916,1.21919,1.69,1.00
2017.05.01 19:15:46.871,1.21915,1.21922,2.06,1.19
2017.05.01 19:15:47.980,1.21914,1.21917,1.69,1.00
2017.05.01 19:15:55.599,1.21918,1.21921,1.69,1.19
2017.05.01 19:15:55.650,1.2192,1.21922,1.00,1.00
2017.05.01 19:15:55.958,1.21919,1.21925,2.06,1.31
2017.05.01 19:15:58.752,1.21918,1.21921,2.06,1.00
2017.05.01 19:15:59.411,1.21919,1.21921,2.06,1.00
2017.05.01 19:15:59.974,1.21918,1.21921,2.06,1.00
2017.05.01 19:16:00.076,1.2192,1.21921,1.12,1.00
2017.05.01 19:16:00.127,1.21921,1.21925,1.37,1.25
2017.05.01 19:16:01.898,1.21925,1.21927,1.00,1.19
2017.05.01 19:16:02.399,1.21923,1.21927,4.69,1.19
2017.05.01 19:16:03.105,1.21923,1.21925,5.81,1.00
2017.05.01 19:16:03.532,1.21924,1.21927,3.56,1.00
2017.05.01 19:16:04.041,1.21924,1.2193,1.69,1.19
2017.05.01 19:16:04.692,1.21924,1.2193,2.81,1.19
2017.05.01 19:16:04.809,1.21924,1.2193,2.81,1.00
2017.05.01 19:16:04.860,1.21924,1.21927,1.62,1.00
2017.05.01 19:16:05.763,1.21923,1.21927,2.81,1.00
2017.05.01 19:16:06.503,1.21923,1.21928,3.19,1.00
2017.05.01 19:16:07.204,1.21923,1.21929,3.19,1.00
2017.05.01 19:16:08.589,1.21925,1.21931,1.87,1.50
2017.05.01 19:16:08.995,1.21927,1.21935,5.10,1.50
2017.05.01 19:16:09.047,1.21929,1.21935,2.06,1.50
2017.05.01 19:16:09.453,1.21929,1.21937,2.81,1.00
2017.05.01 19:16:11.203,1.21929,1.21938,4.69,1.00
2017.05.01 19:16:11.707,1.2193,1.21937,1.62,1.00
2017.05.01 19:16:12.585,1.2193,1.21937,1.62,1.25
2017.05.01 19:16:14.403,1.21929,1.21937,3.94,1.19
2017.05.01 19:16:15.187,1.21929,1.21934,1.56,1.25
2017.05.01 19:16:15.738,1.21929,1.21935,1.56,1.19
2017.05.01 19:16:16.958,1.21929,1.21935,1.31,1.00
2017.05.01 19:16:17.500,1.21927,1.21934,1.62,1.00
2017.05.01 19:16:17.805,1.21926,1.21934,1.69,1.00
2017.05.01 19:16:25.269,1.21926,1.21929,1.50,1.00
2017.05.01 19:16:25.371,1.21924,1.21928,1.00,1.00
2017.05.01 19:16:25.913,1.21921,1.21928,1.50,1.00
2017.05.01 19:16:28.149,1.21921,1.21924,1.31,1.00
2017.05.01 19:16:28.302,1.21921,1.21926,1.37,1.00
2017.05.01 19:16:35.622,1.2192,1.21927,1.62,1.00
2017.05.01 19:16:38.516,1.2192,1.21927,1.62,1.50
2017.05.01 19:16:38.567,1.2192,1.21925,1.62,1.00
2017.05.01 19:16:40.611,1.21918,1.21924,4.69,1.50
2017.05.01 19:16:41.145,1.21918,1.21923,2.81,1.00
2017.05.01 19:16:43.257,1.21918,1.21924,4.69,2.44
2017.05.01 19:16:44.446,1.21918,1.21922,4.69,1.00
2017.05.01 19:16:45.441,1.21918,1.21921,2.44,1.00
2017.05.01 19:16:45.543,1.21917,1.21923,7.31,1.00
2017.05.01 19:16:46.071,1.21918,1.21924,7.69,1.12
2017.05.01 19:16:46.584,1.21919,1.21925,2.81,2.25
2017.05.01 19:16:46.947,1.21919,1.21926,1.81,1.00
2017.05.01 19:16:49.573,1.21919,1.21926,1.12,1.50
2017.05.01 19:16:49.778,1.21918,1.21925,3.56,1.00
2017.05.01 19:16:51.925,1.21919,1.21925,1.31,1.00
2017.05.01 19:16:52.555,1.21919,1.21924,2.06,1.00
2017.05.01 19:17:00.671,1.21918,1.21925,2.44,1.50
2017.05.01 19:17:01.034,1.21918,1.21923,3.56,1.00
2017.05.01 19:17:01.756,1.21918,1.21923,2.06,1.00
2017.05.01 19:17:03.552,1.21918,1.21922,2.81,1.00
2017.05.01 19:17:05.018,1.21918,1.21921,3.56,1.00
2017.05.01 19:17:06.147,1.21918,1.2192,2.62,1.54
2017.05.01 19:17:06.200,1.21917,1.21918,1.87,1.00
2017.05.01 19:17:06.252,1.21914,1.21916,1.31,1.00
2017.05.01 19:17:06.795,1.21913,1.21916,2.06,1.00
2017.05.01 19:17:08.455,1.21913,1.21918,1.69,1.35
2017.05.01 19:17:08.539,1.21912,1.21914,1.00,1.00
2017.05.01 19:17:09.053,1.2191,1.21914,2.06,1.00
2017.05.01 19:17:09.574,1.21911,1.21915,1.25,1.00
2017.05.01 19:17:10.149,1.21911,1.21914,1.25,1.00
2017.05.01 19:17:10.762,1.2191,1.21915,2.44,1.00
2017.05.01 19:17:11.375,1.2191,1.21915,3.19,1.00
2017.05.01 19:17:11.492,1.21911,1.21917,2.25,1.00
2017.05.01 19:17:12.017,1.21912,1.21916,1.12,1.00
2017.05.01 19:17:17.040,1.21912,1.21914,1.12,1.00
2017.05.01 19:17:21.274,1.2191,1.21914,1.56,1.00
2017.05.01 19:17:22.445,1.2191,1.21916,2.81,1.25
2017.05.01 19:17:25.580,1.21911,1.21915,1.62,1.00
2017.05.01 19:17:26.125,1.21911,1.21916,1.62,1.00
2017.05.01 19:17:26.227,1.21912,1.21916,3.56,1.00
2017.05.01 19:17:28.971,1.21912,1.21918,2.81,1.25
2017.05.01 19:17:29.527,1.21919,1.21921,1.37,1.00
2017.05.01 19:17:29.832,1.2192,1.21924,4.31,1.25
2017.05.01 19:17:32.996,1.21921,1.21924,1.37,1.19
2017.05.01 19:17:33.301,1.21918,1.21921,5.44,1.00
2017.05.01 19:17:34.510,1.21919,1.21921,1.69,1.00
2017.05.01 19:17:34.561,1.21919,1.21923,2.81,1.25
2017.05.01 19:17:35.013,1.2192,1.21924,2.25,1.25
2017.05.01 19:17:35.166,1.2192,1.21924,2.62,1.19
2017.05.01 19:17:35.802,1.2192,1.21923,1.37,1.25
2017.05.01 19:17:45.804,1.2192,1.21924,1.37,1.69
2017.05.01 19:17:50.857,1.21918,1.21921,4.35,1.00
2017.05.01 19:17:51.112,1.21917,1.21919,1.00,1.00
2017.05.01 19:17:51.316,1.21915,1.21918,1.25,1.00
2017.05.01 19:17:53.205,1.21914,1.21917,1.56,1.00
2017.05.01 19:17:54.764,1.21914,1.21919,1.56,1.00
2017.05.01 19:17:56.589,1.21915,1.21919,2.06,1.00
2017.05.01 19:17:57.109,1.21915,1.21919,2.06,1.00
2017.05.01 19:17:57.647,1.21915,1.21919,2.06,1.00
2017.05.01 19:17:57.927,1.21915,1.21919,2.81,1.00
2017.05.01 19:17:57.978,1.21915,1.21921,3.56,1.00
2017.05.01 19:17:58.488,1.21917,1.21921,1.12,1.00
2017.05.01 19:18:04.250,1.21916,1.21921,1.12,1.00
2017.05.01 19:18:04.802,1.21917,1.21922,3.19,1.00
2017.05.01 19:18:05.360,1.21917,1.21923,3.19,1.00
2017.05.01 19:18:08.862,1.21916,1.21923,2.44,1.00
2017.05.01 19:18:10.564,1.21917,1.21923,1.00,1.00
2017.05.01 19:18:10.717,1.21915,1.2192,1.69,1.00
2017.05.01 19:18:11.024,1.21912,1.21917,2.06,1.00
2017.05.01 19:18:12.593,1.21912,1.21919,1.31,1.25
2017.05.01 19:18:14.874,1.21913,1.21917,1.00,1.00
2017.05.01 19:18:16.154,1.2191,1.21916,5.06,1.00
2017.05.01 19:18:16.386,1.2191,1.21915,1.50,1.00
2017.05.01 19:18:17.071,1.21909,1.21915,1.37,1.00
2017.05.01 19:18:21.523,1.21909,1.21914,1.12,1.00
2017.05.01 19:18:22.031,1.21907,1.21914,2.06,1.37
2017.05.01 19:18:22.983,1.21906,1.21915,1.31,2.62
2017.05.01 19:18:24.103,1.21905,1.21912,3.56,1.00
2017.05.01 19:18:24.205,1.21905,1.21909,1.25,1.00
2017.05.01 19:18:24.357,1.21903,1.21909,1.25,1.00
2017.05.01 19:18:26.968,1.21903,1.21908,1.25,1.00
2017.05.01 19:18:27.511,1.21903,1.21908,1.19,1.00
2017.05.01 19:18:31.500,1.21903,1.2191,1.19,1.00
2017.05.01 19:18:39.533,1.21903,1.21912,1.31,1.87
2017.05.01 19:18:41.444,1.21903,1.21912,1.12,3.22
2017.05.01 19:18:42.764,1.21903,1.21911,1.50,1.00
2017.05.01 19:18:46.099,1.21904,1.21911,1.00,1.00
2017.05.01 19:18:46.358,1.21907,1.21913,1.00,1.50
2017.05.01 19:18:46.511,1.21907,1.21915,1.00,2.62
2017.05.01 19:18:46.970,1.21905,1.21913,1.00,1.12
2017.05.01 19:18:47.590,1.21904,1.21912,1.31,1.12
2017.05.01 19:18:48.071,1.21904,1.21913,2.81,3.00
2017.05.01 19:18:48.175,1.21904,1.21912,1.00,1.12
2017.05.01 19:18:50.064,1.21903,1.21912,2.06,3.00
2017.05.01 19:18:50.466,1.21902,1.21912,4.69,1.00
2017.05.01 19:18:51.123,1.21903,1.21911,1.69,1.00
2017.05.01 19:18:52.794,1.21902,1.21911,2.44,1.00
2017.05.01 19:18:54.404,1.21903,1.21912,1.31,2.85
2017.05.01 19:18:54.455,1.21904,1.21912,1.19,1.50
2017.05.01 19:18:57.827,1.21905,1.21914,1.31,2.62
2017.05.01 19:18:58.354,1.21906,1.21915,1.25,4.35
2017.05.01 19:18:58.770,1.21907,1.21915,1.19,3.75
2017.05.01 19:19:02.119,1.21907,1.21916,1.56,6.00
2017.05.01 19:19:02.323,1.21909,1.21917,1.37,1.00
2017.05.01 19:19:04.557,1.21909,1.21917,1.12,1.00
2017.05.01 19:19:09.097,1.21907,1.21916,2.81,1.00
2017.05.01 19:19:11.366,1.21908,1.21916,1.62,1.00
2017.05.01 19:19:11.824,1.21909,1.21918,1.50,3.37
2017.05.01 19:19:14.803,1.2191,1.21918,1.50,1.50
2017.05.01 19:19:18.423,1.2191,1.21918,1.87,2.62
2017.05.01 19:19:18.830,1.2191,1.21919,4.31,1.50
2017.05.01 19:19:20.167,1.2191,1.21918,3.56,1.00
2017.05.01 19:19:20.370,1.2191,1.21918,4.54,1.00
2017.05.01 19:19:21.255,1.21912,1.2192,1.31,1.87
2017.05.01 19:19:21.357,1.21913,1.21922,1.56,2.25
2017.05.01 19:19:24.428,1.21913,1.2192,1.37,1.00
2017.05.01 19:19:24.972,1.21913,1.21921,1.37,1.00
2017.05.01 19:19:25.584,1.21913,1.2192,1.37,1.00
2017.05.01 19:19:25.940,1.21912,1.21919,2.06,1.00
2017.05.01 19:19:26.093,1.21912,1.2192,6.19,1.12
2017.05.01 19:19:26.607,1.21913,1.21921,1.62,1.00
2017.05.01 19:19:27.152,1.21914,1.21922,1.62,1.31
2017.05.01 19:19:27.775,1.21914,1.21921,1.50,1.00
2017.05.01 19:19:28.299,1.21915,1.21922,1.31,1.00
2017.05.01 19:19:28.350,1.21915,1.21924,1.62,1.50
2017.05.01 19:19:29.608,1.21916,1.21924,1.62,1.00
2017.05.01 19:19:30.143,1.21916,1.21924,1.31,1.00
2017.05.01 19:19:30.399,1.21916,1.21922,1.25,1.00
2017.05.01 19:19:30.913,1.21916,1.21923,1.31,1.00
2017.05.01 19:19:33.942,1.21916,1.21922,1.25,1.00
2017.05.01 19:19:34.247,1.21913,1.21921,1.37,1.00
2017.05.01 19:19:34.783,1.21911,1.2192,2.62,1.50
2017.05.01 19:19:36.406,1.21911,1.21919,3.37,1.00
2017.05.01 19:19:37.272,1.21912,1.21919,1.87,1.00
2017.05.01 19:19:40.257,1.21913,1.21921,3.56,1.00
2017.05.01 19:19:48.872,1.21914,1.21922,2.06,1.00
2017.05.01 19:19:49.573,1.21914,1.21921,2.06,1.00
2017.05.01 19:19:49.948,1.21914,1.2192,1.50,1.00
2017.05.01 19:19:50.000,1.21914,1.21918,1.00,1.00
2017.05.01 19:19:50.334,1.21912,1.21915,1.00,1.00
2017.05.01 19:19:50.589,1.21908,1.21914,1.25,1.00
2017.05.01 19:19:51.305,1.21907,1.21916,1.56,1.00
2017.05.01 19:19:54.180,1.21909,1.21916,1.31,1.00
2017.05.01 19:19:54.681,1.21909,1.21916,2.44,1.00
2017.05.01 19:19:55.253,1.21911,1.21918,1.31,1.00
2017.05.01 19:19:55.772,1.21912,1.21919,1.31,1.00
2017.05.01 19:19:56.288,1.21912,1.21918,1.56,1.00
2017.05.01 19:19:58.315,1.21912,1.21919,2.81,1.00
2017.05.01 19:19:58.828,1.21912,1.2192,5.06,1.00
2017.05.01 19:19:59.356,1.21912,1.2192,2.06,1.00
2017.05.01 19:20:00.782,1.21912,1.21918,1.37,1.00
2017.05.01 19:20:01.141,1.2191,1.21916,3.00,1.00
2017.05.01 19:20:01.632,1.2191,1.21917,1.50,1.00
2017.05.01 19:20:02.142,1.2191,1.21917,2.44,1.00
2017.05.01 19:20:02.658,1.2191,1.21917,1.12,1.00
2017.05.01 19:20:03.268,1.2191,1.21918,1.50,1.00
2017.05.01 19:20:03.788,1.21911,1.21918,1.87,1.00
2017.05.01 19:20:05.883,1.21911,1.21918,2.81,1.00
2017.05.01 19:20:06.405,1.21911,1.21919,2.06,1.50
2017.05.01 19:20:09.057,1.21911,1.21918,1.56,1.00
2017.05.01 19:20:09.464,1.21912,1.21921,4.16,1.37
2017.05.01 19:20:09.515,1.21913,1.21921,2.10,1.00
2017.05.01 19:20:11.219,1.21914,1.2192,1.00,1.00
2017.05.01 19:20:11.779,1.21915,1.21921,1.00,1.50
2017.05.01 19:20:12.507,1.21914,1.21921,3.19,1.00
2017.05.01 19:20:12.734,1.21915,1.21919,1.00,1.00
2017.05.01 19:20:16.077,1.21915,1.2192,1.37,1.00
2017.05.01 19:20:16.593,1.21915,1.2192,1.12,1.00
2017.05.01 19:20:22.220,1.21914,1.2192,2.06,1.00
2017.05.01 19:20:22.525,1.21914,1.21918,2.06,1.00
2017.05.01 19:20:24.929,1.21914,1.21918,1.87,1.00
2017.05.01 19:20:25.463,1.21914,1.21917,1.50,1.00
2017.05.01 19:20:26.144,1.21914,1.21917,1.87,1.00
2017.05.01 19:20:28.070,1.21914,1.21918,1.87,1.00
2017.05.01 19:20:29.051,1.21914,1.21919,1.87,1.00
2017.05.01 19:20:29.572,1.21914,1.21919,1.12,1.00
2017.05.01 19:20:30.755,1.21914,1.21918,1.12,1.00
2017.05.01 19:20:31.073,1.21912,1.21917,1.00,1.00
2017.05.01 19:20:32.485,1.21912,1.21917,1.87,1.00
2017.05.01 19:20:33.027,1.21914,1.21918,1.87,1.00
2017.05.01 19:20:38.053,1.21915,1.21918,1.72,1.00
2017.05.01 19:20:38.262,1.21914,1.21918,1.12,1.00
2017.05.01 19:20:38.783,1.21914,1.21917,1.00,1.00
2017.05.01 19:20:39.933,1.21913,1.21918,3.19,1.00
2017.05.01 19:20:42.039,1.21914,1.21918,1.69,1.00
2017.05.01 19:20:43.634,1.21914,1.21918,3.19,1.00
2017.05.01 19:20:44.193,1.21916,1.21919,2.44,1.00
2017.05.01 19:20:44.707,1.21913,1.21918,3.19,1.00
2017.05.01 19:20:44.809,1.21913,1.21917,1.12,1.00
2017.05.01 19:20:45.356,1.21914,1.21918,1.62,1.00
2017.05.01 19:20:46.027,1.21913,1.21919,1.81,1.00
2017.05.01 19:20:46.769,1.21913,1.21918,1.81,1.00
2017.05.01 19:20:47.075,1.21911,1.21916,3.37,1.00
2017.05.01 19:20:49.207,1.21911,1.21916,3.00,1.00
2017.05.01 19:20:49.258,1.21913,1.21918,1.69,1.00
2017.05.01 19:20:50.763,1.21913,1.21918,1.56,1.00
2017.05.01 19:20:51.435,1.21913,1.21917,1.56,1.00
2017.05.01 19:20:53.681,1.21911,1.21917,2.25,1.00
2017.05.01 19:20:54.188,1.21911,1.21917,1.00,1.00
2017.05.01 19:20:54.239,1.2191,1.21915,2.06,1.00
2017.05.01 19:20:54.493,1.21906,1.21912,4.50,1.00
2017.05.01 19:20:54.764,1.21907,1.21914,1.56,1.00
2017.05.01 19:20:55.019,1.21909,1.21914,1.37,1.00
2017.05.01 19:20:55.764,1.21909,1.21914,1.87,1.00
2017.05.01 19:20:56.609,1.21909,1.21913,1.37,1.00
2017.05.01 19:20:58.182,1.21909,1.21914,1.37,1.00
2017.05.01 19:20:58.727,1.2191,1.21914,1.37,1.00
2017.05.01 19:20:59.252,1.2191,1.21915,1.37,1.00
2017.05.01 19:21:00.632,1.21909,1.21913,1.50,1.00
2017.05.01 19:21:01.507,1.21907,1.21913,1.56,1.00
2017.05.01 19:21:02.130,1.21906,1.21912,3.37,1.00
2017.05.01 19:21:04.655,1.21906,1.21912,5.62,1.00
2017.05.01 19:21:06.251,1.21909,1.21914,2.06,1.00
2017.05.01 19:21:06.303,1.2191,1.21915,3.04,1.00
2017.05.01 19:21:06.660,1.21911,1.21915,1.25,1.00
2017.05.01 19:21:07.168,1.2191,1.21915,2.44,1.00
2017.05.01 19:21:07.841,1.21909,1.21913,2.62,1.00
2017.05.01 19:21:08.378,1.21906,1.21912,7.50,1.00
2017.05.01 19:21:08.429,1.21906,1.21914,7.50,1.00
2017.05.01 19:21:09.372,1.21909,1.21913,1.62,1.00
2017.05.01 19:21:09.474,1.21909,1.21915,1.87,1.00
2017.05.01 19:21:13.275,1.2191,1.21915,1.12,1.00
2017.05.01 19:21:15.275,1.21909,1.21913,1.62,1.00
2017.05.01 19:21:15.894,1.21908,1.21912,2.06,1.00
2017.05.01 19:21:17.121,1.21907,1.21913,2.44,1.00
2017.05.01 19:21:18.709,1.21909,1.21913,1.91,1.00
2017.05.01 19:21:18.811,1.2191,1.21915,2.81,1.00
2017.05.01 19:21:19.799,1.2191,1.21916,3.56,1.00
2017.05.01 19:21:20.054,1.2191,1.21914,1.87,1.00
2017.05.01 19:21:20.562,1.21908,1.21914,1.81,1.00
2017.05.01 19:21:21.035,1.21908,1.21912,1.81,1.00
2017.05.01 19:21:21.372,1.21906,1.2191,1.50,1.00
2017.05.01 19:21:21.961,1.21905,1.2191,1.87,1.00
2017.05.01 19:21:22.494,1.21905,1.2191,1.87,1.00
2017.05.01 19:21:23.691,1.21904,1.2191,3.00,1.00
2017.05.01 19:21:24.707,1.21904,1.21909,3.00,1.00
2017.05.01 19:21:25.523,1.21907,1.2191,1.56,1.00
2017.05.01 19:21:25.575,1.21907,1.21912,3.19,1.00
2017.05.01 19:21:25.728,1.21909,1.21914,1.37,1.00
2017.05.01 19:21:25.931,1.21909,1.21913,1.37,1.00
2017.05.01 19:21:26.472,1.21909,1.21912,1.00,1.00
2017.05.01 19:21:27.001,1.21908,1.21912,1.12,1.00
2017.05.01 19:21:27.831,1.21904,1.21912,6.56,1.25
2017.05.01 19:21:30.050,1.21905,1.21912,2.25,1.25
2017.05.01 19:21:31.114,1.21905,1.2191,2.25,1.00
2017.05.01 19:21:33.458,1.21906,1.21911,2.06,1.00
2017.05.01 19:21:33.509,1.21905,1.2191,4.31,1.00
2017.05.01 19:21:34.096,1.21906,1.21911,1.69,1.00
2017.05.01 19:21:34.991,1.21906,1.21911,2.25,1.00
2017.05.01 19:21:37.762,1.21906,1.21911,3.56,1.00
2017.05.01 19:21:38.112,1.21909,1.21913,1.72,1.00
2017.05.01 19:21:38.622,1.21907,1.21912,5.06,1.00
2017.05.01 19:21:39.086,1.21907,1.2191,1.37,1.00
2017.05.01 19:21:39.290,1.21905,1.2191,1.50,1.00
2017.05.01 19:21:39.997,1.21904,1.2191,3.94,1.00
2017.05.01 19:21:40.048,1.21904,1.21909,3.94,1.00
2017.05.01 19:21:40.786,1.21905,1.21908,1.50,1.00
2017.05.01 19:21:45.551,1.21905,1.21909,1.50,1.00
2017.05.01 19:21:45.653,1.21904,1.21909,1.87,1.00
2017.05.01 19:21:46.166,1.21904,1.21909,1.50,1.00
2017.05.01 19:21:46.323,1.21905,1.2191,4.31,1.00
2017.05.01 19:21:46.986,1.21905,1.2191,2.44,1.00
2017.05.01 19:21:47.943,1.21904,1.2191,2.81,1.00
2017.05.01 19:21:48.045,1.21905,1.2191,1.37,1.00
2017.05.01 19:21:52.167,1.21904,1.21908,1.62,1.00
2017.05.01 19:21:52.319,1.21903,1.2191,6.19,1.00
2017.05.01 19:21:52.371,1.21903,1.21909,3.19,1.00
2017.05.01 19:21:52.997,1.21903,1.21908,1.69,1.00
2017.05.01 19:21:53.509,1.21901,1.21907,3.19,1.00
2017.05.01 19:21:58.329,1.21902,1.21907,2.06,1.00
2017.05.01 19:21:58.938,1.21901,1.21906,2.06,1.00
2017.05.01 19:22:03.366,1.219,1.21905,4.69,1.00
2017.05.01 19:22:03.417,1.219,1.21904,3.00,1.00
2017.05.01 19:22:03.924,1.21899,1.21904,2.06,1.00
2017.05.01 19:22:05.381,1.21899,1.21904,1.62,1.00
2017.05.01 19:22:12.585,1.21898,1.21904,4.35,1.00
2017.05.01 19:22:14.177,1.21901,1.21905,2.62,1.00
2017.05.01 19:22:14.229,1.21902,1.21906,1.50,1.00
2017.05.01 19:22:15.572,1.21902,1.21905,1.37,1.00
2017.05.01 19:22:16.103,1.219,1.21905,1.87,1.00
2017.05.01 19:22:16.716,1.219,1.21904,1.37,1.00
2017.05.01 19:22:27.882,1.219,1.21904,1.12,1.00
2017.05.01 19:22:28.431,1.21899,1.21904,1.87,1.00
2017.05.01 19:22:29.038,1.21901,1.21904,1.12,1.00
2017.05.01 19:22:29.343,1.21899,1.21903,1.00,1.00
2017.05.01 19:22:30.387,1.21897,1.21903,2.92,1.00
2017.05.01 19:22:31.772,1.21899,1.21905,2.47,1.00
2017.05.01 19:22:32.288,1.21899,1.21904,1.37,1.00
2017.05.01 19:22:33.300,1.21899,1.21904,2.47,1.00
2017.05.01 19:22:33.808,1.21898,1.21904,5.44,1.00
2017.05.01 19:22:35.790,1.21898,1.21904,3.19,1.00
2017.05.01 19:22:36.998,1.21898,1.21904,2.44,1.00
2017.05.01 19:22:38.855,1.21899,1.21903,1.00,1.00
2017.05.01 19:22:39.076,1.21897,1.21902,1.80,1.00
2017.05.01 19:22:40.880,1.21896,1.21901,3.30,1.00
2017.05.01 19:22:41.895,1.21897,1.21902,1.12,1.00
2017.05.01 19:22:41.998,1.21899,1.21904,2.06,1.00
2017.05.01 19:22:42.049,1.219,1.21904,1.19,1.00
2017.05.01 19:22:42.101,1.21899,1.21904,1.87,1.00
2017.05.01 19:22:43.105,1.21899,1.21903,1.00,1.00
2017.05.01 19:22:44.388,1.21899,1.21904,1.12,1.00
2017.05.01 19:22:47.190,1.21899,1.21904,2.06,1.00
2017.05.01 19:22:47.697,1.219,1.21905,1.56,1.00
2017.05.01 19:22:48.236,1.21902,1.21906,1.31,1.00
2017.05.01 19:22:48.642,1.21904,1.21908,1.12,1.00
2017.05.01 19:22:49.968,1.21904,1.21908,1.37,1.00
2017.05.01 19:22:50.535,1.21904,1.21909,1.37,1.00
2017.05.01 19:22:57.508,1.21906,1.21909,1.00,1.00
2017.05.01 19:22:58.179,1.21906,1.21909,1.19,1.00
2017.05.01 19:23:00.155,1.21907,1.2191,1.25,1.00
2017.05.01 19:23:06.480,1.21907,1.21911,1.25,1.00
2017.05.01 19:23:07.747,1.21906,1.21911,2.44,1.00
2017.05.01 19:23:12.937,1.21906,1.2191,1.25,1.00
2017.05.01 19:23:19.017,1.21905,1.2191,2.06,1.00
2017.05.01 19:23:20.976,1.21905,1.2191,3.56,1.00
2017.05.01 19:23:33.482,1.21904,1.2191,2.44,1.00
2017.05.01 19:23:33.584,1.21904,1.21908,1.25,1.00
2017.05.01 19:23:33.889,1.219,1.21906,2.44,1.00
2017.05.01 19:23:34.202,1.21901,1.21906,1.87,1.00
2017.05.01 19:23:34.972,1.219,1.21906,2.62,1.00
2017.05.01 19:23:36.505,1.21901,1.21906,3.94,1.00
2017.05.01 19:23:36.658,1.21902,1.21908,2.06,1.00
2017.05.01 19:23:38.162,1.21903,1.21909,1.56,1.00
2017.05.01 19:23:43.557,1.21907,1.21912,1.69,1.00
2017.05.01 19:23:43.710,1.21908,1.21914,2.06,1.00
2017.05.01 19:23:49.673,1.21908,1.21915,3.19,1.00
2017.05.01 19:23:54.035,1.21909,1.21915,3.97,1.00
2017.05.01 19:23:54.544,1.21909,1.21915,1.69,1.00
2017.05.01 19:23:56.024,1.21911,1.21917,2.44,1.00
2017.05.01 19:23:56.077,1.21911,1.21916,3.56,1.00
2017.05.01 19:23:56.586,1.21912,1.21917,2.81,1.00
2017.05.01 19:23:58.321,1.21917,1.21921,1.00,1.50
2017.05.01 19:23:59.292,1.21916,1.21921,1.12,1.50
2017.05.01 19:23:59.721,1.21917,1.2192,1.31,1.00
2017.05.01 19:24:02.954,1.21917,1.21921,1.56,1.00
2017.05.01 19:24:03.462,1.21917,1.21921,1.12,1.00
2017.05.01 19:24:04.027,1.21917,1.2192,1.12,1.00
2017.05.01 19:24:04.554,1.21916,1.21919,1.50,1.00
2017.05.01 19:24:09.952,1.21916,1.21919,3.00,1.00
2017.05.01 19:24:10.409,1.21916,1.21921,2.81,1.50
2017.05.01 19:24:17.020,1.21916,1.2192,2.44,1.50
2017.05.01 19:24:23.716,1.21916,1.21919,1.25,1.00
2017.05.01 19:24:23.768,1.21914,1.21918,1.12,1.00
2017.05.01 19:24:24.357,1.21912,1.21917,1.56,1.00
2017.05.01 19:24:27.027,1.21911,1.21916,1.37,1.00
2017.05.01 19:24:27.539,1.2191,1.21915,1.87,1.00
2017.05.01 19:24:30.723,1.2191,1.21917,1.87,1.00
2017.05.01 19:24:33.568,1.21909,1.21915,1.62,1.00
2017.05.01 19:24:34.361,1.21907,1.21916,2.81,2.25
2017.05.01 19:24:34.938,1.21907,1.21915,1.31,1.00
2017.05.01 19:24:36.506,1.21906,1.21915,4.69,1.00
2017.05.01 19:24:37.024,1.21907,1.21916,1.16,1.31
2017.05.01 19:24:38.185,1.21906,1.21912,3.94,1.00
2017.05.01 19:24:38.237,1.21906,1.21913,3.19,1.00
2017.05.01 19:24:38.707,1.21905,1.21911,1.19,1.00
2017.05.01 19:24:38.913,1.21902,1.2191,2.44,1.50
2017.05.01 19:24:39.168,1.21901,1.21908,1.25,1.00
2017.05.01 19:24:41.933,1.219,1.21908,4.31,1.00
2017.05.01 19:24:42.631,1.21901,1.21908,1.62,1.00
2017.05.01 19:24:47.634,1.21901,1.21908,1.62,1.00
2017.05.01 19:24:49.469,1.219,1.21907,1.87,1.50
2017.05.01 19:24:49.520,1.219,1.21908,2.62,1.31
2017.05.01 19:24:49.673,1.21899,1.21905,1.50,1.00
2017.05.01 19:24:50.042,1.21899,1.21908,5.81,1.25
2017.05.01 19:24:51.583,1.219,1.21907,2.06,1.00
2017.05.01 19:24:52.235,1.21899,1.21907,1.31,1.00
2017.05.01 19:24:53.936,1.21898,1.21907,6.45,2.25
2017.05.01 19:24:54.039,1.21898,1.21907,3.19,2.25
2017.05.01 19:24:54.548,1.21898,1.21906,2.06,1.12
2017.05.01 19:24:55.402,1.21898,1.21906,1.56,1.87
2017.05.01 19:24:55.453,1.21897,1.21902,1.87,1.00
2017.05.01 19:24:55.607,1.21896,1.21902,1.80,1.00
2017.05.01 19:24:55.759,1.21897,1.21902,1.42,1.00
2017.05.01 19:24:56.290,1.21896,1.21903,1.99,1.00
2017.05.01 19:24:58.134,1.21896,1.21901,1.05,1.00
2017.05.01 19:24:58.837,1.21894,1.21901,2.92,1.00
2017.05.01 19:24:59.590,1.21893,1.21901,4.80,1.00
2017.05.01 19:25:01.570,1.21893,1.219,1.01,1.00
2017.05.01 19:25:01.727,1.21893,1.219,1.31,1.00
2017.05.01 19:25:02.443,1.21892,1.21898,1.12,1.00
2017.05.01 19:25:02.755,1.2189,1.21897,1.12,1.00
2017.05.01 19:25:04.695,1.21889,1.21893,2.44,1.00
2017.05.01 19:25:04.953,1.21887,1.21893,1.12,1.50
2017.05.01 19:25:05.595,1.21886,1.21893,1.37,1.00
2017.05.01 19:25:05.859,1.21886,1.21893,1.12,1.00
2017.05.01 19:25:06.367,1.21886,1.21895,2.06,3.75
2017.05.01 19:25:07.207,1.21885,1.21894,2.06,2.62
2017.05.01 19:25:07.259,1.21885,1.2189,1.12,1.00
2017.05.01 19:25:07.310,1.21885,1.21892,1.00,1.00
2017.05.01 19:25:07.514,1.21883,1.21892,2.06,2.62
2017.05.01 19:25:08.034,1.21883,1.2189,1.56,1.00
2017.05.01 19:25:08.701,1.21883,1.2189,1.37,1.00
2017.05.01 19:25:09.209,1.21881,1.2189,4.50,3.00
2017.05.01 19:25:09.513,1.21885,1.21892,1.87,1.50
2017.05.01 19:25:10.518,1.21885,1.21893,2.62,2.62
2017.05.01 19:25:10.736,1.21884,1.21893,1.37,5.25
2017.05.01 19:25:10.838,1.21884,1.21892,1.37,1.87
2017.05.01 19:25:11.229,1.21885,1.21891,1.87,1.00
2017.05.01 19:25:12.582,1.21884,1.21891,1.37,1.00
2017.05.01 19:25:13.107,1.21884,1.21891,1.37,1.19
2017.05.01 19:25:15.287,1.21885,1.21891,1.37,1.00
2017.05.01 19:25:16.176,1.21886,1.21892,1.37,1.50
2017.05.01 19:25:17.173,1.21886,1.21892,1.37,1.87
2017.05.01 19:25:24.116,1.21886,1.21893,2.62,2.25
2017.05.01 19:25:26.200,1.21886,1.21893,1.37,2.25
2017.05.01 19:25:30.493,1.21887,1.21893,1.37,2.44
2017.05.01 19:25:30.806,1.21889,1.21894,1.37,1.94
2017.05.01 19:25:31.368,1.21889,1.21895,1.37,4.87
2017.05.01 19:25:32.243,1.21889,1.21895,2.62,3.00
2017.05.01 19:25:32.294,1.2189,1.21895,1.37,1.12
2017.05.01 19:25:37.217,1.2189,1.21895,2.62,1.87
2017.05.01 19:25:38.892,1.2189,1.21895,1.37,1.00
2017.05.01 19:25:39.406,1.2189,1.21896,1.37,1.00
2017.05.01 19:25:39.951,1.2189,1.21897,1.37,2.81
2017.05.01 19:25:40.846,1.2189,1.21896,1.37,1.00
2017.05.01 19:25:41.001,1.21889,1.21896,1.87,1.69
2017.05.01 19:25:41.257,1.21885,1.21889,1.37,1.25
2017.05.01 19:25:41.977,1.21883,1.21891,1.37,1.44
2017.05.01 19:25:47.413,1.21885,1.2189,1.62,1.69
2017.05.01 19:25:47.574,1.21887,1.21894,1.00,2.25
2017.05.01 19:25:48.202,1.21886,1.21894,1.12,2.25
2017.05.01 19:25:50.900,1.21885,1.21894,2.62,2.62
2017.05.01 19:25:51.002,1.21885,1.21893,1.87,3.19
2017.05.01 19:25:51.953,1.21882,1.2189,1.50,2.06
2017.05.01 19:25:52.461,1.21883,1.2189,1.12,1.31
2017.05.01 19:25:52.614,1.21884,1.2189,1.37,1.31
2017.05.01 19:25:52.818,1.21882,1.2189,1.12,5.81
2017.05.01 19:25:52.869,1.21883,1.2189,1.37,2.81
2017.05.01 19:25:53.397,1.21883,1.2189,1.37,3.19
2017.05.01 19:25:54.143,1.21885,1.21892,1.12,1.25
2017.05.01 19:25:55.300,1.21884,1.21892,1.12,1.69
2017.05.01 19:25:55.893,1.21883,1.21891,1.87,1.00
2017.05.01 19:25:59.104,1.21883,1.2189,1.37,1.00
2017.05.01 19:25:59.207,1.21882,1.2189,1.12,2.25
2017.05.01 19:25:59.359,1.21882,1.21889,2.62,1.00
2017.05.01 19:25:59.875,1.21883,1.2189,1.37,1.50
2017.05.01 19:26:01.004,1.21883,1.2189,1.31,2.25
2017.05.01 19:26:01.505,1.21883,1.2189,1.37,1.12
2017.05.01 19:26:01.716,1.21883,1.2189,1.31,1.87
2017.05.01 19:26:01.869,1.21882,1.2189,2.62,1.87
2017.05.01 19:26:03.056,1.21883,1.2189,2.81,1.12
2017.05.01 19:26:03.158,1.21884,1.2189,1.31,1.12
2017.05.01 19:26:03.673,1.21882,1.21889,1.37,1.00
2017.05.01 19:26:04.059,1.21883,1.2189,1.87,1.12
2017.05.01 19:26:04.517,1.21883,1.21891,1.31,2.25
2017.05.01 19:26:04.720,1.21883,1.21891,1.37,1.50
2017.05.01 19:26:06.144,1.21883,1.2189,1.37,1.00
2017.05.01 19:26:06.881,1.21882,1.2189,2.62,1.00
2017.05.01 19:26:08.388,1.21883,1.2189,1.56,1.00
2017.05.01 19:26:08.895,1.21883,1.21891,1.56,1.00
2017.05.01 19:26:09.518,1.21885,1.21891,1.12,1.00
2017.05.01 19:26:09.832,1.21886,1.21893,1.37,1.31
2017.05.01 19:26:10.343,1.21886,1.21893,1.12,1.31
2017.05.01 19:26:10.844,1.21884,1.21893,1.37,1.31
2017.05.01 19:26:11.571,1.21884,1.21893,1.56,1.31
2017.05.01 19:26:12.346,1.21884,1.21893,1.56,1.12
2017.05.01 19:26:12.781,1.21887,1.21893,1.56,1.12
2017.05.01 19:26:13.317,1.21887,1.21894,1.56,1.00
2017.05.01 19:26:13.622,1.21885,1.21891,1.50,1.00
2017.05.01 19:26:14.162,1.21884,1.21892,2.81,1.12
2017.05.01 19:26:14.787,1.21884,1.21892,1.31,1.12
2017.05.01 19:26:20.984,1.21884,1.21892,1.31,1.00
2017.05.01 19:26:23.551,1.21884,1.21892,1.56,1.50
2017.05.01 19:26:24.868,1.21887,1.21892,1.12,1.00
2017.05.01 19:26:24.970,1.21886,1.21894,1.62,3.00
2017.05.01 19:26:26.476,1.21886,1.21894,1.12,3.00
2017.05.01 19:26:27.036,1.21886,1.21894,1.00,6.00
2017.05.01 19:26:30.237,1.21886,1.21894,1.12,3.00
2017.05.01 19:26:30.747,1.21886,1.21892,1.00,1.00
2017.05.01 19:26:31.502,1.21885,1.21891,1.31,1.00
2017.05.01 19:26:32.163,1.21885,1.21892,1.31,1.87
2017.05.01 19:26:32.722,1.21885,1.21891,1.31,1.00
2017.05.01 19:26:35.255,1.21884,1.21892,1.56,2.25
2017.05.01 19:26:43.076,1.21884,1.21891,2.06,1.12
2017.05.01 19:26:46.151,1.21883,1.2189,3.37,1.00
2017.05.01 19:26:49.282,1.21882,1.21889,1.56,1.00
2017.05.01 19:26:49.809,1.21881,1.21889,1.50,1.12
2017.05.01 19:26:50.881,1.21881,1.21889,1.50,1.12
2017.05.01 19:26:51.965,1.21881,1.21889,3.37,1.12
2017.05.01 19:26:53.008,1.21881,1.21888,2.06,1.00
2017.05.01 19:26:53.576,1.21881,1.21888,1.31,1.00
2017.05.01 19:26:56.539,1.2188,1.21888,5.62,1.00
2017.05.01 19:26:57.054,1.21881,1.21888,2.25,1.00
2017.05.01 19:27:02.144,1.2188,1.21887,3.56,1.00
2017.05.01 19:27:02.675,1.2188,1.21887,3.37,1.00
2017.05.01 19:27:03.274,1.2188,1.21887,4.12,1.00
2017.05.01 19:27:03.989,1.2188,1.21887,1.37,1.00
2017.05.01 19:27:04.247,1.2188,1.21887,1.87,1.69
2017.05.01 19:27:04.298,1.21878,1.21887,7.91,1.69
2017.05.01 19:27:05.062,1.21878,1.21887,8.62,1.50
2017.05.01 19:27:06.859,1.21878,1.21885,1.44,1.00
2017.05.01 19:27:07.443,1.21876,1.21884,4.69,1.00
2017.05.01 19:27:07.990,1.21878,1.21885,1.56,1.50
2017.05.01 19:27:09.276,1.21877,1.21885,3.41,1.00
2017.05.01 19:27:10.933,1.21876,1.21884,1.69,1.00
2017.05.01 19:27:11.289,1.21877,1.21886,1.91,2.25
2017.05.01 19:27:15.966,1.21878,1.21886,1.91,1.00
2017.05.01 19:27:16.477,1.21876,1.21886,5.44,1.50
2017.05.01 19:27:17.285,1.21876,1.21885,3.94,1.00
2017.05.01 19:27:17.836,1.21876,1.21886,3.19,2.25
2017.05.01 19:27:18.384,1.21876,1.21885,3.19,1.00
2017.05.01 19:27:18.932,1.21876,1.21885,1.56,1.00
2017.05.01 19:27:19.718,1.21875,1.21884,1.87,2.81
2017.05.01 19:27:21.847,1.21875,1.21883,1.87,1.00
2017.05.01 19:27:22.817,1.21874,1.21883,3.37,1.00
2017.05.01 19:27:24.157,1.21875,1.21883,1.87,2.25
2017.05.01 19:27:24.840,1.21874,1.21883,2.25,2.25
2017.05.01 19:27:25.666,1.21875,1.21883,1.87,1.50
2017.05.01 19:27:26.895,1.21874,1.21883,2.25,1.50
2017.05.01 19:27:27.965,1.21875,1.21883,1.87,1.00
2017.05.01 19:27:28.653,1.21875,1.21884,1.87,4.69
2017.05.01 19:27:29.594,1.21875,1.21884,1.37,5.81
2017.05.01 19:27:30.145,1.21875,1.21883,1.37,1.87
2017.05.01 19:27:30.591,1.21876,1.21884,1.76,3.75
2017.05.01 19:27:30.642,1.21875,1.21884,2.81,3.00
2017.05.01 19:27:31.151,1.21876,1.21883,2.06,1.50
2017.05.01 19:27:31.659,1.21875,1.21883,2.06,1.00
2017.05.01 19:27:32.318,1.21875,1.21884,2.81,2.25
2017.05.01 19:27:34.538,1.21876,1.21884,2.06,2.25
2017.05.01 19:27:37.226,1.21878,1.21884,1.56,1.50
2017.05.01 19:27:37.386,1.21879,1.21886,1.56,1.12
2017.05.01 19:27:37.894,1.21879,1.21886,1.56,1.50
2017.05.01 19:27:38.611,1.21879,1.21885,1.56,1.00
2017.05.01 19:27:42.463,1.21879,1.21886,1.56,2.25
2017.05.01 19:27:43.025,1.21879,1.21885,1.56,1.00
2017.05.01 19:27:44.580,1.21878,1.21885,1.37,1.50
2017.05.01 19:27:45.131,1.21878,1.21885,1.37,3.75
2017.05.01 19:27:45.883,1.21878,1.21884,1.37,1.00
2017.05.01 19:27:48.795,1.21878,1.21885,1.37,1.50
2017.05.01 19:27:49.976,1.21878,1.21886,1.37,4.50
2017.05.01 19:27:50.493,1.21878,1.21885,1.37,1.00
2017.05.01 19:27:54.673,1.21878,1.21885,1.12,3.60
2017.05.01 19:27:55.019,1.21878,1.21885,2.62,2.25
2017.05.01 19:27:55.727,1.21878,1.21886,2.62,3.37
2017.05.01 19:27:56.499,1.21878,1.21885,1.12,1.00
2017.05.01 19:27:57.002,1.21878,1.21886,1.12,2.62
2017.05.01 19:27:59.195,1.21878,1.21885,1.12,1.00
2017.05.01 19:27:59.753,1.21878,1.21886,1.12,2.62
2017.05.01 19:27:59.948,1.21879,1.21886,1.31,1.00
2017.05.01 19:28:04.107,1.21878,1.21886,1.37,1.12
2017.05.01 19:28:05.617,1.21878,1.21886,1.00,1.50
2017.05.01 19:28:06.124,1.21878,1.21886,1.19,2.10
2017.05.01 19:28:07.102,1.21878,1.21885,1.19,1.00
2017.05.01 19:28:07.407,1.21878,1.21885,1.56,1.12
2017.05.01 19:28:07.713,1.21885,1.2189,1.00,1.50
2017.05.01 19:28:07.815,1.21885,1.21892,1.00,1.12
2017.05.01 19:28:10.193,1.21884,1.21892,1.19,4.50
2017.05.01 19:28:10.751,1.21883,1.2189,1.56,1.00
2017.05.01 19:28:20.347,1.21883,1.2189,1.37,1.50
2017.05.01 19:28:30.492,1.21883,1.2189,2.62,1.00
2017.05.01 19:28:30.999,1.21884,1.21891,1.31,1.50
2017.05.01 19:28:37.250,1.21883,1.21891,1.31,3.00
2017.05.01 19:28:37.840,1.21883,1.21891,1.62,2.25
2017.05.01 19:28:38.404,1.21883,1.2189,1.62,1.00
2017.05.01 19:28:39.185,1.21883,1.21891,1.62,2.25
2017.05.01 19:28:41.133,1.21882,1.21889,1.56,1.00
2017.05.01 19:28:41.184,1.21882,1.21891,1.56,4.31
2017.05.01 19:28:41.286,1.21883,1.21891,2.06,2.44
2017.05.01 19:28:41.789,1.21883,1.21891,2.06,1.69
2017.05.01 19:28:41.997,1.21884,1.21892,1.37,1.12
2017.05.01 19:28:45.590,1.21883,1.21891,1.87,1.00
2017.05.01 19:28:46.111,1.21882,1.2189,2.81,2.25
2017.05.01 19:28:47.011,1.21882,1.2189,1.37,5.44
2017.05.01 19:28:47.113,1.21882,1.2189,1.31,2.62
2017.05.01 19:28:47.164,1.21882,1.2189,1.69,2.25
2017.05.01 19:28:47.331,1.21882,1.2189,1.31,5.25
2017.05.01 19:28:47.637,1.21881,1.21888,1.31,1.12
2017.05.01 19:28:48.578,1.21881,1.21889,1.69,2.62
2017.05.01 19:28:52.990,1.21884,1.2189,1.19,1.75
2017.05.01 19:28:53.345,1.21885,1.2189,1.25,1.00
2017.05.01 19:28:53.398,1.21885,1.21892,2.81,4.12
2017.05.01 19:28:53.449,1.21885,1.21892,1.31,3.37
2017.05.01 19:28:54.132,1.21885,1.21892,1.31,1.12
2017.05.01 19:28:55.582,1.21885,1.21893,1.12,6.04
2017.05.01 19:28:55.832,1.21884,1.21891,3.37,1.00
2017.05.01 19:28:56.387,1.21884,1.21892,3.37,1.00
2017.05.01 19:28:56.894,1.21885,1.21892,1.37,6.00
2017.05.01 19:28:57.200,1.21885,1.2189,1.37,1.50
2017.05.01 19:28:57.933,1.21882,1.2189,1.37,3.00
2017.05.01 19:28:58.441,1.21884,1.2189,1.12,4.87
2017.05.01 19:28:59.528,1.21884,1.2189,1.37,3.19
2017.05.01 19:28:59.630,1.21887,1.21891,1.00,1.00
2017.05.01 19:28:59.935,1.21887,1.21893,1.19,2.25
2017.05.01 19:29:00.138,1.2189,1.21894,1.00,1.00
2017.05.01 19:29:00.653,1.21889,1.21895,1.87,1.87
2017.05.01 19:29:01.207,1.2189,1.21895,1.00,3.37
2017.05.01 19:29:01.757,1.21888,1.21892,1.00,1.12
2017.05.01 19:29:02.164,1.21888,1.21894,1.31,1.50
2017.05.01 19:29:02.676,1.21888,1.21894,1.62,1.00
2017.05.01 19:29:03.216,1.2189,1.21895,1.87,1.50
2017.05.01 19:29:04.076,1.2189,1.21895,1.00,3.75
2017.05.01 19:29:04.652,1.21887,1.21895,1.69,3.94
2017.05.01 19:29:05.196,1.21887,1.21895,1.69,5.81
2017.05.01 19:29:05.854,1.21887,1.21895,1.94,4.69
2017.05.01 19:29:06.508,1.21888,1.21895,1.25,3.94
2017.05.01 19:29:08.143,1.21889,1.21895,1.12,3.94
2017.05.01 19:29:09.082,1.21888,1.21895,1.31,4.31
2017.05.01 19:29:09.615,1.2189,1.21895,1.00,3.79
2017.05.01 19:29:09.666,1.21888,1.21895,1.31,3.79
2017.05.01 19:29:10.211,1.21888,1.21894,1.31,1.00
2017.05.01 19:29:10.621,1.2189,1.21895,1.00,3.19
2017.05.01 19:29:15.854,1.21889,1.21895,1.12,2.44
2017.05.01 19:29:16.405,1.21888,1.21894,1.69,1.12
2017.05.01 19:29:19.643,1.21888,1.21894,1.31,1.12
2017.05.01 19:29:20.668,1.21888,1.21894,1.69,1.12
2017.05.01 19:29:22.422,1.2189,1.21894,1.87,1.12
2017.05.01 19:29:22.946,1.21888,1.21895,1.50,1.69
2017.05.01 19:29:24.354,1.21889,1.21895,2.25,1.69
2017.05.01 19:29:24.862,1.21889,1.21894,1.50,1.00
2017.05.01 19:29:25.180,1.21891,1.21897,1.57,2.25
2017.05.01 19:29:25.384,1.21891,1.21897,1.50,1.00
2017.05.01 19:29:25.608,1.21891,1.21897,1.50,1.00
2017.05.01 19:29:26.170,1.21891,1.21897,1.50,1.00
2017.05.01 19:29:26.753,1.21891,1.21898,1.50,1.00
2017.05.01 19:29:27.287,1.21891,1.21898,1.50,1.00
2017.05.01 19:29:27.798,1.2189,1.21897,1.50,1.00
2017.05.01 19:29:32.044,1.2189,1.21897,2.25,1.00
2017.05.01 19:29:32.594,1.2189,1.21897,1.00,1.50
2017.05.01 19:29:35.135,1.21889,1.21898,4.69,2.62
2017.05.01 19:29:35.676,1.21889,1.21898,3.94,1.87
2017.05.01 19:29:38.963,1.21891,1.21898,1.50,1.87
2017.05.01 19:29:39.954,1.2189,1.21899,2.25,3.19
2017.05.01 19:29:41.934,1.21891,1.21898,1.50,1.00
2017.05.01 19:29:43.062,1.21891,1.21899,1.50,1.69
2017.05.01 19:29:44.274,1.21891,1.21898,1.50,1.00
2017.05.01 19:29:45.576,1.21891,1.21898,1.50,1.00
2017.05.01 19:29:47.021,1.21891,1.21898,1.50,1.00
2017.05.01 19:29:47.544,1.21891,1.21898,1.50,1.00
2017.05.01 19:29:48.055,1.21891,1.21899,1.37,3.19
2017.05.01 19:29:50.100,1.21894,1.21899,1.25,1.87
2017.05.01 19:29:50.451,1.21896,1.21901,1.00,1.00
2017.05.01 19:29:50.502,1.21896,1.21903,1.12,2.06
2017.05.01 19:29:51.017,1.21896,1.21902,1.12,1.12
2017.05.01 19:29:51.859,1.21896,1.21902,1.62,1.00
2017.05.01 19:29:52.013,1.21897,1.21904,1.50,1.00
2017.05.01 19:29:52.276,1.21897,1.21905,1.50,2.25
2017.05.01 19:29:52.884,1.21897,1.21905,1.50,1.50
2017.05.01 19:29:53.407,1.21899,1.21905,1.00,1.00
2017.05.01 19:29:53.560,1.21897,1.21904,1.12,1.12
2017.05.01 19:29:54.318,1.21897,1.21904,1.00,2.25
2017.05.01 19:29:54.635,1.21897,1.21904,1.37,3.37
2017.05.01 19:29:55.978,1.21897,1.21904,1.37,2.62
2017.05.01 19:29:56.487,1.21897,1.21904,1.37,2.62
2017.05.01 19:29:58.734,1.21896,1.21903,1.00,1.12
2017.05.01 19:29:58.787,1.21895,1.219,3.37,1.00
2017.05.01 19:29:58.838,1.21897,1.21903,1.00,1.50
2017.05.01 19:29:59.093,1.21895,1.21901,1.75,1.00
2017.05.01 19:29:59.230,1.21893,1.219,2.25,1.00
2017.05.01 19:29:59.742,1.21895,1.219,1.12,1.00
2017.05.01 19:30:00.505,1.21894,1.21901,2.44,3.37
2017.05.01 19:30:00.859,1.21893,1.219,2.62,3.56
2017.05.01 19:30:01.368,1.21894,1.219,1.50,1.12
2017.05.01 19:30:01.675,1.21895,1.219,1.37,1.00
2017.05.01 19:30:02.355,1.21895,1.21901,1.37,1.00
2017.05.01 19:30:03.100,1.21893,1.219,1.50,1.19
2017.05.01 19:30:03.609,1.21893,1.219,1.37,2.25
2017.05.01 19:30:06.184,1.21895,1.219,1.00,1.50
2017.05.01 19:30:06.236,1.21892,1.21899,1.00,2.10
2017.05.01 19:30:06.958,1.21891,1.21899,1.50,5.10
2017.05.01 19:30:07.495,1.21891,1.21898,1.37,1.12
2017.05.01 19:30:08.039,1.21891,1.21899,1.37,5.85
2017.05.01 19:30:08.344,1.21891,1.21895,1.50,1.00
2017.05.01 19:30:09.685,1.21891,1.21896,1.50,1.00
2017.05.01 19:30:09.787,1.21891,1.21898,1.50,1.87
2017.05.01 19:30:10.644,1.21891,1.21897,1.87,1.00
2017.05.01 19:30:11.306,1.21891,1.21898,1.12,2.25
2017.05.01 19:30:12.575,1.2189,1.21897,1.87,2.62
2017.05.01 19:30:12.626,1.21889,1.21895,1.87,1.00
2017.05.01 19:30:12.729,1.2189,1.21897,1.12,4.12
2017.05.01 19:30:12.780,1.2189,1.21895,1.12,1.50
2017.05.01 19:30:13.301,1.21887,1.21895,3.19,1.37
2017.05.01 19:30:14.073,1.21887,1.21895,1.50,1.87
2017.05.01 19:30:14.582,1.21888,1.21895,1.50,2.25
2017.05.01 19:30:15.582,1.21887,1.21894,3.00,1.00
2017.05.01 19:30:16.092,1.21887,1.21894,1.00,1.00
2017.05.01 19:30:16.490,1.21889,1.21895,1.00,2.44
2017.05.01 19:30:17.005,1.21888,1.21895,1.50,3.37
2017.05.01 19:30:21.673,1.21889,1.21896,1.50,3.19
2017.05.01 19:30:22.420,1.21887,1.21895,3.00,1.50
2017.05.01 19:30:23.976,1.21887,1.21896,3.94,3.94
2017.05.01 19:30:24.583,1.21887,1.21895,3.94,1.50
2017.05.01 19:30:25.561,1.21888,1.21896,1.50,3.19
2017.05.01 19:30:26.085,1.21888,1.21895,1.50,2.25
2017.05.01 19:30:26.725,1.21888,1.21895,1.00,2.25
2017.05.01 19:30:27.375,1.21888,1.21896,1.00,3.60
2017.05.01 19:30:27.713,1.2189,1.21896,1.25,1.00
2017.05.01 19:30:28.380,1.21891,1.21896,1.00,1.50
2017.05.01 19:30:28.913,1.21891,1.21897,1.12,1.00
2017.05.01 19:30:29.448,1.2189,1.21897,1.25,1.72
2017.05.01 19:30:35.085,1.21889,1.21897,1.00,2.81
2017.05.01 19:30:35.407,1.2189,1.21895,1.00,2.25
2017.05.01 19:30:35.915,1.21888,1.21895,1.50,1.50
2017.05.01 19:30:36.596,1.21888,1.21896,1.12,6.60
2017.05.01 19:30:37.116,1.21888,1.21896,1.37,5.85
2017.05.01 19:30:37.628,1.21888,1.21895,1.87,1.50
2017.05.01 19:30:38.547,1.21888,1.21896,1.87,5.85
2017.05.01 19:30:39.058,1.21888,1.21895,1.87,1.00
2017.05.01 19:30:40.593,1.21888,1.21895,1.87,2.44
2017.05.01 19:30:40.898,1.21889,1.21895,1.50,1.12
2017.05.01 19:30:41.502,1.21889,1.21896,2.25,1.00
2017.05.01 19:30:42.095,1.2189,1.21897,1.87,3.60
2017.05.01 19:30:43.357,1.21891,1.21897,1.12,1.50
2017.05.01 19:30:44.380,1.21891,1.21897,1.50,1.12
2017.05.01 19:30:45.704,1.21892,1.21898,1.81,1.12
2017.05.01 19:30:45.755,1.2189,1.21898,2.36,1.12
2017.05.01 19:30:46.113,1.21895,1.21899,2.62,1.50
2017.05.01 19:30:46.215,1.21894,1.21901,1.87,2.00
2017.05.01 19:30:46.369,1.21894,1.21901,1.50,1.25
2017.05.01 19:30:47.385,1.21895,1.21901,1.87,1.69
2017.05.01 19:30:47.966,1.21895,1.219,1.87,1.00
2017.05.01 19:30:48.521,1.21895,1.21901,1.87,1.69
2017.05.01 19:30:50.215,1.21892,1.219,3.37,1.00
2017.05.01 19:30:50.266,1.21893,1.219,1.50,2.62
2017.05.01 19:30:50.571,1.21893,1.219,1.50,4.12
2017.05.01 19:30:50.774,1.21892,1.21898,1.37,1.50
2017.05.01 19:30:50.877,1.21891,1.21898,1.12,2.62
2017.05.01 19:30:51.476,1.2189,1.21898,3.75,3.37
2017.05.01 19:30:51.986,1.21891,1.21898,1.00,3.37
2017.05.01 19:30:52.786,1.21891,1.21897,1.12,1.00
2017.05.01 19:30:53.413,1.21891,1.21897,1.50,1.00
2017.05.01 19:30:53.883,1.21891,1.21897,1.00,1.00
2017.05.01 19:30:54.406,1.2189,1.21897,4.50,1.00
2017.05.01 19:30:57.372,1.21893,1.21897,1.00,1.00
2017.05.01 19:30:58.125,1.21893,1.21899,1.00,1.31
2017.05.01 19:30:58.279,1.21895,1.21901,1.37,3.00
2017.05.01 19:30:58.787,1.21895,1.21901,1.87,1.50
2017.05.01 19:30:59.348,1.21895,1.21902,1.87,2.25
2017.05.01 19:31:05.520,1.219,1.21902,1.00,1.00
2017.05.01 19:31:05.724,1.21899,1.21906,1.12,1.50
2017.05.01 19:31:06.435,1.21897,1.21905,2.44,1.00
2017.05.01 19:31:12.938,1.21897,1.21902,1.50,1.00
2017.05.01 19:31:13.142,1.21895,1.219,1.00,1.00
2017.05.01 19:31:13.244,1.21893,1.219,2.81,1.00
2017.05.01 19:31:13.396,1.21895,1.219,1.00,1.35
2017.05.01 19:31:13.448,1.21893,1.21901,1.31,3.22
2017.05.01 19:31:13.499,1.21895,1.219,1.00,1.00
2017.05.01 19:31:13.570,1.21893,1.219,1.12,1.31
2017.05.01 19:31:13.701,1.21893,1.219,1.37,1.50
2017.05.01 19:31:13.753,1.21893,1.219,1.00,1.12
2017.05.01 19:31:14.061,1.21895,1.21901,1.00,2.25
2017.05.01 19:31:14.215,1.21894,1.21902,2.25,1.69
2017.05.01 19:31:14.724,1.21895,1.21902,1.00,1.31
2017.05.01 19:31:15.295,1.21895,1.21902,1.00,2.06
2017.05.01 19:31:16.352,1.21895,1.21902,1.00,1.87
2017.05.01 19:31:16.873,1.21895,1.21903,1.12,2.62
2017.05.01 19:31:17.416,1.21896,1.21903,1.00,1.87
2017.05.01 19:31:17.953,1.21896,1.21903,1.00,1.12
2017.05.01 19:31:24.944,1.21896,1.21903,1.00,1.50
2017.05.01 19:31:25.505,1.21896,1.21903,1.00,1.12
2017.05.01 19:31:27.070,1.21895,1.21903,4.31,1.12
2017.05.01 19:31:27.172,1.21895,1.21904,9.59,1.00
2017.05.01 19:31:27.795,1.21897,1.21905,2.10,1.00
2017.05.01 19:31:28.326,1.21897,1.21906,5.84,2.25
2017.05.01 19:31:29.791,1.21898,1.21905,3.37,1.00
2017.05.01 19:31:30.338,1.21898,1.21906,1.37,1.50
2017.05.01 19:31:30.845,1.21898,1.21906,1.37,2.25
2017.05.01 19:31:32.773,1.21898,1.21905,1.37,1.00
2017.05.01 19:31:35.014,1.21898,1.21901,1.87,2.25
2017.05.01 19:31:35.123,1.21893,1.21897,1.00,2.10
2017.05.01 19:31:35.245,1.21889,1.21895,1.00,2.85
2017.05.01 19:31:36.009,1.21889,1.21896,1.12,3.00
2017.05.01 19:31:36.704,1.21888,1.21895,3.37,1.00
2017.05.01 19:31:39.156,1.21887,1.21895,1.50,3.00
2017.05.01 19:31:41.440,1.21889,1.21895,1.00,2.62
2017.05.01 19:31:42.018,1.21889,1.21895,1.37,1.00
2017.05.01 19:31:42.374,1.2189,1.21897,3.94,1.12
2017.05.01 19:31:42.902,1.21892,1.21898,1.12,1.00
2017.05.01 19:31:43.411,1.21892,1.21899,1.00,1.00
2017.05.01 19:31:43.513,1.2189,1.21897,1.00,1.00
2017.05.01 19:31:43.819,1.2189,1.21898,2.25,1.69
2017.05.01 19:31:44.258,1.21892,1.21899,1.37,1.50
2017.05.01 19:31:44.848,1.21892,1.21899,1.12,1.00
2017.05.01 19:31:44.989,1.21892,1.21895,1.50,1.12
2017.05.01 19:31:45.143,1.2189,1.21895,1.00,2.29
2017.05.01 19:31:45.460,1.21887,1.21893,1.12,1.05
2017.05.01 19:31:45.969,1.21886,1.21893,3.00,1.05
2017.05.01 19:31:46.477,1.21885,1.21892,4.87,1.00
2017.05.01 19:31:47.397,1.21886,1.21892,1.56,1.00
2017.05.01 19:31:47.929,1.21886,1.21892,1.56,1.25
2017.05.01 19:31:49.989,1.21886,1.21892,4.24,1.00
2017.05.01 19:31:50.040,1.21889,1.21894,1.12,1.50
2017.05.01 19:31:50.602,1.21889,1.21896,2.99,1.69
2017.05.01 19:31:51.150,1.21889,1.21896,2.62,1.25
2017.05.01 19:31:51.672,1.21889,1.21896,2.99,1.19
2017.05.01 19:31:52.736,1.21889,1.21895,3.37,1.25
2017.05.01 19:31:53.583,1.21889,1.21896,3.74,1.00
2017.05.01 19:31:53.892,1.21887,1.2189,1.87,1.00
2017.05.01 19:31:53.994,1.21886,1.2189,1.00,1.50
2017.05.01 19:31:54.539,1.21885,1.2189,1.87,1.00
2017.05.01 19:31:54.868,1.21885,1.2189,4.87,1.00
2017.05.01 19:31:54.919,1.21886,1.21892,2.62,1.00
2017.05.01 19:31:55.452,1.21886,1.21893,1.87,2.44
2017.05.01 19:31:55.859,1.21886,1.2189,1.37,1.00
2017.05.01 19:31:58.708,1.21886,1.21889,1.37,1.00
2017.05.01 19:31:59.994,1.21884,1.21888,1.12,1.00
2017.05.01 19:32:00.521,1.21884,1.21888,1.87,1.00
2017.05.01 19:32:00.806,1.21885,1.2189,1.12,2.62
2017.05.01 19:32:01.325,1.21882,1.2189,4.69,2.62
2017.05.01 19:32:01.841,1.21882,1.2189,4.69,1.00
2017.05.01 19:32:01.943,1.21884,1.2189,2.06,1.00
2017.05.01 19:32:02.046,1.21886,1.21892,1.37,1.87
2017.05.01 19:32:02.761,1.21886,1.21891,1.50,1.00
2017.05.01 19:32:02.913,1.21884,1.2189,1.87,2.10
2017.05.01 19:32:03.296,1.21885,1.21888,1.12,1.00
2017.05.01 19:32:03.854,1.21885,1.21889,2.06,1.00
2017.05.01 19:32:04.362,1.21885,1.21889,1.12,1.00
2017.05.01 19:32:05.463,1.21885,1.21891,5.25,1.00
2017.05.01 19:32:05.780,1.21886,1.21893,3.00,1.87
2017.05.01 19:32:06.287,1.21886,1.21892,2.25,1.00
2017.05.01 19:32:07.238,1.21886,1.21893,2.25,2.62
2017.05.01 19:32:09.390,1.21886,1.2189,1.00,1.00
2017.05.01 19:32:09.593,1.21883,1.21889,1.00,1.00
2017.05.01 19:32:10.446,1.21883,1.21888,1.00,1.00
2017.05.01 19:32:10.954,1.21882,1.21888,1.12,1.50
2017.05.01 19:32:11.463,1.21882,1.21886,1.12,1.00
2017.05.01 19:32:12.321,1.21884,1.21888,1.00,1.00
2017.05.01 19:32:12.830,1.21884,1.21889,1.00,1.12
2017.05.01 19:32:13.334,1.21884,1.21888,1.00,1.00
2017.05.01 19:32:13.859,1.21883,1.21888,1.12,1.00
2017.05.01 19:32:14.492,1.21883,1.2189,1.00,2.85
2017.05.01 19:32:17.588,1.21884,1.21889,1.12,1.00
2017.05.01 19:32:18.095,1.21883,1.21889,1.50,1.12
2017.05.01 19:32:18.349,1.21882,1.21887,1.00,1.25
2017.05.01 19:32:18.755,1.21881,1.21885,1.37,1.00
2017.05.01 19:32:18.959,1.21881,1.21887,1.87,2.06
2017.05.01 19:32:19.315,1.21884,1.21887,1.00,1.25
2017.05.01 19:32:21.099,1.21884,1.21889,1.00,1.00
2017.05.01 19:32:21.723,1.21885,1.2189,1.25,1.50
2017.05.01 19:32:24.135,1.21884,1.21889,1.00,1.00
2017.05.01 19:32:26.143,1.21885,1.2189,1.00,1.50
2017.05.01 19:32:26.194,1.21883,1.21889,1.12,1.00
2017.05.01 19:32:26.296,1.21882,1.21886,2.44,1.00
2017.05.01 19:32:26.831,1.21882,1.21886,1.12,1.00
2017.05.01 19:32:27.339,1.21883,1.21888,1.00,1.12
2017.05.01 19:32:28.590,1.21883,1.21889,1.00,1.31
2017.05.01 19:32:29.595,1.21883,1.21888,1.00,1.00
2017.05.01 19:32:30.189,1.21882,1.21888,1.12,1.00
2017.05.01 19:32:30.617,1.21885,1.21889,1.00,1.00
2017.05.01 19:32:31.315,1.21882,1.21889,2.62,1.00
2017.05.01 19:32:31.671,1.21886,1.2189,1.00,1.00
2017.05.01 19:32:31.722,1.21886,1.21892,1.00,1.00
2017.05.01 19:32:31.875,1.21886,1.21893,1.37,1.00
2017.05.01 19:32:32.736,1.21886,1.21894,1.37,2.62
2017.05.01 19:32:33.185,1.21886,1.21894,1.12,2.06
2017.05.01 19:32:33.541,1.21886,1.21894,1.87,2.44
2017.05.01 19:32:33.592,1.21886,1.21894,1.12,2.06
2017.05.01 19:32:34.127,1.21886,1.21894,1.37,2.44
2017.05.01 19:32:34.437,1.21886,1.21893,1.37,2.06
2017.05.01 19:32:34.582,1.21888,1.21894,1.00,1.87
2017.05.01 19:32:35.042,1.21892,1.21897,1.00,3.60
2017.05.01 19:32:35.093,1.2189,1.21896,1.12,1.00
2017.05.01 19:32:35.604,1.21892,1.21898,1.25,1.50
2017.05.01 19:32:36.148,1.21891,1.21897,1.19,1.12
2017.05.01 19:32:36.484,1.21891,1.21895,1.19,1.00
2017.05.01 19:32:37.079,1.21891,1.21896,1.31,1.87
2017.05.01 19:32:38.346,1.21891,1.21897,1.31,1.12
2017.05.01 19:32:38.955,1.21891,1.21895,1.19,1.00
2017.05.01 19:32:39.107,1.21891,1.21897,1.19,1.87
2017.05.01 19:32:39.616,1.21891,1.21897,1.12,1.00
2017.05.01 19:32:40.211,1.21891,1.21897,1.50,1.12
2017.05.01 19:32:40.364,1.21891,1.21895,1.50,1.00
2017.05.01 19:32:40.415,1.21891,1.21897,1.50,1.12
2017.05.01 19:32:40.924,1.21891,1.21898,1.69,1.12
2017.05.01 19:32:41.587,1.21891,1.219,2.81,1.50
2017.05.01 19:32:42.179,1.21893,1.21899,1.00,1.00
2017.05.01 19:32:42.598,1.21891,1.21897,1.31,1.50
2017.05.01 19:32:42.650,1.2189,1.21897,3.56,2.25
2017.05.01 19:32:43.056,1.21893,1.21898,1.00,1.00
2017.05.01 19:32:44.043,1.21892,1.21899,1.25,1.50
2017.05.01 19:32:44.450,1.21895,1.219,1.00,2.25
2017.05.01 19:32:44.705,1.21893,1.219,1.12,1.50
2017.05.01 19:32:46.993,1.21893,1.219,1.31,1.50
2017.05.01 19:32:49.404,1.21895,1.219,1.00,1.50
2017.05.01 19:32:49.914,1.21894,1.21901,1.69,3.94
2017.05.01 19:32:50.425,1.21895,1.219,1.00,1.12
2017.05.01 19:32:51.132,1.21894,1.219,1.00,1.12
2017.05.01 19:32:52.625,1.21895,1.21901,1.00,2.44
2017.05.01 19:32:53.156,1.21894,1.21901,1.50,4.31
2017.05.01 19:32:53.664,1.21895,1.21901,1.00,3.94
2017.05.01 19:32:54.003,1.21895,1.21901,1.00,2.44
2017.05.01 19:32:54.812,1.21894,1.21901,2.25,2.44
2017.05.01 19:32:55.081,1.21896,1.21902,1.00,3.00
2017.05.01 19:32:55.605,1.21896,1.21901,1.12,1.00
2017.05.01 19:32:56.114,1.21896,1.21902,1.12,1.50
2017.05.01 19:32:58.494,1.21896,1.219,1.12,1.00
2017.05.01 19:32:58.545,1.21896,1.21902,1.12,1.50
2017.05.01 19:32:59.848,1.21896,1.21902,1.00,1.87
2017.05.01 19:33:00.356,1.21896,1.21902,1.00,1.87
2017.05.01 19:33:02.738,1.21896,1.219,1.00,1.00
2017.05.01 19:33:02.789,1.21896,1.21902,1.00,1.12
2017.05.01 19:33:05.196,1.21896,1.21903,1.00,1.12
2017.05.01 19:33:05.310,1.21896,1.21903,1.19,1.00
2017.05.01 19:33:06.489,1.21896,1.21904,1.69,2.62
2017.05.01 19:33:06.898,1.21896,1.21904,1.50,2.62
2017.05.01 19:33:07.598,1.21896,1.21904,1.12,2.62
2017.05.01 19:33:11.881,1.21896,1.21904,1.31,1.87
2017.05.01 19:33:12.432,1.21896,1.21903,3.56,1.00
2017.05.01 19:33:12.945,1.21896,1.21904,3.94,1.87
2017.05.01 19:33:13.147,1.219,1.21903,1.00,1.00
2017.05.01 19:33:13.198,1.21896,1.21903,3.94,1.00
2017.05.01 19:33:14.005,1.21897,1.21904,1.37,2.62
2017.05.01 19:33:14.158,1.21896,1.21904,2.44,4.12
2017.05.01 19:33:14.260,1.21896,1.21903,2.25,1.37
2017.05.01 19:33:14.630,1.21896,1.21903,3.56,1.00
2017.05.01 19:33:15.263,1.21896,1.21905,3.94,5.10
2017.05.01 19:33:19.112,1.21896,1.21903,3.56,1.00
2017.05.01 19:33:19.163,1.21896,1.21905,3.56,7.35
2017.05.01 19:33:19.711,1.21896,1.21904,3.37,1.12
2017.05.01 19:33:21.349,1.21896,1.21904,1.87,1.50
2017.05.01 19:33:23.525,1.21896,1.21904,1.50,3.00
2017.05.01 19:33:25.393,1.21898,1.21904,1.12,1.00
2017.05.01 19:33:25.988,1.21897,1.21904,1.50,1.12
2017.05.01 19:33:26.293,1.21897,1.21904,1.69,1.00
2017.05.01 19:33:27.392,1.21898,1.21904,1.87,1.00
2017.05.01 19:33:30.319,1.21898,1.21902,1.00,1.00
2017.05.01 19:33:30.835,1.21897,1.21903,1.50,1.00
2017.05.01 19:33:32.971,1.21897,1.21902,1.50,1.00
2017.05.01 19:33:33.819,1.21897,1.21903,1.50,1.00
2017.05.01 19:33:34.353,1.21898,1.21903,1.00,1.00
2017.05.01 19:33:34.820,1.21898,1.21905,1.00,3.37
2017.05.01 19:33:37.237,1.21899,1.21905,1.12,2.25
2017.05.01 19:33:37.764,1.21899,1.21904,1.00,1.00
2017.05.01 19:33:38.410,1.21897,1.21904,2.25,1.00
2017.05.01 19:33:39.694,1.21897,1.21903,2.06,1.00
2017.05.01 19:33:40.237,1.21897,1.21904,1.87,1.00
2017.05.01 19:33:40.787,1.21897,1.21904,1.50,1.00
2017.05.01 19:33:41.294,1.21897,1.21903,1.12,1.35
2017.05.01 19:33:46.767,1.21897,1.21904,1.50,1.50
2017.05.01 19:33:47.304,1.21897,1.21903,1.00,1.00
2017.05.01 19:33:49.118,1.21896,1.21904,1.50,1.12
2017.05.01 19:33:49.648,1.21896,1.21903,1.50,1.00
2017.05.01 19:33:49.944,1.21896,1.21903,3.00,1.00
2017.05.01 19:33:52.074,1.21898,1.21904,1.00,1.87
2017.05.01 19:33:52.354,1.21901,1.21908,1.12,2.25
2017.05.01 19:33:52.876,1.21901,1.21908,1.50,1.12
2017.05.01 19:33:53.386,1.21902,1.21908,1.37,1.12
2017.05.01 19:33:54.878,1.21902,1.21909,1.00,1.87
2017.05.01 19:33:56.701,1.21901,1.21909,1.69,1.87
2017.05.01 19:33:57.911,1.21901,1.21909,1.69,1.37
2017.05.01 19:34:00.035,1.21901,1.21909,1.69,1.12
2017.05.01 19:34:01.034,1.21903,1.2191,1.00,3.37
2017.05.01 19:34:01.187,1.21903,1.2191,1.00,3.37
2017.05.01 19:34:01.696,1.21903,1.2191,1.00,3.37
2017.05.01 19:34:02.206,1.21902,1.2191,1.50,3.75
2017.05.01 19:34:02.966,1.21903,1.2191,1.12,2.25
2017.05.01 19:34:03.582,1.21903,1.21909,1.12,1.31
2017.05.01 19:34:04.141,1.21903,1.21909,1.37,2.06
2017.05.01 19:34:05.157,1.21902,1.21909,1.87,1.25
2017.05.01 19:34:05.906,1.21903,1.2191,1.19,2.62
2017.05.01 19:34:06.008,1.21905,1.21912,2.81,1.87
2017.05.01 19:34:06.535,1.21905,1.21912,4.50,1.87
2017.05.01 19:34:07.064,1.21906,1.21912,1.12,1.00
2017.05.01 19:34:07.830,1.2191,1.21915,1.00,4.12
2017.05.01 19:34:08.136,1.21917,1.21922,1.69,1.75
2017.05.01 19:34:08.187,1.21917,1.21922,1.69,1.00
2017.05.01 19:34:08.760,1.21919,1.21921,1.12,1.00
2017.05.01 19:34:09.912,1.21918,1.21921,1.50,1.00
2017.05.01 19:34:11.229,1.21918,1.21922,1.56,1.00
2017.05.01 19:34:16.337,1.21917,1.21922,2.44,1.00
2017.05.01 19:34:16.885,1.21917,1.21922,1.62,1.00
2017.05.01 19:34:17.836,1.2192,1.21922,1.25,1.00
2017.05.01 19:34:18.449,1.21918,1.21922,1.50,1.00
2017.05.01 19:34:19.306,1.21918,1.21922,1.19,1.00
2017.05.01 19:34:20.484,1.21918,1.21922,1.00,1.00
2017.05.01 19:34:20.994,1.21918,1.21922,1.56,1.00
2017.05.01 19:34:26.127,1.2192,1.21922,1.00,1.00
2017.05.01 19:34:26.642,1.21918,1.21922,1.69,1.00
2017.05.01 19:34:27.895,1.21919,1.21922,1.62,1.00
2017.05.01 19:34:32.781,1.21919,1.21921,1.25,1.00
2017.05.01 19:34:41.725,1.21919,1.21922,1.62,1.00
2017.05.01 19:34:42.988,1.21916,1.21921,5.81,1.00
2017.05.01 19:34:43.304,1.21919,1.21922,2.06,1.00
2017.05.01 19:34:43.863,1.21918,1.21921,1.69,1.00
2017.05.01 19:34:48.500,1.21916,1.21921,1.69,1.00
2017.05.01 19:34:50.840,1.21917,1.21921,1.62,1.00
2017.05.01 19:34:51.344,1.21917,1.21921,1.62,1.00
2017.05.01 19:34:53.154,1.21916,1.21921,2.06,1.00
2017.05.01 19:34:53.563,1.2192,1.21922,1.00,1.00
2017.05.01 19:34:55.465,1.21918,1.21922,1.00,1.00
2017.05.01 19:34:56.075,1.21918,1.21922,1.37,1.00
2017.05.01 19:35:00.140,1.2192,1.21922,1.25,1.00
2017.05.01 19:35:01.130,1.2192,1.21922,1.25,1.00
2017.05.01 19:35:02.376,1.2192,1.21922,1.62,1.00
2017.05.01 19:35:02.668,1.21922,1.21925,1.75,1.00
2017.05.01 19:35:02.720,1.21922,1.21927,1.75,1.31
2017.05.01 19:35:02.773,1.21921,1.21924,1.75,1.00
2017.05.01 19:35:03.130,1.2192,1.21922,1.50,1.00
2017.05.01 19:35:03.384,1.21919,1.21922,1.31,1.00
2017.05.01 19:35:03.892,1.2192,1.21922,1.87,1.00
2017.05.01 19:35:04.436,1.2192,1.21922,1.50,1.00
2017.05.01 19:35:04.984,1.2192,1.21922,1.50,1.00
2017.05.01 19:35:06.090,1.2192,1.21924,3.37,1.00
2017.05.01 19:35:06.682,1.2192,1.21922,1.12,1.00
2017.05.01 19:35:07.200,1.2192,1.21922,1.87,1.00
2017.05.01 19:35:09.331,1.2192,1.21923,1.87,1.00
2017.05.01 19:35:09.536,1.21921,1.21923,1.12,1.00
2017.05.01 19:35:09.587,1.21921,1.21924,1.37,1.00
2017.05.01 19:35:09.689,1.21921,1.21923,1.12,1.00
2017.05.01 19:35:09.791,1.21921,1.21924,1.37,1.00
2017.05.01 19:35:10.387,1.21921,1.21924,1.37,1.00
2017.05.01 19:35:12.121,1.2192,1.21922,1.50,1.00
2017.05.01 19:35:12.325,1.2192,1.21923,1.50,1.00
2017.05.01 19:35:12.944,1.21919,1.21924,3.94,1.00
2017.05.01 19:35:13.143,1.21921,1.21923,1.12,1.00
2017.05.01 19:35:13.194,1.21921,1.21924,1.50,1.00
2017.05.01 19:35:13.398,1.2192,1.21922,1.87,1.00
2017.05.01 19:35:14.828,1.2192,1.21923,2.25,1.00
2017.05.01 19:35:15.255,1.2192,1.21922,2.25,1.00
2017.05.01 19:35:15.788,1.2192,1.21922,1.87,1.00
2017.05.01 19:35:17.080,1.2192,1.21922,2.25,1.00
2017.05.01 19:35:17.894,1.2192,1.21922,2.25,1.00
2017.05.01 19:35:22.879,1.21918,1.21921,1.62,1.00
2017.05.01 19:35:23.726,1.2192,1.21921,1.12,1.00
2017.05.01 19:35:24.231,1.21919,1.21922,1.37,1.00
2017.05.01 19:35:24.464,1.21919,1.21921,1.12,1.00
2017.05.01 19:35:26.173,1.21919,1.21922,1.37,1.00
2017.05.01 19:35:26.336,1.21917,1.21921,1.69,1.00
2017.05.01 19:35:27.498,1.21916,1.21922,2.25,1.25
2017.05.01 19:35:27.549,1.21917,1.21922,1.00,1.00
2017.05.01 19:35:28.132,1.21916,1.21922,1.50,1.50
2017.05.01 19:35:28.893,1.21916,1.21922,2.44,1.50
2017.05.01 19:35:29.885,1.21917,1.21921,1.00,1.00
2017.05.01 19:35:29.988,1.21913,1.21921,1.00,3.75
2017.05.01 19:35:30.192,1.21911,1.2192,2.81,5.25
2017.05.01 19:35:30.858,1.21911,1.2192,2.44,5.25
2017.05.01 19:35:31.165,1.21911,1.21916,1.87,1.00
2017.05.01 19:35:31.269,1.2191,1.21913,1.00,1.00
2017.05.01 19:35:31.523,1.21907,1.21913,1.31,1.50
2017.05.01 19:35:32.110,1.21907,1.21913,2.81,1.12
2017.05.01 19:35:32.621,1.21907,1.21914,3.19,1.12
2017.05.01 19:35:34.287,1.21908,1.21915,2.06,1.50
2017.05.01 19:35:34.697,1.21909,1.21916,1.87,1.50
2017.05.01 19:35:34.749,1.21908,1.21914,1.87,1.00
2017.05.01 19:35:35.315,1.21907,1.21914,3.19,1.12
2017.05.01 19:35:35.661,1.21907,1.21913,1.37,1.00
2017.05.01 19:35:36.169,1.21907,1.21913,1.12,1.50
2017.05.01 19:35:38.052,1.21907,1.21913,1.37,1.50
2017.05.01 19:35:38.170,1.21909,1.21915,1.62,2.44
2017.05.01 19:35:38.374,1.21909,1.21917,1.69,4.31
2017.05.01 19:35:38.476,1.21909,1.21917,1.69,4.69
2017.05.01 19:35:38.985,1.21909,1.21916,1.62,1.12
2017.05.01 19:35:39.496,1.21911,1.21918,1.00,1.19
2017.05.01 19:35:41.666,1.21907,1.21913,2.25,1.00
2017.05.01 19:35:42.175,1.21906,1.21913,3.75,1.00
2017.05.01 19:35:42.725,1.21907,1.21914,1.50,3.00
2017.05.01 19:35:43.233,1.21907,1.21913,1.37,1.00
2017.05.01 19:35:46.156,1.21907,1.21913,1.37,1.87
2017.05.01 19:35:46.663,1.21907,1.21913,1.37,1.50
2017.05.01 19:35:53.020,1.2191,1.21914,1.87,1.00
2017.05.01 19:35:53.122,1.2191,1.21917,1.12,3.94
2017.05.01 19:35:53.173,1.21913,1.21918,1.00,5.81
2017.05.01 19:35:53.224,1.21912,1.21918,1.25,5.06
2017.05.01 19:35:53.275,1.21911,1.21918,2.25,2.81
2017.05.01 19:35:53.567,1.21912,1.21918,2.62,2.25
2017.05.01 19:35:54.077,1.21914,1.21921,1.37,5.62
2017.05.01 19:35:54.591,1.21914,1.2192,1.37,1.44
2017.05.01 19:35:55.253,1.21914,1.21921,1.87,3.19
2017.05.01 19:35:55.762,1.21914,1.21919,1.37,1.12
2017.05.01 19:35:55.984,1.21913,1.21919,1.37,1.37
2017.05.01 19:35:56.238,1.21912,1.21919,1.87,2.62
2017.05.01 19:35:56.290,1.21912,1.21919,1.87,3.22
2017.05.01 19:35:56.392,1.21911,1.21918,1.50,2.06
2017.05.01 19:35:56.748,1.21913,1.21919,2.25,4.31
2017.05.01 19:35:57.269,1.21913,1.21919,1.87,3.00
2017.05.01 19:35:58.542,1.21915,1.2192,1.50,1.00
2017.05.01 19:35:59.442,1.21915,1.21922,1.37,4.12
2017.05.01 19:36:00.002,1.21915,1.2192,1.37,1.00
2017.05.01 19:36:00.511,1.21915,1.21921,1.37,1.87
2017.05.01 19:36:00.671,1.21914,1.2192,1.12,2.25
2017.05.01 19:36:01.281,1.21915,1.2192,1.37,2.62
2017.05.01 19:36:01.535,1.21913,1.2192,1.50,1.87
2017.05.01 19:36:01.587,1.21913,1.2192,1.37,1.87
2017.05.01 19:36:01.791,1.21913,1.2192,1.37,3.75
2017.05.01 19:36:02.343,1.21915,1.2192,1.37,1.00
2017.05.01 19:36:02.895,1.21914,1.21921,1.87,2.25
2017.05.01 19:36:03.411,1.21914,1.2192,1.37,1.00
2017.05.01 19:36:03.929,1.21914,1.21921,1.87,2.25
2017.05.01 19:36:04.366,1.21913,1.21919,1.50,1.00
2017.05.01 19:36:04.874,1.21913,1.2192,2.62,2.25
2017.05.01 19:36:05.030,1.21913,1.2192,1.37,1.50
2017.05.01 19:36:06.573,1.21913,1.21919,1.37,1.37
2017.05.01 19:36:06.776,1.21913,1.2192,1.37,3.37
2017.05.01 19:36:07.284,1.21912,1.21919,1.50,1.12
2017.05.01 19:36:09.097,1.21912,1.21919,1.37,1.87
2017.05.01 19:36:09.764,1.21913,1.21919,1.37,1.12
2017.05.01 19:36:13.504,1.21913,1.21919,1.37,1.00
2017.05.01 19:36:14.215,1.21913,1.2192,1.75,1.50
2017.05.01 19:36:17.559,1.21914,1.2192,1.87,1.00
2017.05.01 19:36:18.375,1.21914,1.21921,2.25,1.00
2017.05.01 19:36:18.898,1.21915,1.2192,1.50,1.00
2017.05.01 19:36:19.507,1.21914,1.21921,2.25,1.00
2017.05.01 19:36:21.973,1.21915,1.2192,1.50,1.00
2017.05.01 19:36:24.180,1.21915,1.2192,1.12,1.25
2017.05.01 19:36:24.713,1.21915,1.2192,2.25,1.25
2017.05.01 19:36:26.988,1.21915,1.21921,2.25,1.31
2017.05.01 19:36:29.469,1.21915,1.21921,1.12,3.19
2017.05.01 19:36:29.723,1.21914,1.2192,1.37,2.62
2017.05.01 19:36:29.825,1.21915,1.21921,1.87,3.19
2017.05.01 19:36:30.636,1.21915,1.2192,1.12,1.00
2017.05.01 19:36:31.137,1.21915,1.21921,1.12,2.06
2017.05.01 19:36:31.669,1.21915,1.2192,1.87,1.00
2017.05.01 19:36:32.365,1.21915,1.21921,1.12,1.69
2017.05.01 19:36:32.904,1.21913,1.2192,1.37,1.00
2017.05.01 19:36:33.415,1.21913,1.21921,1.50,2.44
2017.05.01 19:36:33.963,1.21913,1.2192,1.75,1.00
2017.05.01 19:36:34.716,1.21914,1.21921,1.37,2.81
2017.05.01 19:36:36.500,1.21913,1.2192,1.50,1.00
2017.05.01 19:36:37.007,1.21913,1.21921,1.50,1.25
2017.05.01 19:36:37.778,1.21913,1.2192,1.50,1.00
2017.05.01 19:36:38.285,1.21913,1.21921,1.50,2.44
2017.05.01 19:36:38.915,1.21913,1.2192,1.37,1.00
2017.05.01 19:36:39.421,1.21913,1.21921,1.37,1.31
2017.05.01 19:36:40.218,1.21913,1.2192,1.50,1.00
2017.05.01 19:36:40.725,1.21913,1.21921,1.50,2.44
2017.05.01 19:36:41.255,1.21915,1.2192,1.12,1.12
2017.05.01 19:36:42.068,1.21915,1.21921,1.12,3.37
2017.05.01 19:36:42.575,1.21915,1.2192,1.12,1.50
2017.05.01 19:36:43.179,1.21915,1.21921,1.12,2.62
2017.05.01 19:36:43.687,1.21915,1.2192,1.12,1.12
2017.05.01 19:36:44.248,1.21915,1.21921,1.12,3.37
2017.05.01 19:36:44.792,1.21915,1.2192,1.87,1.87
2017.05.01 19:36:47.400,1.21914,1.21921,1.37,1.87
2017.05.01 19:36:47.918,1.21915,1.2192,1.12,1.00
2017.05.01 19:36:48.874,1.21914,1.21921,1.37,2.62
2017.05.01 19:36:49.394,1.21914,1.21921,1.37,2.62
2017.05.01 19:36:49.921,1.21914,1.21921,1.37,1.12
2017.05.01 19:36:54.149,1.21912,1.2192,4.50,1.69
2017.05.01 19:37:03.152,1.21915,1.21922,1.87,3.56
2017.05.01 19:37:03.713,1.21915,1.21923,2.25,3.37
2017.05.01 19:37:04.384,1.21915,1.21923,2.25,3.37
2017.05.01 19:37:08.892,1.21915,1.21921,1.50,1.50
2017.05.01 19:37:09.492,1.21915,1.2192,1.87,1.87
2017.05.01 19:37:10.256,1.21915,1.21922,1.12,2.81
2017.05.01 19:37:11.365,1.21915,1.21922,1.12,2.81
2017.05.01 19:37:14.552,1.21912,1.2192,2.25,1.69
2017.05.01 19:37:14.654,1.21913,1.21921,3.00,3.75
2017.05.01 19:37:14.756,1.21913,1.2192,1.37,3.19
2017.05.01 19:37:24.366,1.21913,1.2192,2.62,2.81
2017.05.01 19:37:26.375,1.21915,1.2192,1.50,1.00
2017.05.01 19:37:26.599,1.21916,1.21922,1.37,1.00
2017.05.01 19:37:27.107,1.21916,1.21922,1.00,1.00
2017.05.01 19:37:27.878,1.21916,1.21922,1.12,1.37
2017.05.01 19:37:29.942,1.21915,1.21922,1.50,2.06
2017.05.01 19:37:30.462,1.21916,1.21922,1.12,1.31
2017.05.01 19:37:31.013,1.21917,1.21922,1.12,1.31
2017.05.01 19:37:31.317,1.21917,1.21922,4.87,1.25
2017.05.01 19:37:41.305,1.21915,1.21922,3.37,1.87
2017.05.01 19:37:41.815,1.21917,1.21922,1.12,1.69
2017.05.01 19:37:42.659,1.21918,1.21922,1.12,1.25
2017.05.01 19:37:43.180,1.21916,1.21922,1.12,1.25
2017.05.01 19:37:43.717,1.21917,1.21922,1.00,1.25
2017.05.01 19:37:45.672,1.21917,1.21922,1.37,1.25
2017.05.01 19:37:46.415,1.21917,1.21922,1.12,1.25
2017.05.01 19:37:48.218,1.21917,1.21922,1.37,1.25
2017.05.01 19:37:48.735,1.21919,1.21922,1.37,1.25
2017.05.01 19:37:49.255,1.21917,1.21922,1.37,1.25
2017.05.01 19:37:50.587,1.21918,1.21922,1.37,1.25
2017.05.01 19:37:51.110,1.21918,1.21922,3.00,1.25
2017.05.01 19:37:52.397,1.21918,1.21922,1.37,1.00
2017.05.01 19:37:53.139,1.21918,1.21922,1.37,1.25
2017.05.01 19:37:53.289,1.2192,1.21924,1.37,1.00
2017.05.01 19:37:53.797,1.21919,1.21923,3.75,1.00
2017.05.01 19:37:54.363,1.21919,1.21921,1.37,1.00
2017.05.01 19:37:54.414,1.21918,1.21921,1.12,1.00
2017.05.01 19:37:54.466,1.21918,1.21921,1.50,1.00
2017.05.01 19:37:54.932,1.21921,1.21927,1.50,2.25
2017.05.01 19:37:56.250,1.21922,1.21928,1.50,1.19
2017.05.01 19:37:56.352,1.21922,1.21929,1.50,1.00
2017.05.01 19:37:56.877,1.21923,1.2193,1.00,3.94
2017.05.01 19:37:57.386,1.21923,1.21929,1.00,1.00
2017.05.01 19:37:57.967,1.21923,1.2193,1.00,2.44
