2008.11.20 08:00:00.325,1.1912,1.19155,3.60,2.20
2008.11.20 08:00:00.725,1.1912,1.1915,6.00,2.20
2008.11.20 08:00:01.195,1.1912,1.19145,6.00,2.20
2008.11.20 08:00:01.485,1.19105,1.1913,3.70,1.00
2008.11.20 08:00:01.845,1.19105,1.19135,3.70,1.00
2008.11.20 08:00:02.355,1.19105,1.1914,3.70,1.00
2008.11.20 08:00:02.694,1.19105,1.19135,12.10,1.00
2008.11.20 08:00:03.144,1.1911,1.19145,4.20,1.00
2008.11.20 08:00:03.654,1.1911,1.1915,4.20,2.70
2008.11.20 08:00:04.004,1.19115,1.1914,3.70,1.00
2008.11.20 08:00:04.474,1.19115,1.1914,1.90,1.00
2008.11.20 08:00:05.074,1.191,1.19145,1.80,2.80
2008.11.20 08:00:05.414,1.1911,1.19135,1.90,1.00
2008.11.20 08:00:05.664,1.1911,1.19135,3.70,1.00
2008.11.20 08:00:06.084,1.1912,1.1916,1.90,2.70
2008.11.20 08:00:06.544,1.19125,1.1916,4.20,1.00
2008.11.20 08:00:06.894,1.1914,1.19175,3.70,1.00
2008.11.20 08:00:07.513,1.1915,1.19195,3.70,4.60
2008.11.20 08:00:07.873,1.1915,1.19195,4.30,2.20
2008.11.20 08:00:08.373,1.19155,1.1919,1.90,1.00
2008.11.20 08:00:08.723,1.1915,1.1917,1.90,1.00
2008.11.20 08:00:09.173,1.19135,1.19165,7.80,1.00
2008.11.20 08:00:09.683,1.1913,1.1917,1.20,2.70
2008.11.20 08:00:09.973,1.1913,1.19165,1.20,2.20
2008.11.20 08:00:10.313,1.19145,1.19175,1.90,2.20
2008.11.20 08:00:10.713,1.19145,1.1918,1.90,1.00
2008.11.20 08:00:11.233,1.1914,1.19165,3.70,1.00
2008.11.20 08:00:11.532,1.19145,1.19185,1.90,1.00
2008.11.20 08:00:11.872,1.19145,1.19185,1.90,1.00
2008.11.20 08:00:12.212,1.19145,1.1919,1.90,2.70
2008.11.20 08:00:12.492,1.19145,1.1919,1.90,3.10
2008.11.20 08:00:12.712,1.19145,1.19185,3.70,1.00
2008.11.20 08:00:13.302,1.19145,1.19175,6.10,1.00
2008.11.20 08:00:13.602,1.1915,1.19175,1.80,1.00
2008.11.20 08:00:13.882,1.1915,1.19175,4.20,1.00
2008.11.20 08:00:14.282,1.19145,1.19175,9.70,1.00
2008.11.20 08:00:15.021,1.1915,1.19175,1.80,1.00
2008.11.20 08:00:15.532,1.19155,1.19175,1.80,1.00
2008.11.20 08:00:15.941,1.19155,1.1917,1.80,2.20
2008.11.20 08:00:16.341,1.19155,1.19175,1.90,2.20
2008.11.20 08:00:16.641,1.1915,1.19175,1.80,2.20
2008.11.20 08:00:16.811,1.19145,1.19175,3.70,2.20
2008.11.20 08:00:17.411,1.19145,1.1916,1.90,2.20
2008.11.20 08:00:17.701,1.1913,1.19165,12.00,1.00
2008.11.20 08:00:18.400,1.19125,1.1915,6.00,1.00
2008.11.20 08:00:18.741,1.19115,1.1915,7.20,1.00
2008.11.20 08:00:19.190,1.1911,1.1915,1.80,1.00
2008.11.20 08:00:19.680,1.19115,1.19145,1.90,1.00
2008.11.20 08:00:20.020,1.1911,1.1914,1.80,1.00
2008.11.20 08:00:20.470,1.19105,1.19145,1.90,2.70
2008.11.20 08:00:20.940,1.19115,1.19145,1.90,2.70
2008.11.20 08:00:21.430,1.1912,1.19145,1.80,1.00
2008.11.20 08:00:21.950,1.19135,1.1918,3.70,2.20
2008.11.20 08:00:22.320,1.19135,1.1918,3.70,2.70
2008.11.20 08:00:22.890,1.19135,1.19185,3.70,2.70
2008.11.20 08:00:23.230,1.1915,1.1917,1.20,1.00
2008.11.20 08:00:23.650,1.19135,1.1917,1.90,1.00
2008.11.20 08:00:23.999,1.1914,1.19175,1.90,1.00
2008.11.20 08:00:24.349,1.1913,1.19155,6.00,1.00
2008.11.20 08:00:24.649,1.19125,1.19155,1.90,1.00
2008.11.20 08:00:25.049,1.19125,1.1917,6.00,1.00
2008.11.20 08:00:25.399,1.1912,1.19145,6.00,1.00
2008.11.20 08:00:25.919,1.1911,1.19145,4.20,1.00
2008.11.20 08:00:26.319,1.19115,1.19145,1.90,1.00
2008.11.20 08:00:26.949,1.19115,1.19145,1.90,1.00
2008.11.20 08:00:27.229,1.19115,1.19135,1.90,1.00
2008.11.20 08:00:27.518,1.19115,1.19135,1.90,1.00
2008.11.20 08:00:28.158,1.19115,1.19135,1.90,1.00
2008.11.20 08:00:28.738,1.1911,1.1915,1.80,2.40
2008.11.20 08:00:29.198,1.19115,1.19135,7.90,1.00
2008.11.20 08:00:29.598,1.19115,1.19135,1.90,1.00
2008.11.20 08:00:30.798,1.19115,1.19145,1.90,1.00
2008.11.20 08:00:31.308,1.19115,1.19145,1.90,1.00
2008.11.20 08:00:31.597,1.19115,1.19155,1.90,1.00
2008.11.20 08:00:32.098,1.19115,1.19155,1.90,3.10
2008.11.20 08:00:32.448,1.19115,1.1915,1.90,1.00
2008.11.20 08:00:32.867,1.19115,1.1914,3.70,1.00
2008.11.20 08:00:33.218,1.19125,1.1915,1.90,1.00
2008.11.20 08:00:33.507,1.1913,1.1915,1.90,1.00
2008.11.20 08:00:34.027,1.1913,1.19155,1.90,1.00
2008.11.20 08:00:34.207,1.19125,1.1915,1.90,1.00
2008.11.20 08:00:35.346,1.19125,1.19155,1.90,1.00
2008.11.20 08:00:35.677,1.19135,1.1916,1.90,1.00
2008.11.20 08:00:36.596,1.1913,1.1915,2.20,1.00
2008.11.20 08:00:36.836,1.1913,1.1915,2.20,1.00
2008.11.20 08:00:37.557,1.19135,1.1915,1.90,1.00
2008.11.20 08:00:37.796,1.19135,1.1916,1.90,1.00
2008.11.20 08:00:38.206,1.19135,1.19155,1.90,1.00
2008.11.20 08:00:38.366,1.19135,1.1916,1.90,1.00
2008.11.20 08:00:38.646,1.19135,1.1916,1.90,1.00
2008.11.20 08:00:39.786,1.19135,1.1916,3.90,1.00
2008.11.20 08:00:40.135,1.19135,1.1916,3.90,1.00
2008.11.20 08:00:40.475,1.19135,1.19165,3.90,1.00
2008.11.20 08:00:40.976,1.1915,1.1919,1.90,1.00
2008.11.20 08:00:41.455,1.19145,1.1918,3.90,1.00
2008.11.20 08:00:41.735,1.1915,1.1918,1.80,1.00
2008.11.20 08:00:42.255,1.19155,1.19175,1.80,1.00
2008.11.20 08:00:42.535,1.19155,1.192,3.90,3.30
2008.11.20 08:00:42.875,1.19155,1.192,3.90,2.20
2008.11.20 08:00:43.265,1.1916,1.19205,4.20,2.20
2008.11.20 08:00:43.734,1.19165,1.192,1.80,2.40
2008.11.20 08:00:44.064,1.1916,1.19185,4.20,1.00
2008.11.20 08:00:44.414,1.19165,1.192,1.80,1.00
2008.11.20 08:00:44.694,1.19165,1.19195,1.80,1.00
2008.11.20 08:00:45.204,1.19155,1.1919,6.30,1.00
2008.11.20 08:00:45.674,1.1917,1.192,1.80,2.20
2008.11.20 08:00:46.144,1.1917,1.1921,6.00,2.20
2008.11.20 08:00:46.674,1.1918,1.1921,3.90,2.20
2008.11.20 08:00:47.084,1.1919,1.1921,6.30,1.00
2008.11.20 08:00:47.444,1.19195,1.19225,6.30,1.00
2008.11.20 08:00:47.834,1.19205,1.19235,2.40,1.00
2008.11.20 08:00:48.013,1.19205,1.19235,4.20,1.00
2008.11.20 08:00:48.413,1.1921,1.1924,2.40,2.20
2008.11.20 08:00:48.714,1.192,1.19235,8.40,1.00
2008.11.20 08:00:49.063,1.192,1.1924,2.40,2.20
2008.11.20 08:00:50.433,1.192,1.19245,2.40,2.70
2008.11.20 08:00:50.723,1.19205,1.19245,2.40,2.70
2008.11.20 08:00:51.653,1.19205,1.19235,4.20,1.00
2008.11.20 08:00:51.893,1.19205,1.19235,6.30,1.00
2008.11.20 08:00:52.182,1.19205,1.19235,3.90,1.00
2008.11.20 08:00:52.413,1.19205,1.19235,1.80,1.00
2008.11.20 08:00:52.772,1.19205,1.19235,2.40,1.00
2008.11.20 08:00:53.052,1.19205,1.19245,2.40,2.50
2008.11.20 08:00:53.812,1.19205,1.1923,4.20,1.00
2008.11.20 08:00:54.202,1.1921,1.1923,1.80,1.00
2008.11.20 08:00:54.372,1.19205,1.1923,1.80,1.00
2008.11.20 08:00:55.072,1.192,1.1923,1.20,1.00
2008.11.20 08:00:56.052,1.192,1.1922,1.20,1.00
2008.11.20 08:00:58.061,1.192,1.19225,5.10,1.00
2008.11.20 08:00:58.821,1.192,1.19225,3.10,1.00
2008.11.20 08:00:59.311,1.1919,1.1921,9.30,1.00
2008.11.20 08:00:59.661,1.192,1.19215,1.20,1.00
2008.11.20 08:00:59.941,1.192,1.1922,1.20,1.00
2008.11.20 08:01:00.521,1.192,1.19225,1.20,1.00
2008.11.20 08:01:01.170,1.192,1.19235,1.20,2.50
2008.11.20 08:01:01.461,1.192,1.19235,1.20,1.00
2008.11.20 08:01:01.980,1.19205,1.19235,1.90,1.00
2008.11.20 08:01:02.340,1.19205,1.19245,1.90,1.00
2008.11.20 08:01:02.800,1.192,1.1923,6.60,1.00
2008.11.20 08:01:03.040,1.19195,1.1923,1.90,1.00
2008.11.20 08:01:03.730,1.1919,1.19225,3.90,1.00
2008.11.20 08:01:03.970,1.19195,1.1922,1.90,1.00
2008.11.20 08:01:05.249,1.19195,1.1922,1.90,2.50
2008.11.20 08:01:05.589,1.1919,1.1921,1.90,1.00
2008.11.20 08:01:05.939,1.19175,1.1922,7.50,2.50
2008.11.20 08:01:06.229,1.19175,1.1921,6.30,2.20
2008.11.20 08:01:06.639,1.19175,1.1921,1.90,2.20
2008.11.20 08:01:06.859,1.19175,1.19205,1.90,2.50
2008.11.20 08:01:07.619,1.19175,1.1921,1.90,2.20
2008.11.20 08:01:08.028,1.1917,1.1921,5.40,2.20
2008.11.20 08:01:08.319,1.1917,1.1921,4.20,2.20
2008.11.20 08:01:08.779,1.1917,1.19205,4.20,2.50
2008.11.20 08:01:09.198,1.19165,1.19205,6.30,2.50
2008.11.20 08:01:09.498,1.19165,1.19205,4.30,2.50
2008.11.20 08:01:09.788,1.19175,1.19205,1.90,1.00
2008.11.20 08:01:10.298,1.19165,1.19205,4.30,1.00
2008.11.20 08:01:11.368,1.19175,1.19205,1.90,1.00
2008.11.20 08:01:11.588,1.19165,1.19205,4.30,2.50
2008.11.20 08:01:11.808,1.19165,1.192,4.30,1.00
2008.11.20 08:01:12.328,1.19165,1.19205,4.30,1.00
2008.11.20 08:01:12.567,1.1917,1.19205,2.40,1.00
2008.11.20 08:01:13.068,1.1917,1.19205,4.20,1.00
2008.11.20 08:01:13.458,1.1917,1.192,4.20,1.00
2008.11.20 08:01:13.687,1.19165,1.19205,2.40,2.50
2008.11.20 08:01:13.867,1.1917,1.19205,1.80,1.00
2008.11.20 08:01:14.317,1.1917,1.19205,1.80,1.00
2008.11.20 08:01:16.287,1.1917,1.192,1.80,1.00
2008.11.20 08:01:16.577,1.1916,1.192,10.80,1.00
2008.11.20 08:01:16.987,1.1916,1.192,4.80,1.00
2008.11.20 08:01:17.277,1.1918,1.1921,1.90,3.30
2008.11.20 08:01:17.506,1.1918,1.1921,1.90,1.00
2008.11.20 08:01:17.746,1.1918,1.1921,1.90,1.00
2008.11.20 08:01:17.926,1.19155,1.19205,1.80,1.00
2008.11.20 08:01:18.286,1.19155,1.192,1.90,1.00
2008.11.20 08:01:18.626,1.19155,1.1921,4.30,2.40
2008.11.20 08:01:19.136,1.19175,1.1921,1.90,1.00
2008.11.20 08:01:19.536,1.19165,1.1921,12.10,1.00
2008.11.20 08:01:19.776,1.19165,1.192,1.90,1.00
2008.11.20 08:01:20.615,1.19165,1.19205,1.90,2.50
2008.11.20 08:01:21.066,1.1916,1.19205,3.00,2.20
2008.11.20 08:01:21.475,1.19165,1.1921,2.40,2.20
2008.11.20 08:01:21.976,1.19165,1.192,3.90,1.00
2008.11.20 08:01:22.255,1.19165,1.19195,1.90,1.00
2008.11.20 08:01:23.025,1.19165,1.19195,1.90,1.00
2008.11.20 08:01:23.375,1.19165,1.19195,3.90,1.00
2008.11.20 08:01:23.705,1.19155,1.1919,9.90,1.00
2008.11.20 08:01:24.235,1.19155,1.1919,3.90,1.00
2008.11.20 08:01:24.585,1.19155,1.1919,1.90,1.00
2008.11.20 08:01:24.875,1.19155,1.19195,1.90,2.50
2008.11.20 08:01:25.385,1.19155,1.19185,1.90,1.00
2008.11.20 08:01:25.744,1.19145,1.1918,3.90,1.00
2008.11.20 08:01:26.784,1.19145,1.1918,1.90,1.00
2008.11.20 08:01:27.524,1.19145,1.19185,1.90,2.50
2008.11.20 08:01:27.874,1.19145,1.1918,1.90,1.00
2008.11.20 08:01:28.793,1.19145,1.1918,1.90,2.20
2008.11.20 08:01:29.724,1.19145,1.1918,3.90,2.20
2008.11.20 08:01:30.013,1.19145,1.1918,1.90,2.20
2008.11.20 08:01:30.233,1.19145,1.19175,1.90,1.00
2008.11.20 08:01:30.693,1.19145,1.19165,1.90,1.00
2008.11.20 08:01:31.903,1.1914,1.1915,1.80,1.00
2008.11.20 08:01:32.253,1.1914,1.1916,7.90,1.00
2008.11.20 08:01:32.553,1.1914,1.19165,1.90,1.00
2008.11.20 08:01:33.942,1.19145,1.1917,1.90,1.00
2008.11.20 08:01:34.232,1.19145,1.19175,1.90,2.50
2008.11.20 08:01:34.742,1.19145,1.19175,1.90,3.10
2008.11.20 08:01:35.042,1.19145,1.19175,1.90,1.00
2008.11.20 08:01:36.172,1.19145,1.1917,1.90,1.00
2008.11.20 08:01:36.522,1.19135,1.19155,1.90,1.00
2008.11.20 08:01:38.552,1.19135,1.19165,1.90,1.00
2008.11.20 08:01:39.561,1.19145,1.19165,1.90,1.00
2008.11.20 08:01:39.961,1.19145,1.19165,1.90,1.00
2008.11.20 08:01:42.301,1.1914,1.1916,1.90,1.00
2008.11.20 08:01:42.950,1.19145,1.19165,1.90,1.00
2008.11.20 08:01:43.230,1.19135,1.19165,1.90,1.00
2008.11.20 08:01:43.800,1.19135,1.19155,1.90,1.00
2008.11.20 08:01:44.190,1.1911,1.19145,3.90,1.00
2008.11.20 08:01:45.280,1.19115,1.1916,3.90,1.00
2008.11.20 08:01:47.999,1.1912,1.1916,1.80,1.00
2008.11.20 08:01:48.059,1.1912,1.19165,1.80,3.10
2008.11.20 08:01:48.809,1.19125,1.19165,1.80,3.10
2008.11.20 08:01:49.149,1.1912,1.19155,9.90,1.00
2008.11.20 08:01:49.499,1.1912,1.19155,3.90,1.00
2008.11.20 08:01:50.168,1.1913,1.19155,1.90,1.00
2008.11.20 08:01:51.498,1.1912,1.19155,3.10,1.00
2008.11.20 08:01:51.898,1.1912,1.19155,3.90,1.00
2008.11.20 08:01:53.298,1.1911,1.1914,8.70,1.00
2008.11.20 08:01:53.418,1.1911,1.1914,9.00,1.00
2008.11.20 08:01:54.107,1.19105,1.1914,1.90,1.00
2008.11.20 08:01:54.338,1.191,1.19125,1.90,1.00
2008.11.20 08:01:54.638,1.19095,1.19125,1.90,1.00
2008.11.20 08:01:54.927,1.19105,1.19125,1.90,1.00
2008.11.20 08:01:55.267,1.191,1.19135,1.90,1.00
2008.11.20 08:01:55.737,1.19095,1.19135,7.90,1.00
2008.11.20 08:01:56.098,1.19095,1.19135,1.90,1.00
2008.11.20 08:01:56.367,1.19095,1.1913,1.90,1.00
2008.11.20 08:01:56.597,1.1911,1.1913,1.90,1.00
2008.11.20 08:01:56.887,1.1911,1.19135,1.90,1.00
2008.11.20 08:01:57.127,1.1911,1.19135,1.90,1.00
2008.11.20 08:01:57.417,1.19115,1.1914,1.90,1.00
2008.11.20 08:01:57.807,1.19115,1.19145,1.90,1.00
2008.11.20 08:01:58.157,1.19105,1.1914,7.90,1.00
2008.11.20 08:01:58.546,1.19105,1.19135,1.90,1.00
2008.11.20 08:01:59.076,1.19105,1.19135,1.90,1.00
2008.11.20 08:02:01.196,1.19105,1.19135,1.90,1.00
2008.11.20 08:02:01.376,1.19115,1.19135,1.90,1.00
2008.11.20 08:02:01.656,1.19105,1.1914,1.90,1.00
2008.11.20 08:02:04.165,1.19105,1.1914,1.90,1.00
2008.11.20 08:02:04.565,1.19105,1.19135,1.90,1.00
2008.11.20 08:02:05.035,1.19105,1.19135,1.90,1.00
2008.11.20 08:02:05.385,1.19105,1.1914,1.90,1.00
2008.11.20 08:02:06.205,1.19105,1.1913,1.90,1.00
2008.11.20 08:02:06.435,1.19105,1.19135,1.90,1.00
2008.11.20 08:02:06.734,1.19105,1.1915,5.10,1.60
2008.11.20 08:02:07.075,1.1911,1.1915,7.80,1.20
2008.11.20 08:02:07.484,1.1911,1.1915,7.80,1.20
2008.11.20 08:02:08.115,1.19105,1.19135,1.90,1.00
2008.11.20 08:02:09.044,1.19095,1.1915,12.30,2.50
2008.11.20 08:02:09.334,1.1909,1.1914,18.60,1.00
2008.11.20 08:02:09.564,1.1909,1.19145,23.20,1.00
2008.11.20 08:02:10.074,1.1909,1.19145,26.80,1.00
2008.11.20 08:02:10.364,1.191,1.19145,12.30,1.00
2008.11.20 08:02:10.654,1.1911,1.1915,7.80,2.80
2008.11.20 08:02:10.933,1.1911,1.1915,10.90,2.80
2008.11.20 08:02:11.643,1.19115,1.1915,6.00,2.40
2008.11.20 08:02:11.873,1.1911,1.1915,7.80,2.80
2008.11.20 08:02:12.493,1.19115,1.19145,1.90,1.00
2008.11.20 08:02:12.673,1.19115,1.19145,1.90,1.00
2008.11.20 08:02:12.913,1.19125,1.19145,1.90,1.00
2008.11.20 08:02:13.263,1.1913,1.19155,1.90,1.00
2008.11.20 08:02:13.423,1.1913,1.19155,1.90,1.00
2008.11.20 08:02:13.653,1.1913,1.1916,1.90,2.40
2008.11.20 08:02:13.833,1.1913,1.1916,1.90,1.00
2008.11.20 08:02:14.123,1.1913,1.19165,1.90,1.00
2008.11.20 08:02:14.772,1.1914,1.19165,1.90,1.00
2008.11.20 08:02:15.922,1.1913,1.1917,9.10,1.00
2008.11.20 08:02:16.422,1.1913,1.1917,1.90,1.00
2008.11.20 08:02:16.752,1.19125,1.1917,1.90,2.50
2008.11.20 08:02:17.452,1.19125,1.19165,1.90,1.00
2008.11.20 08:02:17.872,1.19125,1.1917,1.90,2.50
2008.11.20 08:02:18.052,1.1913,1.1917,1.90,2.50
2008.11.20 08:02:18.392,1.1913,1.1917,1.90,1.00
2008.11.20 08:02:18.612,1.19125,1.19165,1.90,2.20
2008.11.20 08:02:18.842,1.1913,1.19165,1.90,2.20
2008.11.20 08:02:19.241,1.1913,1.19165,1.90,1.00
2008.11.20 08:02:19.522,1.1914,1.1917,1.90,1.00
2008.11.20 08:02:20.091,1.1913,1.1917,1.80,1.00
2008.11.20 08:02:20.562,1.1913,1.19155,1.80,1.00
2008.11.20 08:02:21.031,1.19135,1.19155,1.90,1.00
2008.11.20 08:02:21.381,1.1914,1.19165,1.20,1.00
2008.11.20 08:02:21.771,1.19125,1.1916,1.90,1.00
2008.11.20 08:02:22.181,1.19125,1.19165,1.90,2.20
2008.11.20 08:02:22.521,1.19125,1.19165,1.90,2.50
2008.11.20 08:02:23.721,1.1913,1.19165,1.80,2.50
2008.11.20 08:02:23.881,1.19135,1.1916,1.90,1.00
2008.11.20 08:02:24.230,1.19135,1.19165,1.90,2.50
2008.11.20 08:02:24.460,1.19125,1.19165,1.90,2.50
2008.11.20 08:02:24.690,1.19125,1.1915,1.90,1.00
2008.11.20 08:02:25.130,1.19135,1.19155,1.90,1.00
2008.11.20 08:02:25.411,1.19135,1.19155,1.90,1.00
2008.11.20 08:02:25.651,1.19125,1.1915,7.90,1.00
2008.11.20 08:02:26.070,1.19125,1.1915,1.90,1.00
2008.11.20 08:02:26.470,1.1912,1.19145,1.90,1.00
2008.11.20 08:02:26.820,1.1912,1.19145,7.90,1.00
2008.11.20 08:02:27.370,1.19125,1.19145,1.90,1.00
2008.11.20 08:02:27.600,1.19125,1.19145,1.90,1.00
2008.11.20 08:02:27.949,1.1913,1.1915,1.90,1.00
2008.11.20 08:02:28.299,1.1913,1.1915,1.90,1.00
2008.11.20 08:02:28.649,1.19125,1.19145,7.90,1.00
2008.11.20 08:02:29.039,1.19125,1.19145,1.90,1.00
2008.11.20 08:02:29.619,1.19125,1.1915,7.80,1.00
2008.11.20 08:02:30.119,1.19125,1.1914,1.90,1.00
2008.11.20 08:02:30.599,1.19115,1.19145,1.90,2.50
2008.11.20 08:02:30.949,1.19115,1.19145,1.90,1.00
2008.11.20 08:02:32.008,1.19125,1.19145,1.90,1.00
2008.11.20 08:02:32.838,1.19125,1.19155,1.90,1.00
2008.11.20 08:02:33.198,1.1911,1.1915,4.20,1.00
2008.11.20 08:02:33.548,1.19115,1.19155,4.20,2.50
2008.11.20 08:02:35.888,1.19115,1.1915,6.30,1.00
2008.11.20 08:02:36.238,1.19115,1.19155,6.30,1.00
2008.11.20 08:02:36.558,1.1912,1.1916,6.00,1.00
2008.11.20 08:02:36.908,1.19125,1.19165,3.90,1.00
2008.11.20 08:02:40.476,1.19125,1.19155,3.90,2.20
2008.11.20 08:02:41.216,1.1913,1.19155,1.80,2.20
2008.11.20 08:02:41.496,1.19135,1.19155,1.90,2.20
2008.11.20 08:02:41.886,1.19135,1.1916,1.90,2.20
2008.11.20 08:02:43.366,1.19135,1.19155,1.90,2.20
2008.11.20 08:02:43.476,1.1913,1.1915,3.10,2.20
2008.11.20 08:02:43.656,1.19135,1.1915,1.90,2.20
2008.11.20 08:02:44.235,1.1914,1.1915,1.90,2.20
2008.11.20 08:02:44.586,1.1914,1.1916,1.90,2.20
2008.11.20 08:02:44.985,1.19135,1.19155,1.90,2.50
2008.11.20 08:02:45.455,1.19135,1.19155,1.90,2.20
2008.11.20 08:02:45.805,1.19135,1.1916,1.90,2.20
2008.11.20 08:02:46.145,1.19145,1.19165,1.90,2.50
2008.11.20 08:02:46.905,1.19155,1.1918,1.90,5.80
2008.11.20 08:02:47.765,1.19155,1.19175,1.90,2.20
2008.11.20 08:02:48.744,1.19155,1.1918,1.90,5.80
2008.11.20 08:02:49.045,1.1915,1.19175,4.20,2.20
2008.11.20 08:02:49.455,1.19145,1.1917,1.90,2.20
2008.11.20 08:02:50.094,1.19145,1.1918,1.90,4.30
2008.11.20 08:02:50.504,1.19145,1.19165,1.90,1.00
2008.11.20 08:02:51.094,1.1912,1.1916,1.90,1.00
2008.11.20 08:02:51.684,1.1913,1.1916,1.90,1.00
2008.11.20 08:02:51.974,1.1913,1.1917,1.90,1.00
2008.11.20 08:02:52.604,1.19135,1.19165,1.90,1.00
2008.11.20 08:02:52.904,1.19135,1.1917,1.90,2.50
2008.11.20 08:02:53.443,1.1912,1.19155,6.30,1.00
2008.11.20 08:02:53.803,1.1913,1.19165,1.90,1.00
2008.11.20 08:02:54.143,1.19135,1.19165,1.90,1.00
2008.11.20 08:02:54.373,1.19145,1.19165,1.90,1.00
2008.11.20 08:02:54.603,1.19145,1.19165,1.90,1.00
2008.11.20 08:02:54.893,1.19135,1.1916,1.90,1.00
2008.11.20 08:02:55.243,1.1912,1.19145,7.20,1.00
2008.11.20 08:02:55.693,1.19125,1.19145,1.90,1.00
2008.11.20 08:02:56.033,1.19145,1.1918,1.80,2.20
2008.11.20 08:02:56.313,1.1912,1.19185,4.20,2.20
2008.11.20 08:02:56.663,1.1915,1.19185,6.00,3.30
2008.11.20 08:02:57.243,1.1913,1.19165,1.80,1.00
2008.11.20 08:02:57.473,1.1914,1.19175,1.20,1.00
2008.11.20 08:02:57.703,1.1915,1.1917,1.20,2.20
2008.11.20 08:02:57.882,1.19135,1.1916,1.90,1.00
2008.11.20 08:02:58.093,1.1915,1.1916,1.20,1.00
2008.11.20 08:02:58.442,1.1915,1.19175,1.20,2.70
2008.11.20 08:02:59.132,1.19135,1.1916,1.90,1.00
2008.11.20 08:02:59.582,1.1915,1.1916,1.20,1.00
2008.11.20 08:02:59.872,1.1915,1.1917,1.20,1.00
2008.11.20 08:03:00.382,1.1915,1.1917,3.00,1.00
2008.11.20 08:03:00.722,1.19155,1.1918,1.90,1.00
2008.11.20 08:03:01.182,1.19155,1.19185,1.90,3.10
2008.11.20 08:03:01.581,1.19155,1.19185,1.90,1.00
2008.11.20 08:03:01.991,1.19155,1.19185,1.90,1.00
2008.11.20 08:03:02.341,1.19155,1.19185,1.90,1.00
2008.11.20 08:03:02.751,1.19155,1.19185,1.90,1.00
2008.11.20 08:03:03.561,1.1915,1.1917,1.20,1.00
2008.11.20 08:03:04.031,1.19145,1.1916,3.10,1.00
2008.11.20 08:03:04.261,1.19145,1.19165,3.10,1.00
2008.11.20 08:03:04.641,1.1914,1.1916,6.00,1.00
2008.11.20 08:03:05.050,1.19135,1.1916,1.90,1.00
2008.11.20 08:03:05.451,1.19145,1.19165,3.10,2.50
2008.11.20 08:03:05.980,1.1915,1.19175,1.20,2.50
2008.11.20 08:03:06.040,1.19155,1.19175,1.90,2.50
2008.11.20 08:03:06.450,1.19155,1.1917,1.90,1.00
2008.11.20 08:03:06.850,1.19155,1.19175,1.90,1.00
2008.11.20 08:03:07.140,1.1915,1.1918,1.20,2.20
2008.11.20 08:03:07.430,1.1915,1.19175,1.20,2.20
2008.11.20 08:03:07.780,1.1915,1.19175,1.20,2.50
2008.11.20 08:03:08.180,1.1916,1.1917,7.80,1.00
2008.11.20 08:03:08.420,1.1917,1.19175,1.80,1.00
2008.11.20 08:03:08.650,1.1917,1.1919,1.90,1.00
2008.11.20 08:03:09.160,1.1917,1.1919,1.90,1.00
2008.11.20 08:03:09.459,1.19175,1.19195,3.90,1.00
2008.11.20 08:03:09.809,1.19175,1.1922,3.60,2.20
2008.11.20 08:03:10.149,1.19185,1.1922,1.90,3.10
2008.11.20 08:03:10.649,1.19185,1.1922,1.90,2.50
2008.11.20 08:03:11.109,1.19185,1.19205,1.90,1.00
2008.11.20 08:03:11.639,1.19175,1.19215,3.60,2.20
2008.11.20 08:03:12.159,1.1919,1.1921,1.90,2.20
2008.11.20 08:03:12.389,1.19195,1.19225,1.90,2.50
2008.11.20 08:03:13.568,1.1918,1.1921,1.90,1.00
2008.11.20 08:03:14.028,1.1918,1.1921,1.90,1.00
2008.11.20 08:03:14.318,1.1917,1.1921,1.90,2.70
2008.11.20 08:03:14.708,1.19175,1.19205,1.90,2.20
2008.11.20 08:03:16.038,1.1918,1.1921,1.90,2.20
2008.11.20 08:03:16.498,1.19175,1.1921,5.50,2.20
2008.11.20 08:03:16.798,1.19185,1.1922,1.90,2.40
2008.11.20 08:03:16.908,1.19185,1.1922,1.90,2.20
2008.11.20 08:03:17.198,1.19185,1.1922,1.90,2.40
2008.11.20 08:03:17.658,1.1918,1.19205,1.90,2.20
2008.11.20 08:03:17.887,1.19195,1.19205,1.80,2.20
2008.11.20 08:03:18.108,1.1919,1.19205,6.00,1.00
2008.11.20 08:03:18.588,1.19185,1.19215,1.90,2.20
2008.11.20 08:03:18.927,1.19185,1.1922,1.90,2.20
2008.11.20 08:03:19.557,1.19185,1.19215,1.90,2.20
2008.11.20 08:03:19.777,1.19185,1.1921,1.90,1.00
2008.11.20 08:03:20.297,1.1918,1.192,1.90,1.00
2008.11.20 08:03:20.517,1.19175,1.19195,1.20,2.20
2008.11.20 08:03:20.767,1.19175,1.19195,1.90,2.20
2008.11.20 08:03:20.937,1.19175,1.19205,1.90,2.20
2008.11.20 08:03:21.666,1.19175,1.192,1.90,2.50
2008.11.20 08:03:21.937,1.19165,1.192,4.20,2.20
2008.11.20 08:03:22.216,1.1915,1.1918,6.00,2.20
2008.11.20 08:03:22.757,1.1914,1.1918,2.40,2.20
2008.11.20 08:03:22.996,1.19135,1.1919,5.50,2.40
2008.11.20 08:03:23.466,1.19135,1.1918,4.30,2.20
2008.11.20 08:03:23.816,1.19135,1.1917,4.30,2.20
2008.11.20 08:03:24.386,1.19135,1.19165,1.90,2.20
2008.11.20 08:03:24.786,1.1911,1.1915,1.80,2.20
2008.11.20 08:03:25.086,1.19105,1.1914,4.20,1.00
2008.11.20 08:03:25.486,1.1911,1.19155,1.90,3.10
2008.11.20 08:03:25.835,1.1911,1.19145,3.60,2.20
2008.11.20 08:03:26.115,1.191,1.1914,6.70,2.20
2008.11.20 08:03:26.495,1.19105,1.1914,4.30,2.20
2008.11.20 08:03:26.835,1.19105,1.1914,1.90,2.20
2008.11.20 08:03:27.295,1.19105,1.19135,1.90,2.20
2008.11.20 08:03:27.695,1.19095,1.1912,1.90,1.00
2008.11.20 08:03:28.045,1.191,1.19125,2.40,2.20
2008.11.20 08:03:28.335,1.19105,1.1912,1.80,1.00
2008.11.20 08:03:28.835,1.19115,1.1916,1.90,2.80
2008.11.20 08:03:29.185,1.19115,1.19155,1.90,2.20
2008.11.20 08:03:29.305,1.19115,1.19155,1.90,2.50
2008.11.20 08:03:29.975,1.19105,1.19135,1.90,2.20
2008.11.20 08:03:31.194,1.1911,1.19135,2.40,2.20
2008.11.20 08:03:31.694,1.19125,1.19145,3.60,2.20
2008.11.20 08:03:32.164,1.19125,1.1916,1.80,1.00
2008.11.20 08:03:32.524,1.19115,1.1915,1.90,2.20
2008.11.20 08:03:32.754,1.19115,1.19145,1.90,1.00
2008.11.20 08:03:33.394,1.1912,1.1914,1.90,1.00
2008.11.20 08:03:33.993,1.19105,1.19135,3.90,1.00
2008.11.20 08:03:34.333,1.19115,1.19135,1.90,1.00
2008.11.20 08:03:34.504,1.1911,1.19145,1.80,2.20
2008.11.20 08:03:34.794,1.19095,1.1914,1.80,1.00
2008.11.20 08:03:35.183,1.19095,1.1914,1.80,2.20
2008.11.20 08:03:35.523,1.1909,1.19125,12.30,1.00
2008.11.20 08:03:35.873,1.1909,1.19125,1.90,1.00
2008.11.20 08:03:36.253,1.19075,1.19115,3.00,2.20
2008.11.20 08:03:36.613,1.1907,1.191,3.10,1.00
2008.11.20 08:03:37.013,1.1907,1.191,3.10,1.00
2008.11.20 08:03:37.423,1.1906,1.1909,3.60,2.20
2008.11.20 08:03:37.703,1.19055,1.1909,5.50,2.20
2008.11.20 08:03:38.172,1.1906,1.1909,5.50,2.20
2008.11.20 08:03:38.523,1.1906,1.191,7.30,2.40
2008.11.20 08:03:38.643,1.1906,1.191,8.50,2.20
2008.11.20 08:03:39.103,1.19065,1.191,7.90,2.20
2008.11.20 08:03:39.382,1.1907,1.19105,7.30,2.20
2008.11.20 08:03:40.232,1.1907,1.191,4.90,2.50
2008.11.20 08:03:41.042,1.19065,1.19095,4.90,1.00
2008.11.20 08:03:41.392,1.1906,1.1909,3.70,1.00
2008.11.20 08:03:41.512,1.19055,1.1909,3.10,2.50
2008.11.20 08:03:42.371,1.1906,1.1909,4.90,2.50
2008.11.20 08:03:42.721,1.19055,1.19085,4.90,1.00
2008.11.20 08:03:43.291,1.19055,1.1909,3.60,2.20
2008.11.20 08:03:43.511,1.19045,1.19075,4.30,1.00
2008.11.20 08:03:43.671,1.1904,1.19075,9.10,1.00
2008.11.20 08:03:44.481,1.19045,1.1907,1.90,2.50
2008.11.20 08:03:45.471,1.19045,1.1906,1.80,1.00
2008.11.20 08:03:45.761,1.1905,1.1907,1.90,1.00
2008.11.20 08:03:46.101,1.1905,1.19075,1.90,1.00
2008.11.20 08:03:47.570,1.1905,1.19075,1.90,1.00
2008.11.20 08:03:48.620,1.1905,1.19075,1.90,1.00
2008.11.20 08:03:48.900,1.1905,1.19075,1.90,1.00
2008.11.20 08:03:50.070,1.19045,1.1906,1.90,1.00
2008.11.20 08:03:50.239,1.19045,1.1906,1.90,1.00
2008.11.20 08:03:50.719,1.19045,1.1906,1.90,1.00
2008.11.20 08:03:51.179,1.19045,1.1906,1.90,1.00
2008.11.20 08:03:51.409,1.19045,1.1907,1.90,2.70
2008.11.20 08:03:51.809,1.1904,1.1906,4.30,1.00
2008.11.20 08:03:52.319,1.19035,1.19055,3.00,1.00
2008.11.20 08:03:52.789,1.19045,1.19065,1.90,1.00
2008.11.20 08:03:53.069,1.19045,1.1907,1.90,2.50
2008.11.20 08:03:53.359,1.19045,1.1907,1.90,1.00
2008.11.20 08:03:53.659,1.19045,1.19065,1.90,1.00
2008.11.20 08:03:54.168,1.1904,1.19065,12.30,1.00
2008.11.20 08:03:54.679,1.19045,1.1907,1.90,1.00
2008.11.20 08:03:54.959,1.1904,1.19065,6.30,1.00
2008.11.20 08:03:55.239,1.19045,1.1907,3.10,1.00
2008.11.20 08:03:55.579,1.19045,1.1907,3.10,1.00
2008.11.20 08:03:55.909,1.19045,1.1907,3.10,1.00
2008.11.20 08:03:56.088,1.19045,1.1907,1.20,3.00
2008.11.20 08:03:56.268,1.1904,1.1907,3.60,3.00
2008.11.20 08:03:56.608,1.1904,1.19065,3.60,2.20
2008.11.20 08:03:56.908,1.1904,1.19065,4.20,2.20
2008.11.20 08:03:57.368,1.19045,1.19065,1.20,2.20
2008.11.20 08:03:57.718,1.19045,1.1907,1.20,3.10
2008.11.20 08:03:58.178,1.1904,1.1907,3.60,3.00
2008.11.20 08:03:58.668,1.1904,1.1907,2.40,3.00
2008.11.20 08:03:59.088,1.1904,1.1907,3.60,2.50
2008.11.20 08:03:59.377,1.19045,1.19075,1.90,2.20
2008.11.20 08:03:59.907,1.19045,1.19075,1.90,2.50
2008.11.20 08:04:00.077,1.19045,1.1907,1.90,1.00
2008.11.20 08:04:00.538,1.19045,1.1907,1.90,1.00
2008.11.20 08:04:00.937,1.19035,1.19055,4.30,1.00
2008.11.20 08:04:01.237,1.19035,1.19055,1.90,1.00
2008.11.20 08:04:01.877,1.19035,1.19055,1.90,1.00
2008.11.20 08:04:02.227,1.19025,1.1905,1.90,1.00
2008.11.20 08:04:02.407,1.19025,1.1905,1.90,1.00
2008.11.20 08:04:04.057,1.19025,1.19045,1.90,1.00
2008.11.20 08:04:05.736,1.19025,1.1904,1.90,1.00
2008.11.20 08:04:06.016,1.19025,1.19045,1.90,1.00
2008.11.20 08:04:06.426,1.19,1.1903,4.30,1.00
2008.11.20 08:04:06.776,1.19,1.19035,3.10,1.50
2008.11.20 08:04:07.115,1.1898,1.1902,2.40,1.00
2008.11.20 08:04:07.415,1.1897,1.19005,3.10,2.70
2008.11.20 08:04:07.765,1.18965,1.19005,1.80,3.70
2008.11.20 08:04:08.065,1.1896,1.1899,1.20,2.40
2008.11.20 08:04:08.395,1.18965,1.18995,1.20,2.40
2008.11.20 08:04:08.975,1.1896,1.1899,1.80,2.20
2008.11.20 08:04:09.505,1.1895,1.1899,1.20,3.70
2008.11.20 08:04:09.785,1.1895,1.1898,1.20,2.40
2008.11.20 08:04:10.205,1.1895,1.18985,1.20,2.20
2008.11.20 08:04:10.815,1.18955,1.1898,1.20,2.20
2008.11.20 08:04:11.155,1.18955,1.18985,1.20,2.20
2008.11.20 08:04:11.744,1.18955,1.1899,3.70,2.40
2008.11.20 08:04:12.025,1.1896,1.1899,1.20,2.20
2008.11.20 08:04:12.354,1.18965,1.1899,1.90,2.20
2008.11.20 08:04:12.634,1.18965,1.18995,3.10,2.20
2008.11.20 08:04:13.234,1.1898,1.19005,1.20,2.20
2008.11.20 08:04:13.614,1.1899,1.1901,1.90,2.50
2008.11.20 08:04:14.024,1.1898,1.19005,1.20,1.00
2008.11.20 08:04:14.364,1.18985,1.1903,1.20,2.70
2008.11.20 08:04:14.704,1.1899,1.1903,1.20,2.40
2008.11.20 08:04:15.273,1.18995,1.1903,1.90,2.20
2008.11.20 08:04:15.574,1.19,1.19035,1.80,2.20
2008.11.20 08:04:15.853,1.19,1.1903,1.90,2.20
2008.11.20 08:04:16.025,1.19,1.19035,1.90,2.20
2008.11.20 08:04:16.553,1.19005,1.19035,1.20,2.20
2008.11.20 08:04:17.123,1.19015,1.19035,1.90,1.00
2008.11.20 08:04:17.523,1.19,1.19025,1.90,1.00
2008.11.20 08:04:18.023,1.19005,1.1903,3.10,1.00
2008.11.20 08:04:18.503,1.19015,1.1904,1.90,1.00
2008.11.20 08:04:18.953,1.1902,1.1905,1.20,2.20
2008.11.20 08:04:19.363,1.1903,1.19055,1.20,2.20
2008.11.20 08:04:19.642,1.19035,1.1905,3.10,1.00
2008.11.20 08:04:20.002,1.19035,1.19085,3.10,3.40
2008.11.20 08:04:20.452,1.1904,1.19075,1.20,1.00
2008.11.20 08:04:20.892,1.19045,1.1907,1.90,1.00
2008.11.20 08:04:21.173,1.19045,1.19065,1.90,1.00
2008.11.20 08:04:21.922,1.19045,1.19065,1.90,1.00
2008.11.20 08:04:22.462,1.19035,1.1906,1.90,1.00
2008.11.20 08:04:23.322,1.19035,1.19055,1.90,1.00
2008.11.20 08:04:23.791,1.19035,1.19055,1.90,1.00
2008.11.20 08:04:24.202,1.19035,1.1905,1.90,1.00
2008.11.20 08:04:24.661,1.1898,1.19025,1.90,1.00
2008.11.20 08:04:25.261,1.18975,1.1902,2.40,1.30
2008.11.20 08:04:25.651,1.1896,1.19015,1.90,3.40
2008.11.20 08:04:26.351,1.18965,1.19005,3.10,3.60
2008.11.20 08:04:26.701,1.18965,1.18995,1.90,1.00
2008.11.20 08:04:27.051,1.1893,1.1897,6.00,1.00
2008.11.20 08:04:27.401,1.1892,1.18955,5.50,2.20
2008.11.20 08:04:28.071,1.18915,1.18965,1.20,2.20
2008.11.20 08:04:28.420,1.1893,1.18955,1.20,2.20
2008.11.20 08:04:29.640,1.18935,1.1895,1.20,1.00
2008.11.20 08:04:30.040,1.1893,1.1895,1.20,2.20
2008.11.20 08:04:30.280,1.18925,1.1894,2.40,1.00
2008.11.20 08:04:30.870,1.18915,1.18945,3.10,2.50
2008.11.20 08:04:31.270,1.189,1.18935,1.20,3.10
2008.11.20 08:04:31.910,1.189,1.1893,1.20,2.40
2008.11.20 08:04:32.199,1.18905,1.18935,1.20,2.50
2008.11.20 08:04:32.730,1.18895,1.1893,4.30,2.20
2008.11.20 08:04:33.069,1.18895,1.18915,3.10,1.00
2008.11.20 08:04:33.469,1.18895,1.18915,1.90,1.00
2008.11.20 08:04:34.509,1.18895,1.1892,1.90,1.00
2008.11.20 08:04:35.079,1.1889,1.1892,4.20,1.50
2008.11.20 08:04:35.439,1.18905,1.18925,1.90,2.20
2008.11.20 08:04:35.769,1.18905,1.1892,1.20,1.00
2008.11.20 08:04:36.288,1.18905,1.1893,1.20,1.00
2008.11.20 08:04:36.678,1.18915,1.18945,1.20,2.20
2008.11.20 08:04:37.068,1.18915,1.1895,1.20,2.40
2008.11.20 08:04:38.358,1.1891,1.18935,1.20,1.00
2008.11.20 08:04:38.708,1.1891,1.18945,1.20,2.70
2008.11.20 08:04:38.988,1.1893,1.18965,1.90,1.50
2008.11.20 08:04:39.628,1.18915,1.18965,7.20,1.00
2008.11.20 08:04:39.968,1.18905,1.1894,3.10,1.00
2008.11.20 08:04:40.257,1.18905,1.1895,5.40,2.20
2008.11.20 08:04:40.718,1.189,1.18925,1.80,1.00
2008.11.20 08:04:41.297,1.189,1.18945,1.20,3.70
2008.11.20 08:04:41.687,1.18925,1.1894,1.20,2.70
2008.11.20 08:04:42.017,1.18905,1.1894,1.20,2.20
2008.11.20 08:04:42.317,1.189,1.18945,1.20,2.20
2008.11.20 08:04:42.677,1.18895,1.1893,1.20,2.50
2008.11.20 08:04:42.967,1.1891,1.1893,1.20,2.20
2008.11.20 08:04:43.207,1.1891,1.1894,1.20,2.40
2008.11.20 08:04:43.607,1.1891,1.1894,1.80,2.20
2008.11.20 08:04:43.956,1.1892,1.18945,1.20,2.20
2008.11.20 08:04:44.926,1.1892,1.1893,1.20,1.00
2008.11.20 08:04:45.146,1.18905,1.1893,1.90,1.00
2008.11.20 08:04:45.386,1.1892,1.18935,1.20,1.00
2008.11.20 08:04:45.896,1.18915,1.18955,2.50,4.90
2008.11.20 08:04:46.236,1.18915,1.1894,1.20,2.20
2008.11.20 08:04:46.656,1.18915,1.1893,1.20,1.00
2008.11.20 08:04:47.006,1.18875,1.18915,1.20,2.20
2008.11.20 08:04:47.366,1.18875,1.18915,1.80,2.20
2008.11.20 08:04:47.846,1.1888,1.18915,3.60,2.20
2008.11.20 08:04:48.186,1.189,1.18915,1.20,2.20
2008.11.20 08:04:48.416,1.18885,1.18915,1.90,2.50
2008.11.20 08:04:48.766,1.18895,1.18915,1.90,2.20
2008.11.20 08:04:49.166,1.18885,1.1892,3.10,1.00
2008.11.20 08:04:49.515,1.18885,1.1892,3.10,3.00
2008.11.20 08:04:50.085,1.18885,1.1892,1.90,3.00
2008.11.20 08:04:50.775,1.1889,1.1892,3.10,2.20
2008.11.20 08:04:51.305,1.1889,1.18925,1.20,2.20
2008.11.20 08:04:51.975,1.1889,1.1892,1.20,2.20
2008.11.20 08:04:52.435,1.18875,1.18905,1.90,1.00
2008.11.20 08:04:53.334,1.18875,1.18905,1.90,1.00
2008.11.20 08:04:53.734,1.1888,1.18895,1.20,1.00
2008.11.20 08:04:54.195,1.1888,1.18895,1.20,2.20
2008.11.20 08:04:54.584,1.18875,1.1888,1.20,2.20
2008.11.20 08:04:54.874,1.1887,1.18885,1.80,2.20
2008.11.20 08:04:55.284,1.18865,1.1888,1.20,2.20
2008.11.20 08:04:55.594,1.18865,1.18885,1.20,2.20
2008.11.20 08:04:56.424,1.18865,1.18885,3.10,2.20
2008.11.20 08:04:56.714,1.1886,1.18875,1.20,2.20
2008.11.20 08:04:57.405,1.18855,1.1887,2.40,1.00
2008.11.20 08:04:57.804,1.18845,1.18875,1.90,2.80
2008.11.20 08:04:58.193,1.18855,1.1888,1.90,2.40
2008.11.20 08:04:58.773,1.1887,1.18885,1.20,2.20
2008.11.20 08:04:59.123,1.18875,1.18895,3.60,2.20
2008.11.20 08:04:59.463,1.18885,1.1892,3.10,2.40
2008.11.20 08:05:00.023,1.18895,1.18925,1.20,2.20
2008.11.20 08:05:00.423,1.18895,1.18925,3.00,1.00
2008.11.20 08:05:00.822,1.18895,1.18945,1.80,3.40
2008.11.20 08:05:01.353,1.189,1.18945,1.20,3.60
2008.11.20 08:05:01.882,1.18895,1.18935,1.20,1.00
2008.11.20 08:05:02.412,1.189,1.1894,1.80,2.70
2008.11.20 08:05:02.762,1.1891,1.1894,1.20,2.20
2008.11.20 08:05:03.033,1.18905,1.18935,1.20,1.00
2008.11.20 08:05:03.432,1.1891,1.18945,1.20,2.50
2008.11.20 08:05:03.912,1.18905,1.18935,4.90,1.00
2008.11.20 08:05:04.432,1.18905,1.18925,1.90,1.00
2008.11.20 08:05:04.731,1.1889,1.18915,1.20,1.00
2008.11.20 08:05:05.131,1.1889,1.189,1.20,1.00
2008.11.20 08:05:05.472,1.18875,1.189,1.80,1.00
2008.11.20 08:05:05.821,1.1888,1.1891,5.10,2.50
2008.11.20 08:05:06.282,1.18885,1.1891,1.20,1.00
2008.11.20 08:05:06.581,1.18895,1.18915,1.90,1.00
2008.11.20 08:05:07.231,1.1888,1.1891,1.20,1.00
2008.11.20 08:05:07.901,1.1887,1.189,4.90,1.00
2008.11.20 08:05:08.581,1.1888,1.189,1.20,1.00
2008.11.20 08:05:09.141,1.18845,1.18885,1.20,1.00
2008.11.20 08:05:09.550,1.18845,1.1889,3.10,1.00
2008.11.20 08:05:09.840,1.1885,1.18905,3.10,3.70
2008.11.20 08:05:10.250,1.18875,1.189,1.90,1.00
2008.11.20 08:05:10.590,1.1888,1.1891,1.90,1.50
2008.11.20 08:05:10.950,1.18885,1.18915,5.70,1.30
2008.11.20 08:05:11.290,1.18895,1.1892,1.90,1.50
2008.11.20 08:05:11.640,1.1889,1.18915,1.80,3.10
2008.11.20 08:05:12.150,1.1888,1.18915,1.20,1.00
2008.11.20 08:05:12.440,1.1888,1.18905,1.20,1.00
2008.11.20 08:05:12.910,1.18875,1.18915,3.10,4.00
2008.11.20 08:05:13.260,1.1888,1.18905,3.90,1.00
2008.11.20 08:05:13.600,1.1889,1.18915,5.10,1.00
2008.11.20 08:05:14.009,1.189,1.1892,1.90,1.00
2008.11.20 08:05:14.419,1.189,1.18925,3.90,1.00
2008.11.20 08:05:14.739,1.18895,1.1893,3.00,1.00
2008.11.20 08:05:15.129,1.18895,1.1893,1.20,2.50
2008.11.20 08:05:15.419,1.18895,1.1893,3.10,1.00
2008.11.20 08:05:15.829,1.18895,1.1892,3.10,1.00
2008.11.20 08:05:16.129,1.189,1.1892,1.80,1.00
2008.11.20 08:05:16.549,1.189,1.1892,3.00,1.00
2008.11.20 08:05:16.949,1.189,1.1892,1.20,1.00
2008.11.20 08:05:17.369,1.18895,1.1892,1.90,1.00
2008.11.20 08:05:17.778,1.18895,1.18915,1.90,1.00
2008.11.20 08:05:18.058,1.18895,1.1892,1.90,1.00
2008.11.20 08:05:18.868,1.18895,1.1892,1.90,1.00
2008.11.20 08:05:19.138,1.189,1.1892,1.80,1.00
2008.11.20 08:05:19.488,1.18905,1.18925,1.90,1.00
2008.11.20 08:05:19.838,1.18895,1.1892,7.90,1.00
2008.11.20 08:05:20.508,1.18895,1.1892,1.90,1.00
2008.11.20 08:05:20.798,1.18895,1.1892,1.90,1.00
2008.11.20 08:05:21.977,1.18895,1.1892,1.90,1.00
2008.11.20 08:05:22.427,1.18895,1.1892,1.90,1.00
2008.11.20 08:05:22.707,1.18895,1.1892,1.90,1.00
2008.11.20 08:05:23.008,1.18895,1.18925,1.90,1.00
2008.11.20 08:05:23.407,1.18895,1.18925,1.90,1.00
2008.11.20 08:05:23.817,1.18895,1.1893,6.90,1.00
2008.11.20 08:05:24.507,1.1891,1.1893,1.90,2.20
2008.11.20 08:05:24.917,1.1891,1.1894,1.90,3.00
2008.11.20 08:05:26.626,1.18915,1.1894,1.90,2.50
2008.11.20 08:05:27.036,1.18915,1.1894,1.90,2.20
2008.11.20 08:05:27.506,1.1892,1.18945,1.90,1.00
2008.11.20 08:05:27.866,1.1892,1.1894,1.90,1.00
2008.11.20 08:05:28.136,1.18905,1.18925,2.40,2.20
2008.11.20 08:05:28.656,1.189,1.1893,6.00,1.20
2008.11.20 08:05:28.986,1.1889,1.18915,4.50,1.00
2008.11.20 08:05:29.506,1.18905,1.1893,1.90,2.20
2008.11.20 08:05:29.846,1.1891,1.1894,1.90,2.50
2008.11.20 08:05:30.175,1.1891,1.1894,1.90,1.00
2008.11.20 08:05:30.625,1.1892,1.1893,6.10,1.00
2008.11.20 08:05:31.066,1.1892,1.18945,2.20,1.00
2008.11.20 08:05:31.405,1.1892,1.18945,1.00,1.00
2008.11.20 08:05:31.745,1.1892,1.1894,1.30,1.00
2008.11.20 08:05:32.105,1.1892,1.1894,1.00,1.00
2008.11.20 08:05:32.515,1.18925,1.1895,1.90,1.00
2008.11.20 08:05:32.915,1.18925,1.18955,1.90,1.00
2008.11.20 08:05:33.265,1.18935,1.18965,1.90,1.80
2008.11.20 08:05:33.675,1.18935,1.1896,1.90,1.00
2008.11.20 08:05:33.905,1.1892,1.1896,1.30,3.10
2008.11.20 08:05:34.494,1.1892,1.1896,1.30,3.30
2008.11.20 08:05:34.904,1.18925,1.18945,1.90,1.00
2008.11.20 08:05:35.365,1.1892,1.18945,1.30,1.00
2008.11.20 08:05:35.704,1.18915,1.1893,1.80,1.00
2008.11.20 08:05:36.284,1.1891,1.1893,2.40,1.00
2008.11.20 08:05:36.744,1.189,1.18925,7.20,1.00
2008.11.20 08:05:37.274,1.1891,1.18935,1.20,2.50
2008.11.20 08:05:37.623,1.1891,1.1894,2.40,2.20
2008.11.20 08:05:37.964,1.1891,1.18945,2.40,2.20
2008.11.20 08:05:38.373,1.18915,1.18955,3.10,3.10
2008.11.20 08:05:38.823,1.18925,1.1895,1.90,1.00
2008.11.20 08:05:39.124,1.18915,1.1894,9.10,1.00
2008.11.20 08:05:39.533,1.1892,1.1895,1.20,1.00
2008.11.20 08:05:39.883,1.1891,1.18935,1.20,2.20
2008.11.20 08:05:40.783,1.18895,1.1893,4.30,1.00
2008.11.20 08:05:41.173,1.18895,1.18925,2.50,1.00
2008.11.20 08:05:41.393,1.18895,1.18925,3.70,1.00
2008.11.20 08:05:41.613,1.18895,1.18925,1.90,1.00
2008.11.20 08:05:41.952,1.18895,1.1892,1.90,1.00
2008.11.20 08:05:42.183,1.18895,1.1892,1.90,1.00
2008.11.20 08:05:42.632,1.1888,1.18905,7.20,1.00
2008.11.20 08:05:43.192,1.18875,1.18905,10.30,1.00
2008.11.20 08:05:43.492,1.18885,1.1891,1.90,1.00
2008.11.20 08:05:44.412,1.18875,1.18905,3.10,1.00
2008.11.20 08:05:45.252,1.18875,1.18905,1.90,1.00
2008.11.20 08:05:45.552,1.18875,1.18905,1.90,1.00
2008.11.20 08:05:45.892,1.18885,1.18905,1.20,1.00
2008.11.20 08:05:46.231,1.18885,1.18905,1.20,1.00
2008.11.20 08:05:47.171,1.18885,1.18905,1.20,1.00
2008.11.20 08:05:47.451,1.18885,1.1892,1.20,2.50
2008.11.20 08:05:47.991,1.18885,1.1892,1.20,2.20
2008.11.20 08:05:48.371,1.1889,1.1892,1.20,2.20
2008.11.20 08:05:48.721,1.18875,1.1891,3.10,2.50
2008.11.20 08:05:49.201,1.1888,1.1891,1.20,2.50
2008.11.20 08:05:49.551,1.18875,1.1891,3.70,1.00
2008.11.20 08:05:50.031,1.1888,1.18915,1.20,2.50
2008.11.20 08:05:50.621,1.1888,1.189,1.20,1.00
2008.11.20 08:05:51.260,1.1888,1.189,3.00,1.00
2008.11.20 08:05:51.610,1.18875,1.189,3.90,1.00
2008.11.20 08:05:51.950,1.18875,1.18895,1.80,1.00
2008.11.20 08:05:52.230,1.18875,1.18895,7.80,1.00
2008.11.20 08:05:52.570,1.1886,1.18895,10.20,1.00
2008.11.20 08:05:52.910,1.18855,1.1889,3.60,1.00
2008.11.20 08:05:53.350,1.18865,1.189,3.10,3.10
2008.11.20 08:05:53.640,1.18865,1.189,1.20,1.00
2008.11.20 08:05:53.989,1.18865,1.189,1.20,1.00
2008.11.20 08:05:54.380,1.18865,1.18895,1.20,1.00
2008.11.20 08:05:54.789,1.18865,1.189,1.20,3.00
2008.11.20 08:05:55.419,1.18855,1.1889,5.10,1.00
2008.11.20 08:05:55.769,1.18855,1.18885,1.90,1.50
2008.11.20 08:05:56.249,1.18855,1.18885,7.90,1.50
2008.11.20 08:05:56.599,1.18855,1.18885,7.90,1.00
2008.11.20 08:05:57.479,1.18855,1.18885,11.10,1.00
2008.11.20 08:05:57.819,1.1887,1.18895,6.00,1.00
2008.11.20 08:05:58.349,1.1887,1.18905,7.80,1.00
2008.11.20 08:05:58.709,1.18875,1.18905,9.00,1.00
2008.11.20 08:05:58.828,1.1888,1.1891,6.00,1.00
2008.11.20 08:05:59.178,1.1888,1.1891,6.00,1.00
2008.11.20 08:05:59.528,1.1888,1.1891,7.80,1.00
2008.11.20 08:05:59.918,1.1888,1.1891,1.80,1.00
2008.11.20 08:06:01.178,1.1888,1.1891,7.80,1.00
2008.11.20 08:06:01.688,1.18885,1.1891,7.80,1.00
2008.11.20 08:06:02.018,1.18885,1.18915,1.80,1.00
2008.11.20 08:06:02.898,1.18885,1.18915,7.80,1.00
2008.11.20 08:06:03.577,1.18885,1.1891,1.80,1.00
2008.11.20 08:06:03.988,1.1888,1.189,1.80,1.00
2008.11.20 08:06:04.387,1.18875,1.189,9.90,1.00
2008.11.20 08:06:04.787,1.18875,1.18895,1.90,1.00
2008.11.20 08:06:05.307,1.18875,1.1891,9.00,1.00
2008.11.20 08:06:05.707,1.1889,1.1891,1.90,1.00
2008.11.20 08:06:06.057,1.18895,1.18915,1.90,1.50
2008.11.20 08:06:06.687,1.18895,1.18915,1.90,1.00
2008.11.20 08:06:07.026,1.18895,1.18915,1.90,1.00
2008.11.20 08:06:07.397,1.18895,1.18925,1.90,1.00
2008.11.20 08:06:07.806,1.189,1.1892,1.90,1.00
2008.11.20 08:06:08.146,1.18905,1.1892,1.90,1.00
2008.11.20 08:06:08.496,1.18905,1.18925,1.90,1.00
2008.11.20 08:06:08.956,1.18895,1.1892,1.90,1.00
2008.11.20 08:06:09.426,1.18895,1.18915,1.90,1.00
2008.11.20 08:06:10.016,1.18895,1.18915,1.90,1.00
2008.11.20 08:06:11.155,1.18895,1.18915,1.90,1.00
2008.11.20 08:06:11.505,1.18895,1.1892,1.90,1.00
2008.11.20 08:06:11.735,1.18895,1.1892,1.90,1.00
2008.11.20 08:06:12.085,1.18895,1.1892,3.90,1.00
2008.11.20 08:06:12.435,1.18895,1.1892,1.90,1.00
2008.11.20 08:06:12.785,1.18895,1.18915,1.90,1.00
2008.11.20 08:06:13.136,1.18895,1.18915,1.90,1.00
2008.11.20 08:06:14.584,1.18895,1.18915,3.90,1.00
2008.11.20 08:06:15.055,1.18895,1.18925,1.90,1.00
2008.11.20 08:06:15.285,1.18895,1.18925,1.90,1.00
2008.11.20 08:06:15.684,1.18895,1.1892,1.90,1.00
2008.11.20 08:06:17.764,1.18895,1.18915,1.90,1.00
2008.11.20 08:06:18.284,1.18895,1.18915,1.90,1.50
2008.11.20 08:06:18.564,1.18885,1.18905,1.20,1.00
2008.11.20 08:06:18.894,1.1887,1.18895,3.60,1.00
2008.11.20 08:06:19.124,1.1887,1.189,3.60,1.00
2008.11.20 08:06:19.514,1.1887,1.18905,3.60,1.00
2008.11.20 08:06:20.653,1.1887,1.189,3.60,1.00
2008.11.20 08:06:21.043,1.1887,1.18895,3.60,1.00
2008.11.20 08:06:21.393,1.18865,1.18895,3.10,1.00
2008.11.20 08:06:21.913,1.18865,1.1889,3.10,1.00
2008.11.20 08:06:22.253,1.1885,1.18875,2.40,1.00
2008.11.20 08:06:22.633,1.18845,1.1887,3.10,1.00
2008.11.20 08:06:22.812,1.18845,1.18875,1.90,1.50
2008.11.20 08:06:23.093,1.18845,1.1887,1.90,1.00
2008.11.20 08:06:23.393,1.18845,1.1887,1.90,1.00
2008.11.20 08:06:23.863,1.18835,1.1888,3.60,4.20
2008.11.20 08:06:24.253,1.18835,1.1888,1.20,3.10
2008.11.20 08:06:24.543,1.1885,1.1888,1.00,3.10
2008.11.20 08:06:24.882,1.1885,1.18875,7.20,1.00
2008.11.20 08:06:25.232,1.1886,1.18885,1.90,1.00
2008.11.20 08:06:25.532,1.1887,1.1889,1.20,1.00
2008.11.20 08:06:26.122,1.18875,1.18925,1.20,5.10
2008.11.20 08:06:26.472,1.18875,1.18915,3.90,1.00
2008.11.20 08:06:26.832,1.18865,1.1891,6.30,2.20
2008.11.20 08:06:27.122,1.18865,1.18895,3.10,1.00
2008.11.20 08:06:27.932,1.18865,1.18875,1.90,1.00
2008.11.20 08:06:28.212,1.1882,1.18865,6.00,1.00
2008.11.20 08:06:28.431,1.18805,1.1886,4.30,4.80
2008.11.20 08:06:28.712,1.18815,1.18845,1.20,2.80
2008.11.20 08:06:29.061,1.18785,1.1884,1.90,1.00
2008.11.20 08:06:29.411,1.18785,1.18815,1.90,1.00
2008.11.20 08:06:29.701,1.18785,1.1882,1.20,2.70
2008.11.20 08:06:30.151,1.188,1.18845,1.20,3.30
2008.11.20 08:06:30.611,1.18805,1.1884,1.20,2.20
2008.11.20 08:06:30.961,1.18795,1.18845,3.00,3.00
2008.11.20 08:06:31.251,1.1881,1.18825,1.90,1.00
2008.11.20 08:06:31.550,1.18825,1.1887,1.90,1.90
2008.11.20 08:06:32.260,1.1884,1.1887,1.90,1.00
2008.11.20 08:06:32.590,1.1884,1.1886,1.90,1.00
2008.11.20 08:06:33.060,1.1884,1.18865,1.90,1.00
2008.11.20 08:06:33.770,1.18835,1.1886,1.90,1.00
2008.11.20 08:06:34.060,1.1883,1.18855,9.90,1.00
2008.11.20 08:06:34.420,1.18835,1.18855,1.90,1.00
2008.11.20 08:06:34.890,1.18835,1.1886,3.10,1.00
2008.11.20 08:06:35.310,1.18835,1.1886,1.90,1.00
2008.11.20 08:06:37.209,1.18835,1.18855,1.90,1.00
2008.11.20 08:06:37.389,1.18835,1.1886,1.90,1.00
2008.11.20 08:06:37.959,1.18835,1.18865,1.90,1.00
2008.11.20 08:06:38.249,1.1885,1.18865,1.20,1.00
2008.11.20 08:06:38.429,1.1885,1.1888,1.20,1.00
2008.11.20 08:06:38.819,1.1885,1.18875,1.20,1.00
2008.11.20 08:06:39.229,1.1885,1.1886,1.80,1.00
2008.11.20 08:06:39.729,1.18835,1.1886,5.10,1.00
2008.11.20 08:06:40.088,1.18835,1.1886,1.90,1.00
2008.11.20 08:06:40.729,1.1883,1.1885,7.90,1.00
2008.11.20 08:06:41.528,1.1883,1.1885,3.10,1.00
2008.11.20 08:06:41.708,1.18835,1.18855,1.90,1.00
2008.11.20 08:06:41.938,1.1884,1.1886,6.00,1.00
2008.11.20 08:06:42.298,1.1884,1.18855,6.00,1.00
2008.11.20 08:06:42.688,1.18805,1.1884,1.20,1.00
2008.11.20 08:06:42.918,1.1879,1.1884,2.40,1.00
2008.11.20 08:06:43.329,1.1879,1.18835,1.20,1.00
2008.11.20 08:06:43.628,1.188,1.1884,6.00,1.00
2008.11.20 08:06:43.918,1.1882,1.18825,1.90,1.00
2008.11.20 08:06:44.497,1.18785,1.18835,2.40,3.10
2008.11.20 08:06:44.838,1.1879,1.1884,1.20,2.50
2008.11.20 08:06:45.187,1.18795,1.18845,1.20,3.30
2008.11.20 08:06:45.477,1.188,1.18835,3.00,2.20
2008.11.20 08:06:45.777,1.18805,1.1883,3.10,1.00
2008.11.20 08:06:46.117,1.18805,1.1882,1.20,1.00
2008.11.20 08:06:46.567,1.1882,1.18845,1.90,2.70
2008.11.20 08:06:46.917,1.1883,1.18845,1.90,1.00
2008.11.20 08:06:47.307,1.18825,1.18855,7.90,1.00
2008.11.20 08:06:47.607,1.1883,1.18855,1.90,1.00
2008.11.20 08:06:47.887,1.1883,1.18855,1.90,1.00
2008.11.20 08:06:50.066,1.1884,1.18855,1.90,1.00
2008.11.20 08:06:50.626,1.18825,1.18855,2.50,1.00
2008.11.20 08:06:50.906,1.1883,1.1887,7.80,1.90
2008.11.20 08:06:51.196,1.18845,1.18865,1.20,1.00
2008.11.20 08:06:51.546,1.18845,1.1887,1.20,1.20
2008.11.20 08:06:51.936,1.18855,1.1887,1.90,1.20
2008.11.20 08:06:52.285,1.18865,1.18895,1.90,1.50
2008.11.20 08:06:53.335,1.18865,1.1889,1.90,1.50
2008.11.20 08:06:53.695,1.18855,1.1887,6.00,1.00
2008.11.20 08:06:53.935,1.1883,1.1887,1.90,1.00
2008.11.20 08:06:54.285,1.1883,1.1887,1.90,1.50
2008.11.20 08:06:55.235,1.1883,1.18855,1.90,1.00
2008.11.20 08:06:55.405,1.18825,1.1886,1.90,1.00
2008.11.20 08:06:55.755,1.18825,1.1886,1.90,1.00
2008.11.20 08:06:56.035,1.18825,1.18855,1.90,1.00
2008.11.20 08:06:56.605,1.18825,1.1885,3.10,1.00
2008.11.20 08:06:58.734,1.18825,1.1884,1.90,1.00
2008.11.20 08:06:59.094,1.18825,1.1885,3.10,1.00
2008.11.20 08:06:59.425,1.18825,1.1885,1.90,1.00
2008.11.20 08:06:59.884,1.1882,1.1885,1.20,1.00
2008.11.20 08:07:00.344,1.18825,1.1885,3.10,1.00
2008.11.20 08:07:00.735,1.18835,1.1885,1.20,1.00
2008.11.20 08:07:01.134,1.1884,1.1886,1.90,1.00
2008.11.20 08:07:01.543,1.1884,1.18865,1.90,1.00
2008.11.20 08:07:02.073,1.1884,1.18865,1.90,1.30
2008.11.20 08:07:02.483,1.1884,1.18865,1.90,1.00
2008.11.20 08:07:02.723,1.1884,1.18865,1.90,1.00
2008.11.20 08:07:02.963,1.1884,1.18865,7.90,1.00
2008.11.20 08:07:03.183,1.1884,1.1886,7.90,1.00
2008.11.20 08:07:03.463,1.1884,1.1886,7.90,1.00
2008.11.20 08:07:03.803,1.18825,1.1885,1.90,1.00
2008.11.20 08:07:04.163,1.18825,1.18855,1.90,1.00
2008.11.20 08:07:05.692,1.1883,1.18865,1.20,2.40
2008.11.20 08:07:06.102,1.1883,1.18865,1.20,2.20
2008.11.20 08:07:06.332,1.18845,1.18855,3.10,1.00
2008.11.20 08:07:06.572,1.18845,1.1889,3.10,3.00
2008.11.20 08:07:06.852,1.18845,1.18875,3.10,1.00
2008.11.20 08:07:07.192,1.1885,1.18875,1.20,1.00
2008.11.20 08:07:07.473,1.1885,1.1888,1.20,1.00
2008.11.20 08:07:07.812,1.1885,1.18885,1.20,2.20
2008.11.20 08:07:09.641,1.1885,1.18885,1.20,2.70
2008.11.20 08:07:10.221,1.18855,1.18885,1.20,2.20
2008.11.20 08:07:10.571,1.18855,1.1889,1.20,2.20
2008.11.20 08:07:10.901,1.18855,1.18895,1.20,3.40
2008.11.20 08:07:11.251,1.1887,1.1889,1.20,1.00
2008.11.20 08:07:11.591,1.1887,1.18925,3.10,1.00
2008.11.20 08:07:11.871,1.18875,1.1893,1.20,3.30
2008.11.20 08:07:12.201,1.1888,1.18935,1.20,1.20
2008.11.20 08:07:12.551,1.18885,1.18935,6.90,1.00
2008.11.20 08:07:13.071,1.18885,1.1892,5.10,1.00
2008.11.20 08:07:13.401,1.1889,1.18925,1.20,1.00
2008.11.20 08:07:13.731,1.1889,1.18925,1.20,2.10
2008.11.20 08:07:14.011,1.18885,1.18915,5.70,1.00
2008.11.20 08:07:14.360,1.18885,1.18915,3.10,1.00
2008.11.20 08:07:14.880,1.1888,1.1891,1.20,2.20
2008.11.20 08:07:15.280,1.18885,1.18915,1.90,1.00
2008.11.20 08:07:15.690,1.1888,1.18905,6.00,1.50
2008.11.20 08:07:15.920,1.1887,1.18905,2.40,2.20
2008.11.20 08:07:16.210,1.1887,1.18905,2.40,1.00
2008.11.20 08:07:17.110,1.1887,1.18905,2.40,2.20
2008.11.20 08:07:17.389,1.18875,1.1891,3.10,3.40
2008.11.20 08:07:17.740,1.1887,1.18905,2.40,1.00
2008.11.20 08:07:18.029,1.1887,1.189,2.40,1.00
2008.11.20 08:07:18.319,1.1887,1.189,4.30,1.00
2008.11.20 08:07:18.719,1.1888,1.1891,1.00,2.50
2008.11.20 08:07:19.239,1.1888,1.189,1.00,1.00
2008.11.20 08:07:19.639,1.1888,1.18895,1.00,1.00
2008.11.20 08:07:20.679,1.1888,1.18905,1.30,2.40
2008.11.20 08:07:20.799,1.18895,1.1891,1.90,1.00
2008.11.20 08:07:21.219,1.18895,1.18925,1.20,1.00
2008.11.20 08:07:21.799,1.18895,1.18925,1.20,1.00
2008.11.20 08:07:22.138,1.189,1.1892,1.20,1.00
2008.11.20 08:07:22.679,1.18905,1.1893,3.90,1.00
2008.11.20 08:07:23.138,1.18905,1.18935,1.90,1.00
2008.11.20 08:07:24.068,1.189,1.18935,3.10,1.00
2008.11.20 08:07:24.428,1.189,1.18935,1.20,1.00
2008.11.20 08:07:24.708,1.189,1.1894,1.20,3.00
2008.11.20 08:07:25.068,1.189,1.1894,1.20,3.40
2008.11.20 08:07:25.467,1.189,1.18925,1.20,1.00
2008.11.20 08:07:25.877,1.18895,1.1892,1.20,1.00
2008.11.20 08:07:26.368,1.18895,1.1893,1.20,1.00
2008.11.20 08:07:26.977,1.18885,1.1892,11.50,1.00
2008.11.20 08:07:27.847,1.18885,1.1892,4.30,2.50
2008.11.20 08:07:28.147,1.18885,1.1892,1.90,2.50
2008.11.20 08:07:28.727,1.1888,1.18915,5.50,2.20
2008.11.20 08:07:28.957,1.1888,1.18915,1.90,1.50
2008.11.20 08:07:29.356,1.1888,1.1891,1.90,1.00
2008.11.20 08:07:29.747,1.1889,1.1892,1.20,2.20
2008.11.20 08:07:30.216,1.18885,1.1892,3.90,2.50
2008.11.20 08:07:30.626,1.18885,1.18915,3.90,1.00
2008.11.20 08:07:30.856,1.18885,1.18915,3.90,1.00
2008.11.20 08:07:31.566,1.18885,1.1891,1.90,1.00
2008.11.20 08:07:32.056,1.1888,1.1891,3.10,1.00
2008.11.20 08:07:33.165,1.18875,1.189,3.10,1.00
2008.11.20 08:07:33.446,1.18875,1.189,1.90,1.00
2008.11.20 08:07:33.795,1.18875,1.18895,1.90,1.00
2008.11.20 08:07:34.145,1.18875,1.189,1.90,1.00
2008.11.20 08:07:35.106,1.18875,1.189,1.90,1.00
2008.11.20 08:07:35.565,1.18875,1.189,1.90,1.00
2008.11.20 08:07:35.975,1.18875,1.189,3.10,1.00
2008.11.20 08:07:36.275,1.18885,1.18915,1.20,2.20
2008.11.20 08:07:36.605,1.18885,1.1892,1.20,2.20
2008.11.20 08:07:37.575,1.18875,1.18905,3.10,1.00
2008.11.20 08:07:37.815,1.1888,1.1892,1.20,1.00
2008.11.20 08:07:38.145,1.18885,1.18925,1.90,1.00
2008.11.20 08:07:38.486,1.18895,1.18915,1.90,1.00
2008.11.20 08:07:38.814,1.18895,1.18925,1.90,1.00
2008.11.20 08:07:39.224,1.189,1.18925,1.20,1.00
2008.11.20 08:07:39.694,1.189,1.18935,3.00,2.20
2008.11.20 08:07:40.164,1.189,1.18935,1.20,2.20
2008.11.20 08:07:40.574,1.18895,1.1892,5.10,1.00
2008.11.20 08:07:41.014,1.18895,1.1893,5.10,1.00
2008.11.20 08:07:42.343,1.189,1.1893,3.10,1.00
2008.11.20 08:07:42.583,1.189,1.1893,1.90,1.00
2008.11.20 08:07:42.923,1.18895,1.18935,5.10,1.50
2008.11.20 08:07:43.543,1.18895,1.1892,3.90,1.00
2008.11.20 08:07:44.093,1.18895,1.1892,1.90,1.00
2008.11.20 08:07:45.243,1.18885,1.18925,10.30,1.00
2008.11.20 08:07:45.663,1.18895,1.18915,1.90,1.00
2008.11.20 08:07:47.732,1.1889,1.1891,1.20,1.00
2008.11.20 08:07:48.022,1.1889,1.1891,1.90,1.00
2008.11.20 08:07:48.422,1.1888,1.1891,1.90,1.00
2008.11.20 08:07:48.712,1.18885,1.18915,5.10,1.00
2008.11.20 08:07:49.052,1.18905,1.18915,1.20,1.00
2008.11.20 08:07:49.532,1.18905,1.18915,1.90,1.00
2008.11.20 08:07:49.882,1.18905,1.1893,1.90,2.20
2008.11.20 08:07:50.282,1.18915,1.1893,3.90,2.20
2008.11.20 08:07:50.692,1.1892,1.1894,1.90,2.20
2008.11.20 08:07:51.381,1.1892,1.1895,1.90,1.00
2008.11.20 08:07:51.781,1.18925,1.1895,1.20,1.00
2008.11.20 08:07:52.131,1.1892,1.1895,7.90,1.00
2008.11.20 08:07:53.231,1.1892,1.1895,9.90,1.00
2008.11.20 08:07:54.251,1.1892,1.1895,7.90,1.00
2008.11.20 08:07:55.330,1.1893,1.1895,6.00,1.00
2008.11.20 08:07:55.730,1.1892,1.1895,7.90,1.00
2008.11.20 08:07:55.960,1.1893,1.1895,6.00,1.00
2008.11.20 08:07:56.610,1.1892,1.1895,7.90,1.00
2008.11.20 08:07:56.910,1.1892,1.1895,7.90,1.00
2008.11.20 08:07:57.360,1.1892,1.1894,1.90,1.00
2008.11.20 08:07:58.370,1.18915,1.1894,7.90,1.00
2008.11.20 08:07:58.659,1.18915,1.1894,7.90,1.00
2008.11.20 08:07:59.010,1.18915,1.18945,3.10,1.00
2008.11.20 08:07:59.479,1.18915,1.18945,11.10,1.00
2008.11.20 08:07:59.989,1.1892,1.1895,5.10,1.00
2008.11.20 08:08:00.629,1.18925,1.1895,3.90,1.00
2008.11.20 08:08:01.029,1.18935,1.18955,1.90,1.00
2008.11.20 08:08:01.309,1.18945,1.1896,1.20,1.00
2008.11.20 08:08:01.769,1.18935,1.18975,7.60,3.00
2008.11.20 08:08:02.099,1.1894,1.18975,1.20,2.50
2008.11.20 08:08:02.439,1.18935,1.18975,3.60,3.00
2008.11.20 08:08:02.788,1.18935,1.18975,5.50,1.50
2008.11.20 08:08:03.239,1.1895,1.1898,1.90,2.80
2008.11.20 08:08:03.529,1.18955,1.1898,1.90,2.20
2008.11.20 08:08:03.868,1.18955,1.1899,1.90,2.50
2008.11.20 08:08:04.248,1.1895,1.1897,1.20,1.00
2008.11.20 08:08:04.688,1.18955,1.1897,1.90,1.00
2008.11.20 08:08:05.138,1.1895,1.1899,1.90,1.00
2008.11.20 08:08:07.108,1.1895,1.18975,1.90,1.00
2008.11.20 08:08:07.577,1.1895,1.18975,1.90,1.00
2008.11.20 08:08:08.227,1.1895,1.1898,1.90,1.00
2008.11.20 08:08:09.677,1.1895,1.18975,1.90,1.00
2008.11.20 08:08:10.357,1.18945,1.18965,1.90,1.00
2008.11.20 08:08:10.817,1.18945,1.18975,3.90,1.00
2008.11.20 08:08:11.037,1.1895,1.18975,1.90,1.00
2008.11.20 08:08:11.956,1.1895,1.1898,1.90,1.00
2008.11.20 08:08:12.456,1.1894,1.1897,9.00,1.00
2008.11.20 08:08:12.916,1.18955,1.18975,1.90,1.00
2008.11.20 08:08:13.306,1.1896,1.18975,1.20,1.00
2008.11.20 08:08:13.586,1.18945,1.18975,9.10,1.00
2008.11.20 08:08:13.816,1.18945,1.18985,3.10,3.00
2008.11.20 08:08:14.276,1.18945,1.18985,5.10,3.00
2008.11.20 08:08:14.636,1.18945,1.1897,3.10,1.00
2008.11.20 08:08:15.096,1.18945,1.1899,1.20,1.30
2008.11.20 08:08:15.495,1.18945,1.18985,1.20,1.00
2008.11.20 08:08:15.725,1.1894,1.18985,3.60,1.00
2008.11.20 08:08:15.955,1.1894,1.1898,9.60,1.00
2008.11.20 08:08:16.426,1.1894,1.18975,13.20,1.00
2008.11.20 08:08:16.895,1.1894,1.18975,7.20,1.00
2008.11.20 08:08:17.705,1.1894,1.18975,7.20,1.00
2008.11.20 08:08:18.115,1.1894,1.18965,6.00,1.00
2008.11.20 08:08:18.235,1.1894,1.18965,6.00,1.00
2008.11.20 08:08:18.615,1.18935,1.18965,5.50,1.00
2008.11.20 08:08:18.904,1.18935,1.18965,3.10,1.00
2008.11.20 08:08:19.245,1.1894,1.18965,1.90,1.00
2008.11.20 08:08:19.714,1.18935,1.18965,1.90,1.00
2008.11.20 08:08:20.124,1.18935,1.18975,5.10,1.50
2008.11.20 08:08:20.484,1.1894,1.1897,1.90,1.00
2008.11.20 08:08:20.834,1.1894,1.18975,1.90,1.50
2008.11.20 08:08:22.324,1.1894,1.18975,3.10,1.00
2008.11.20 08:08:22.844,1.18945,1.18975,1.90,1.00
2008.11.20 08:08:23.324,1.1895,1.18975,1.90,1.00
2008.11.20 08:08:23.673,1.18955,1.18985,1.90,1.00
2008.11.20 08:08:23.966,1.18955,1.18985,3.90,1.00
2008.11.20 08:08:24.253,1.18955,1.18985,3.90,1.00
2008.11.20 08:08:24.373,1.18955,1.18985,3.90,1.00
2008.11.20 08:08:24.884,1.1895,1.1898,1.90,1.00
2008.11.20 08:08:25.303,1.18945,1.1898,5.10,1.00
2008.11.20 08:08:25.803,1.1896,1.1898,1.20,1.00
2008.11.20 08:08:26.203,1.18955,1.18985,6.30,1.00
2008.11.20 08:08:26.543,1.1896,1.18995,3.10,3.00
2008.11.20 08:08:27.353,1.1896,1.18995,3.10,1.50
2008.11.20 08:08:28.042,1.18955,1.1899,10.30,1.00
2008.11.20 08:08:28.782,1.18955,1.1899,4.30,1.00
2008.11.20 08:08:29.302,1.1895,1.18985,7.90,1.00
2008.11.20 08:08:29.702,1.18945,1.18975,8.70,1.00
2008.11.20 08:08:30.052,1.18945,1.18975,5.10,1.00
2008.11.20 08:08:30.332,1.18945,1.18965,1.90,1.00
2008.11.20 08:08:31.072,1.1894,1.1896,1.90,1.00
2008.11.20 08:08:31.422,1.18945,1.18975,1.90,1.00
2008.11.20 08:08:31.882,1.18955,1.1898,1.90,2.50
2008.11.20 08:08:32.222,1.18955,1.1898,1.90,1.00
2008.11.20 08:08:32.631,1.18955,1.1898,1.90,1.50
2008.11.20 08:08:33.131,1.1895,1.18975,1.90,1.00
2008.11.20 08:08:33.411,1.1895,1.18975,1.90,1.00
2008.11.20 08:08:34.281,1.18945,1.18965,1.90,1.00
2008.11.20 08:08:34.631,1.18945,1.1897,5.10,1.00
2008.11.20 08:08:35.041,1.18945,1.18965,5.10,1.00
2008.11.20 08:08:35.431,1.1895,1.18975,1.90,1.00
2008.11.20 08:08:35.840,1.18955,1.1898,1.90,1.00
2008.11.20 08:08:36.120,1.18965,1.1899,1.90,2.70
2008.11.20 08:08:36.470,1.18955,1.18985,3.10,1.00
2008.11.20 08:08:36.770,1.18955,1.18985,1.90,1.00
2008.11.20 08:08:37.060,1.1896,1.18985,1.90,1.00
2008.11.20 08:08:38.320,1.18955,1.1898,3.90,1.00
2008.11.20 08:08:38.660,1.18955,1.1899,5.10,1.50
2008.11.20 08:08:38.950,1.1896,1.1899,1.90,1.00
2008.11.20 08:08:39.320,1.18965,1.1899,1.90,1.00
2008.11.20 08:08:39.770,1.18965,1.18995,3.90,1.00
2008.11.20 08:08:40.369,1.18965,1.1899,1.90,1.00
2008.11.20 08:08:41.049,1.18965,1.18995,1.90,1.50
2008.11.20 08:08:41.289,1.18965,1.18995,1.90,1.00
2008.11.20 08:08:42.029,1.18965,1.18995,1.90,1.50
2008.11.20 08:08:42.429,1.18965,1.1899,1.90,1.00
2008.11.20 08:08:42.959,1.1896,1.18995,3.10,1.50
2008.11.20 08:08:43.369,1.1896,1.1899,1.90,1.00
2008.11.20 08:08:43.958,1.1896,1.18985,1.90,1.00
2008.11.20 08:08:44.129,1.18955,1.18985,3.90,1.00
2008.11.20 08:08:44.309,1.18955,1.18985,3.90,1.00
2008.11.20 08:08:44.878,1.18965,1.18985,1.90,1.00
2008.11.20 08:08:45.228,1.18965,1.18985,1.90,1.00
2008.11.20 08:08:46.158,1.18955,1.18985,1.20,1.00
2008.11.20 08:08:46.498,1.1895,1.18985,3.10,1.50
2008.11.20 08:08:46.738,1.1895,1.1899,2.40,3.00
2008.11.20 08:08:46.968,1.1896,1.1899,1.90,2.50
2008.11.20 08:08:47.378,1.1896,1.1899,1.90,1.00
2008.11.20 08:08:47.708,1.18965,1.18995,1.90,3.40
2008.11.20 08:08:48.278,1.1895,1.18985,8.40,1.00
2008.11.20 08:08:48.618,1.1896,1.1898,1.20,2.20
2008.11.20 08:08:48.957,1.1895,1.1899,3.10,2.70
2008.11.20 08:08:49.168,1.1895,1.1899,3.10,2.50
2008.11.20 08:08:49.517,1.1895,1.18985,3.10,1.00
2008.11.20 08:08:50.377,1.18955,1.18995,5.10,1.30
2008.11.20 08:08:50.597,1.18955,1.1899,6.30,1.00
2008.11.20 08:08:51.177,1.18955,1.1899,5.10,1.00
2008.11.20 08:08:51.587,1.18955,1.18985,3.90,1.00
2008.11.20 08:08:51.997,1.18945,1.18975,5.10,1.00
2008.11.20 08:08:52.406,1.18945,1.18965,1.90,1.00
2008.11.20 08:08:53.206,1.18945,1.18975,1.90,1.50
2008.11.20 08:08:54.196,1.18945,1.18985,3.10,4.00
2008.11.20 08:08:54.596,1.18955,1.1899,6.30,2.20
2008.11.20 08:08:55.126,1.1896,1.1899,1.20,1.00
2008.11.20 08:08:55.466,1.18975,1.1899,1.90,1.00
2008.11.20 08:08:55.976,1.1896,1.1899,1.90,1.00
2008.11.20 08:08:56.306,1.18965,1.18995,3.90,1.50
2008.11.20 08:08:56.816,1.18965,1.18995,3.90,1.00
2008.11.20 08:08:57.175,1.18965,1.18995,3.90,1.00
2008.11.20 08:08:58.095,1.18965,1.18995,1.90,1.00
2008.11.20 08:08:58.615,1.18965,1.18995,3.90,1.00
2008.11.20 08:08:59.835,1.18965,1.18995,3.10,1.00
2008.11.20 08:09:00.245,1.18965,1.18995,1.90,1.50
2008.11.20 08:09:01.395,1.18955,1.18985,1.90,1.00
2008.11.20 08:09:03.524,1.18955,1.18985,2.50,1.00
2008.11.20 08:09:03.874,1.18965,1.18985,1.90,1.00
2008.11.20 08:09:04.104,1.18965,1.18995,1.90,1.00
2008.11.20 08:09:05.194,1.18965,1.1899,1.90,1.00
2008.11.20 08:09:05.943,1.18965,1.18995,1.90,1.00
2008.11.20 08:09:07.813,1.18965,1.18995,3.90,1.00
2008.11.20 08:09:09.642,1.18965,1.18995,1.90,1.00
2008.11.20 08:09:09.872,1.18965,1.18995,1.90,1.00
2008.11.20 08:09:10.462,1.18965,1.1899,1.90,1.00
2008.11.20 08:09:11.022,1.18965,1.18995,1.90,1.00
2008.11.20 08:09:13.442,1.18965,1.1899,1.90,1.00
2008.11.20 08:09:14.371,1.18965,1.18985,1.90,1.00
2008.11.20 08:09:15.211,1.18965,1.18985,1.90,1.00
2008.11.20 08:09:15.441,1.1896,1.18985,1.90,1.50
2008.11.20 08:09:16.061,1.1896,1.1898,1.90,1.00
2008.11.20 08:09:17.531,1.1895,1.18975,6.60,1.30
2008.11.20 08:09:17.821,1.1895,1.18975,1.00,1.50
2008.11.20 08:09:18.100,1.1895,1.18975,1.00,3.00
2008.11.20 08:09:18.220,1.1896,1.18975,1.90,2.20
2008.11.20 08:09:18.570,1.1895,1.18975,6.60,3.00
2008.11.20 08:09:19.050,1.1895,1.18975,1.00,3.00
2008.11.20 08:09:19.680,1.1895,1.18975,1.00,1.00
2008.11.20 08:09:20.140,1.1895,1.18975,1.00,1.00
2008.11.20 08:09:20.500,1.1895,1.18975,1.00,1.50
2008.11.20 08:09:20.830,1.1895,1.18975,2.50,1.00
2008.11.20 08:09:21.130,1.18955,1.18975,1.90,1.00
2008.11.20 08:09:21.540,1.18955,1.1898,1.90,1.00
2008.11.20 08:09:21.929,1.18955,1.18985,3.90,1.00
2008.11.20 08:09:22.519,1.18955,1.1899,3.90,1.00
2008.11.20 08:09:22.859,1.18965,1.1899,1.90,1.00
2008.11.20 08:09:23.199,1.18975,1.18995,1.90,1.50
2008.11.20 08:09:23.619,1.1895,1.18995,3.10,3.60
2008.11.20 08:09:23.789,1.1895,1.1899,3.90,1.00
2008.11.20 08:09:24.019,1.1895,1.18985,3.90,1.00
2008.11.20 08:09:24.179,1.18955,1.18985,1.90,1.30
2008.11.20 08:09:24.519,1.18955,1.18985,1.90,1.00
2008.11.20 08:09:24.969,1.18965,1.1899,1.90,1.00
2008.11.20 08:09:25.998,1.18965,1.18995,1.90,1.50
2008.11.20 08:09:26.288,1.18965,1.18985,1.90,1.00
2008.11.20 08:09:26.748,1.18965,1.18995,1.90,1.00
2008.11.20 08:09:27.158,1.18955,1.1898,2.40,1.00
2008.11.20 08:09:27.678,1.18955,1.1898,1.90,1.00
2008.11.20 08:09:28.028,1.18955,1.18985,1.90,1.00
2008.11.20 08:09:28.368,1.18955,1.18985,1.90,1.00
2008.11.20 08:09:29.208,1.18965,1.18985,1.90,1.00
2008.11.20 08:09:29.918,1.18955,1.18985,1.90,1.00
2008.11.20 08:09:30.427,1.18955,1.18985,1.90,1.00
2008.11.20 08:09:30.837,1.18955,1.18985,1.90,1.00
2008.11.20 08:09:32.837,1.18955,1.18985,1.90,1.00
2008.11.20 08:09:34.186,1.18955,1.18985,3.90,1.00
2008.11.20 08:09:34.536,1.18965,1.1899,1.90,1.00
2008.11.20 08:09:35.376,1.18955,1.1899,7.50,1.00
2008.11.20 08:09:35.546,1.18955,1.1899,5.10,1.00
2008.11.20 08:09:36.006,1.18955,1.18995,5.10,3.00
2008.11.20 08:09:36.226,1.18955,1.1899,5.10,1.00
2008.11.20 08:09:36.406,1.1896,1.1899,1.20,1.00
2008.11.20 08:09:36.576,1.18975,1.18995,1.90,1.50
2008.11.20 08:09:37.016,1.18965,1.18995,1.90,1.20
2008.11.20 08:09:37.306,1.18975,1.18995,1.90,1.00
2008.11.20 08:09:37.556,1.18975,1.18995,1.90,1.00
2008.11.20 08:09:37.905,1.1896,1.1899,1.90,1.00
2008.11.20 08:09:38.366,1.18965,1.1899,1.90,1.00
2008.11.20 08:09:38.705,1.18965,1.18995,3.90,1.00
2008.11.20 08:09:39.125,1.18965,1.18995,1.90,1.00
2008.11.20 08:09:39.485,1.18975,1.18995,1.90,1.00
2008.11.20 08:09:39.645,1.18975,1.18995,1.90,1.00
2008.11.20 08:09:40.645,1.18975,1.18995,1.90,1.00
2008.11.20 08:09:40.925,1.18975,1.18995,3.90,1.00
2008.11.20 08:09:41.365,1.18985,1.19005,1.90,1.00
2008.11.20 08:09:41.715,1.18985,1.18995,1.20,1.00
2008.11.20 08:09:42.065,1.1896,1.18995,3.10,1.00
2008.11.20 08:09:42.645,1.18955,1.18995,3.60,1.00
2008.11.20 08:09:43.004,1.1896,1.18995,3.10,1.00
2008.11.20 08:09:43.284,1.18965,1.18995,1.90,1.00
2008.11.20 08:09:43.574,1.18975,1.18995,1.90,1.00
2008.11.20 08:09:43.804,1.18975,1.18995,1.90,1.00
2008.11.20 08:09:44.324,1.18975,1.19,1.90,1.30
2008.11.20 08:09:44.664,1.18965,1.1899,1.90,1.00
2008.11.20 08:09:45.514,1.18965,1.18995,1.90,1.80
2008.11.20 08:09:45.854,1.18965,1.1899,1.90,1.00
2008.11.20 08:09:46.963,1.18965,1.1899,3.10,1.00
2008.11.20 08:09:47.563,1.18965,1.18995,3.10,1.00
2008.11.20 08:09:48.303,1.1897,1.18995,1.20,1.00
2008.11.20 08:09:48.783,1.18985,1.19005,1.90,1.00
2008.11.20 08:09:49.293,1.18985,1.1901,1.90,1.00
2008.11.20 08:09:49.923,1.1898,1.19015,1.20,2.10
2008.11.20 08:09:50.272,1.1897,1.1901,9.10,1.50
2008.11.20 08:09:50.713,1.1897,1.1901,5.10,3.00
2008.11.20 08:09:50.943,1.1897,1.1901,3.10,3.00
2008.11.20 08:09:51.222,1.1897,1.19005,1.90,1.00
2008.11.20 08:09:51.562,1.1897,1.19,1.90,1.00
2008.11.20 08:09:52.202,1.18965,1.19,5.10,1.00
2008.11.20 08:09:52.472,1.18965,1.18995,1.90,1.00
2008.11.20 08:09:52.712,1.18965,1.18985,1.90,1.00
2008.11.20 08:09:53.452,1.1896,1.18995,4.80,2.80
2008.11.20 08:09:53.742,1.1896,1.19,4.80,3.00
2008.11.20 08:09:55.012,1.18965,1.18995,1.90,1.00
2008.11.20 08:09:55.421,1.1895,1.1898,3.70,1.00
2008.11.20 08:09:55.661,1.1896,1.1899,3.60,2.70
2008.11.20 08:09:55.891,1.1896,1.1899,4.80,2.50
2008.11.20 08:09:56.211,1.1896,1.18995,4.80,2.20
2008.11.20 08:09:57.821,1.1896,1.18985,4.80,1.00
2008.11.20 08:09:58.111,1.18965,1.18985,1.20,1.00
2008.11.20 08:09:58.451,1.1896,1.18985,4.80,1.00
2008.11.20 08:09:58.850,1.1896,1.18985,4.80,1.00
2008.11.20 08:09:59.140,1.18965,1.18985,1.20,1.00
2008.11.20 08:09:59.670,1.1896,1.18985,4.80,1.00
2008.11.20 08:10:00.180,1.1896,1.18995,4.80,2.70
2008.11.20 08:10:00.650,1.1896,1.18985,4.80,1.00
2008.11.20 08:10:01.050,1.1896,1.18985,4.80,1.00
2008.11.20 08:10:01.500,1.18955,1.18975,1.20,1.00
2008.11.20 08:10:01.720,1.1895,1.18975,3.70,1.00
2008.11.20 08:10:01.950,1.1895,1.18975,3.10,1.00
2008.11.20 08:10:02.300,1.1895,1.18975,3.10,1.00
2008.11.20 08:10:02.759,1.18945,1.18975,5.10,1.00
2008.11.20 08:10:03.169,1.18945,1.18975,3.90,1.00
2008.11.20 08:10:03.639,1.18945,1.18975,1.90,1.00
2008.11.20 08:10:04.319,1.1894,1.18965,1.90,1.00
2008.11.20 08:10:04.659,1.18945,1.1897,1.90,1.00
2008.11.20 08:10:05.179,1.18945,1.18975,1.90,1.00
2008.11.20 08:10:05.529,1.1895,1.1898,1.20,1.00
2008.11.20 08:10:05.819,1.18955,1.18985,1.20,1.00
2008.11.20 08:10:06.769,1.1895,1.18985,1.20,1.00
2008.11.20 08:10:07.178,1.1896,1.18985,1.20,1.00
2008.11.20 08:10:07.688,1.1896,1.18985,1.20,1.00
2008.11.20 08:10:08.088,1.1895,1.1898,1.20,1.00
2008.11.20 08:10:08.488,1.18945,1.18965,6.30,1.00
2008.11.20 08:10:09.118,1.18945,1.18975,3.90,1.00
2008.11.20 08:10:09.578,1.18945,1.18975,1.90,1.00
2008.11.20 08:10:09.918,1.18945,1.18965,1.90,1.00
2008.11.20 08:10:11.557,1.18945,1.18965,3.10,1.00
2008.11.20 08:10:12.068,1.18945,1.18975,3.10,1.00
2008.11.20 08:10:12.547,1.18945,1.18975,5.10,1.00
2008.11.20 08:10:12.837,1.18945,1.18975,3.90,1.00
2008.11.20 08:10:13.407,1.1894,1.1896,3.10,1.00
2008.11.20 08:10:13.757,1.1894,1.1896,1.90,1.00
2008.11.20 08:10:14.117,1.18945,1.1896,1.90,1.00
2008.11.20 08:10:14.407,1.18945,1.1897,3.90,1.00
2008.11.20 08:10:14.817,1.1896,1.18975,1.90,1.00
2008.11.20 08:10:15.056,1.1897,1.18985,1.90,1.00
2008.11.20 08:10:15.396,1.1897,1.18995,1.90,1.00
2008.11.20 08:10:15.737,1.1897,1.19,3.90,1.00
2008.11.20 08:10:16.086,1.18965,1.19,1.90,1.50
2008.11.20 08:10:16.436,1.1898,1.18995,1.90,1.00
2008.11.20 08:10:16.836,1.1898,1.18995,1.90,1.00
2008.11.20 08:10:17.296,1.1897,1.19,3.10,1.00
2008.11.20 08:10:17.586,1.1897,1.19,1.90,1.00
2008.11.20 08:10:18.116,1.1897,1.19,1.90,1.00
2008.11.20 08:10:18.446,1.1897,1.19,1.90,2.70
2008.11.20 08:10:18.776,1.18965,1.18995,3.90,1.00
2008.11.20 08:10:19.006,1.18965,1.18995,1.90,1.00
2008.11.20 08:10:19.366,1.1896,1.1899,1.90,1.00
2008.11.20 08:10:19.546,1.18975,1.1899,1.90,1.00
2008.11.20 08:10:20.066,1.1898,1.19,1.90,1.00
2008.11.20 08:10:20.465,1.1898,1.19005,1.90,1.00
2008.11.20 08:10:21.275,1.18975,1.19005,5.10,1.00
2008.11.20 08:10:21.675,1.1897,1.19,3.10,1.00
2008.11.20 08:10:22.265,1.1898,1.18995,1.20,1.00
2008.11.20 08:10:22.875,1.1898,1.18995,1.90,1.00
2008.11.20 08:10:23.235,1.1897,1.19005,1.90,1.50
2008.11.20 08:10:23.465,1.1897,1.19,1.90,1.00
2008.11.20 08:10:26.144,1.1897,1.19,1.90,1.00
2008.11.20 08:10:26.484,1.18965,1.19,5.10,1.00
2008.11.20 08:10:28.393,1.1898,1.19,1.90,1.00
2008.11.20 08:10:28.623,1.1898,1.19005,1.90,1.00
2008.11.20 08:10:32.332,1.1898,1.19005,1.90,1.00
2008.11.20 08:10:32.672,1.1899,1.1901,1.90,2.20
2008.11.20 08:10:33.132,1.18985,1.19005,1.90,1.00
2008.11.20 08:10:33.532,1.18975,1.19005,3.90,1.00
2008.11.20 08:10:34.062,1.18975,1.19005,3.90,1.00
2008.11.20 08:10:34.342,1.18975,1.19005,3.90,1.00
2008.11.20 08:10:35.542,1.18975,1.19005,3.90,1.00
2008.11.20 08:10:35.822,1.18975,1.19005,3.90,1.00
2008.11.20 08:10:36.322,1.18975,1.19005,3.90,1.00
2008.11.20 08:10:36.491,1.18975,1.19005,3.90,1.00
2008.11.20 08:10:37.071,1.1897,1.19005,6.30,1.00
2008.11.20 08:10:37.191,1.1897,1.19005,6.30,1.50
2008.11.20 08:10:37.661,1.1897,1.19005,5.10,1.50
2008.11.20 08:10:38.301,1.1897,1.19005,6.30,1.50
2008.11.20 08:10:38.641,1.1897,1.19,5.10,1.00
2008.11.20 08:10:43.160,1.1897,1.19,6.30,1.00
2008.11.20 08:10:43.510,1.18975,1.19,3.90,1.00
2008.11.20 08:10:43.800,1.1897,1.19,1.20,1.50
2008.11.20 08:10:44.200,1.18965,1.1899,3.10,1.00
2008.11.20 08:10:44.610,1.18955,1.18995,1.20,2.50
2008.11.20 08:10:45.069,1.18965,1.1899,1.90,1.00
2008.11.20 08:10:45.359,1.18965,1.1899,1.90,1.50
2008.11.20 08:10:45.969,1.18965,1.1899,1.90,1.00
2008.11.20 08:10:47.699,1.18965,1.18995,4.30,1.00
2008.11.20 08:10:48.119,1.1897,1.18995,1.90,1.00
2008.11.20 08:10:48.239,1.1897,1.19,1.90,1.00
2008.11.20 08:10:48.868,1.1897,1.19,1.90,1.00
2008.11.20 08:10:49.378,1.18965,1.19,6.30,1.00
2008.11.20 08:10:49.608,1.18965,1.19,3.90,1.00
2008.11.20 08:10:49.898,1.18965,1.18995,3.90,1.00
2008.11.20 08:10:50.128,1.18965,1.19,3.90,1.00
2008.11.20 08:10:51.108,1.18965,1.19,3.90,1.50
2008.11.20 08:10:53.017,1.1898,1.19005,1.90,2.70
2008.11.20 08:10:53.377,1.1898,1.19005,1.90,1.00
2008.11.20 08:10:53.727,1.18975,1.19005,10.30,1.00
2008.11.20 08:10:54.027,1.18985,1.19005,7.90,1.00
2008.11.20 08:10:54.267,1.18985,1.19005,1.90,1.00
2008.11.20 08:10:54.717,1.1898,1.19005,1.20,1.00
2008.11.20 08:10:55.177,1.18965,1.18995,9.90,1.00
2008.11.20 08:10:55.517,1.18965,1.18995,3.90,1.00
2008.11.20 08:10:55.807,1.18975,1.18995,1.90,1.00
2008.11.20 08:10:56.327,1.18975,1.19005,1.90,1.20
2008.11.20 08:10:56.507,1.18975,1.19,1.90,1.00
2008.11.20 08:10:56.856,1.18975,1.19005,1.90,1.00
2008.11.20 08:10:57.206,1.18975,1.19005,12.70,1.00
2008.11.20 08:10:57.546,1.18975,1.19005,11.50,1.00
2008.11.20 08:10:57.886,1.18985,1.19005,3.10,1.00
2008.11.20 08:10:58.246,1.18985,1.19005,9.10,1.00
2008.11.20 08:10:58.656,1.1898,1.19005,6.00,1.00
2008.11.20 08:10:58.896,1.18975,1.19005,8.40,1.00
2008.11.20 08:10:59.366,1.1897,1.18995,6.00,1.00
2008.11.20 08:10:59.546,1.1897,1.19,6.00,1.30
2008.11.20 08:11:00.066,1.18985,1.19,3.10,1.00
2008.11.20 08:11:00.476,1.1899,1.19005,6.00,1.00
2008.11.20 08:11:01.056,1.18985,1.19005,3.10,1.00
2008.11.20 08:11:01.455,1.18985,1.19005,4.30,1.00
2008.11.20 08:11:01.975,1.18985,1.19005,5.50,1.00
2008.11.20 08:11:02.155,1.18995,1.19005,1.90,1.00
2008.11.20 08:11:03.235,1.18985,1.19005,5.50,1.00
2008.11.20 08:11:03.575,1.18985,1.19005,4.30,1.00
2008.11.20 08:11:04.015,1.18985,1.19005,4.30,1.00
2008.11.20 08:11:04.255,1.18985,1.19005,1.90,1.00
2008.11.20 08:11:04.485,1.18975,1.19005,5.50,1.00
2008.11.20 08:11:04.665,1.18975,1.19005,4.30,1.00
2008.11.20 08:11:05.414,1.1898,1.19005,2.40,1.00
2008.11.20 08:11:05.744,1.18985,1.19005,1.90,1.00
2008.11.20 08:11:06.094,1.18985,1.19005,6.70,1.00
2008.11.20 08:11:07.184,1.18985,1.19005,3.10,1.00
2008.11.20 08:11:07.694,1.1898,1.19005,3.60,1.00
2008.11.20 08:11:09.633,1.1898,1.19005,2.40,1.00
2008.11.20 08:11:09.873,1.18975,1.19005,7.90,1.00
2008.11.20 08:11:10.104,1.18975,1.19005,3.10,1.00
2008.11.20 08:11:10.383,1.1898,1.19005,1.20,1.00
2008.11.20 08:11:10.783,1.18975,1.19005,4.90,1.00
2008.11.20 08:11:11.193,1.18975,1.19005,4.30,1.00
2008.11.20 08:11:11.723,1.1899,1.19005,1.90,1.00
2008.11.20 08:11:14.292,1.18995,1.19015,1.20,1.00
2008.11.20 08:11:15.062,1.19,1.19015,1.20,1.00
2008.11.20 08:11:15.362,1.18995,1.1902,1.90,1.00
2008.11.20 08:11:15.602,1.18995,1.19015,1.90,1.00
2008.11.20 08:11:16.022,1.1899,1.1901,1.90,1.00
2008.11.20 08:11:16.562,1.18985,1.19015,1.90,1.00
2008.11.20 08:11:16.852,1.18985,1.19025,3.10,1.50
2008.11.20 08:11:17.212,1.18985,1.1902,6.70,1.00
2008.11.20 08:11:17.431,1.18985,1.19025,12.70,1.50
2008.11.20 08:11:18.001,1.18985,1.19025,6.70,1.50
2008.11.20 08:11:18.401,1.18985,1.1902,6.70,1.00
2008.11.20 08:11:19.051,1.18985,1.1902,12.70,1.00
2008.11.20 08:11:19.511,1.18985,1.1902,6.70,1.00
2008.11.20 08:11:19.791,1.18985,1.1902,12.70,1.00
2008.11.20 08:11:20.541,1.18985,1.19025,12.70,1.50
2008.11.20 08:11:21.970,1.18985,1.19025,6.70,1.50
2008.11.20 08:11:24.710,1.18985,1.1902,11.50,1.00
2008.11.20 08:11:25.050,1.19,1.1902,1.90,1.00
2008.11.20 08:11:25.459,1.19005,1.1903,1.20,1.00
2008.11.20 08:11:25.969,1.19005,1.1904,5.50,1.00
2008.11.20 08:11:26.379,1.1901,1.19045,5.50,1.00
2008.11.20 08:11:26.619,1.1901,1.19045,12.70,1.00
2008.11.20 08:11:26.839,1.1901,1.19045,12.70,1.00
2008.11.20 08:11:27.069,1.1901,1.19045,12.70,1.00
2008.11.20 08:11:27.829,1.1901,1.19045,12.70,1.00
2008.11.20 08:11:28.249,1.19015,1.19055,11.50,1.30
2008.11.20 08:11:28.539,1.19015,1.1905,10.30,1.00
2008.11.20 08:11:29.689,1.19015,1.19055,11.50,1.30
2008.11.20 08:11:30.168,1.1902,1.1905,1.90,1.00
2008.11.20 08:11:30.468,1.19015,1.1905,10.30,1.00
2008.11.20 08:11:30.768,1.19025,1.1905,1.90,1.00
2008.11.20 08:11:31.678,1.19025,1.19055,1.90,1.00
2008.11.20 08:11:31.968,1.19025,1.19055,3.10,1.00
2008.11.20 08:11:32.378,1.19035,1.19055,1.90,1.00
2008.11.20 08:11:32.658,1.19025,1.19055,1.90,1.00
2008.11.20 08:11:32.948,1.19025,1.1905,1.90,1.00
2008.11.20 08:11:33.588,1.19025,1.19055,1.90,1.00
2008.11.20 08:11:34.268,1.1902,1.19055,1.20,1.00
2008.11.20 08:11:34.567,1.19015,1.1905,11.50,1.00
2008.11.20 08:11:34.847,1.19015,1.1905,5.50,1.00
2008.11.20 08:11:35.247,1.19015,1.19055,5.50,3.00
2008.11.20 08:11:36.067,1.19015,1.1905,5.50,1.00
2008.11.20 08:11:36.537,1.1903,1.1905,1.20,1.00
2008.11.20 08:11:36.647,1.19025,1.1905,1.90,1.00
2008.11.20 08:11:36.887,1.19025,1.19055,1.90,1.00
2008.11.20 08:11:37.347,1.19035,1.19055,1.90,1.00
2008.11.20 08:11:37.907,1.19035,1.19055,1.90,1.00
2008.11.20 08:11:38.647,1.1904,1.1906,1.90,1.00
2008.11.20 08:11:38.987,1.19045,1.1906,1.90,1.00
2008.11.20 08:11:39.376,1.19045,1.19065,1.90,1.00
2008.11.20 08:11:39.836,1.19035,1.19065,1.90,1.00
2008.11.20 08:11:40.296,1.19035,1.19065,1.90,1.00
2008.11.20 08:11:40.536,1.19035,1.19065,1.90,1.50
2008.11.20 08:11:41.006,1.19035,1.19065,1.90,1.00
2008.11.20 08:11:41.536,1.19035,1.19065,1.90,1.00
2008.11.20 08:11:41.816,1.19045,1.19065,1.90,1.00
2008.11.20 08:11:44.165,1.19045,1.1907,1.90,1.00
2008.11.20 08:11:44.465,1.1904,1.1906,1.90,1.00
2008.11.20 08:11:44.705,1.1904,1.1906,3.10,1.00
2008.11.20 08:11:45.115,1.19045,1.19085,5.50,3.40
2008.11.20 08:11:45.564,1.1905,1.19085,1.80,1.20
2008.11.20 08:11:45.914,1.1905,1.19085,1.20,1.20
2008.11.20 08:11:46.255,1.1905,1.1908,1.80,1.20
2008.11.20 08:11:46.605,1.19055,1.1908,1.20,1.20
2008.11.20 08:11:47.124,1.1905,1.1908,4.30,1.50
2008.11.20 08:11:47.484,1.1906,1.1908,2.40,1.50
2008.11.20 08:11:47.884,1.19065,1.19105,1.20,2.70
2008.11.20 08:11:49.674,1.19065,1.1909,1.20,1.00
2008.11.20 08:11:49.953,1.1906,1.1909,4.30,1.00
2008.11.20 08:11:50.293,1.1906,1.19095,2.40,2.20
2008.11.20 08:11:50.813,1.19065,1.1909,1.90,1.00
2008.11.20 08:11:51.263,1.19065,1.1909,3.10,1.00
2008.11.20 08:11:51.613,1.1906,1.191,3.60,1.00
2008.11.20 08:11:51.853,1.1906,1.19095,1.20,1.00
2008.11.20 08:11:52.443,1.19055,1.1909,9.70,1.00
2008.11.20 08:11:52.843,1.1906,1.19095,1.90,2.50
2008.11.20 08:11:53.253,1.19055,1.1909,1.90,1.00
2008.11.20 08:11:53.643,1.1907,1.19095,1.20,1.50
2008.11.20 08:11:54.173,1.19055,1.1909,4.30,1.00
2008.11.20 08:11:54.523,1.1906,1.191,1.20,2.70
2008.11.20 08:11:54.992,1.19065,1.19095,1.90,1.00
2008.11.20 08:11:55.622,1.19065,1.1909,1.90,1.00
2008.11.20 08:11:55.962,1.1906,1.19085,1.20,1.00
2008.11.20 08:11:56.362,1.19055,1.19085,1.90,1.00
2008.11.20 08:11:56.662,1.19055,1.19085,1.90,1.00
2008.11.20 08:11:56.932,1.19055,1.1908,1.90,1.00
2008.11.20 08:11:57.162,1.19055,1.19085,1.90,1.00
2008.11.20 08:11:57.512,1.1907,1.19095,1.90,2.80
2008.11.20 08:11:57.852,1.1907,1.191,1.90,1.00
2008.11.20 08:11:58.942,1.1907,1.19095,1.90,1.00
2008.11.20 08:11:59.571,1.1907,1.19095,1.90,1.00
2008.11.20 08:12:00.331,1.19065,1.1909,3.10,1.00
2008.11.20 08:12:00.731,1.19065,1.1909,1.90,1.30
2008.11.20 08:12:01.021,1.1907,1.1908,1.20,1.00
2008.11.20 08:12:01.381,1.19055,1.1908,1.90,1.00
2008.11.20 08:12:01.791,1.19045,1.19075,1.90,1.00
2008.11.20 08:12:02.191,1.1904,1.19065,3.60,1.00
2008.11.20 08:12:02.550,1.19045,1.19075,1.90,1.00
2008.11.20 08:12:03.090,1.19035,1.19065,1.90,1.00
2008.11.20 08:12:03.671,1.19025,1.19055,4.30,1.00
2008.11.20 08:12:03.900,1.19035,1.1908,1.20,3.60
2008.11.20 08:12:04.250,1.19035,1.19065,1.20,1.00
2008.11.20 08:12:04.640,1.19035,1.1908,1.20,3.00
2008.11.20 08:12:05.620,1.1904,1.19075,1.20,1.00
2008.11.20 08:12:05.920,1.19035,1.19065,3.70,1.00
2008.11.20 08:12:06.250,1.19045,1.19075,1.90,1.00
2008.11.20 08:12:06.711,1.1904,1.19075,1.20,1.00
2008.11.20 08:12:07.279,1.19045,1.1907,1.90,1.00
2008.11.20 08:12:07.989,1.1904,1.19075,1.20,1.00
2008.11.20 08:12:08.349,1.19045,1.19075,1.90,1.00
2008.11.20 08:12:08.699,1.19045,1.19075,3.10,1.00
2008.11.20 08:12:08.989,1.19045,1.19075,3.10,1.00
2008.11.20 08:12:09.859,1.19045,1.19075,1.90,1.00
2008.11.20 08:12:10.599,1.19045,1.19075,1.90,1.00
2008.11.20 08:12:10.898,1.19035,1.1907,4.30,1.00
2008.11.20 08:12:11.288,1.19035,1.19065,3.10,1.00
2008.11.20 08:12:11.798,1.19045,1.1906,1.20,1.00
2008.11.20 08:12:11.849,1.1902,1.19055,1.90,1.00
2008.11.20 08:12:12.238,1.1902,1.1905,1.90,1.00
2008.11.20 08:12:12.348,1.1902,1.19045,1.90,1.00
2008.11.20 08:12:12.748,1.19015,1.19045,2.40,1.00
2008.11.20 08:12:13.208,1.1901,1.19045,7.20,1.00
2008.11.20 08:12:13.508,1.1901,1.19045,3.10,1.00
2008.11.20 08:12:14.088,1.1902,1.1905,1.90,1.00
2008.11.20 08:12:14.668,1.1901,1.1904,6.00,1.00
2008.11.20 08:12:15.138,1.19005,1.19035,1.90,1.00
2008.11.20 08:12:15.308,1.1899,1.19025,2.40,1.00
2008.11.20 08:12:15.598,1.19,1.19025,1.20,1.00
2008.11.20 08:12:15.997,1.1899,1.19025,1.20,1.00
2008.11.20 08:12:16.327,1.1899,1.1903,1.20,1.00
2008.11.20 08:12:16.737,1.18995,1.19035,1.20,2.50
2008.11.20 08:12:16.917,1.1899,1.1903,3.60,1.00
2008.11.20 08:12:17.137,1.19,1.1903,1.90,1.00
2008.11.20 08:12:17.307,1.19,1.19035,3.10,1.00
2008.11.20 08:12:17.537,1.19,1.1903,3.10,1.00
2008.11.20 08:12:17.647,1.19005,1.1904,1.20,3.00
2008.11.20 08:12:17.997,1.1901,1.19035,1.90,1.00
2008.11.20 08:12:18.977,1.1901,1.1904,1.90,1.00
2008.11.20 08:12:19.776,1.19015,1.19045,2.40,1.00
2008.11.20 08:12:20.006,1.1902,1.19045,1.90,1.00
2008.11.20 08:12:20.476,1.19025,1.1905,1.90,1.00
2008.11.20 08:12:21.056,1.19025,1.19055,1.90,1.00
2008.11.20 08:12:21.906,1.1903,1.19055,1.90,1.00
2008.11.20 08:12:22.086,1.1903,1.19055,1.90,1.00
2008.11.20 08:12:22.386,1.19025,1.19055,1.90,1.00
2008.11.20 08:12:22.736,1.1904,1.19055,1.20,1.00
2008.11.20 08:12:23.496,1.19025,1.19055,1.90,1.00
2008.11.20 08:12:23.616,1.19025,1.19055,1.90,1.00
2008.11.20 08:12:25.085,1.1903,1.19055,1.90,1.00
2008.11.20 08:12:26.005,1.1903,1.1905,1.90,1.00
2008.11.20 08:12:26.225,1.1903,1.19055,1.90,1.00
2008.11.20 08:12:26.685,1.1903,1.19055,1.90,1.00
2008.11.20 08:12:27.155,1.19035,1.19055,1.20,1.00
2008.11.20 08:12:27.795,1.19045,1.1907,1.90,1.20
2008.11.20 08:12:28.564,1.1904,1.1907,3.00,1.20
2008.11.20 08:12:28.684,1.19045,1.1907,3.10,1.20
2008.11.20 08:12:29.374,1.19045,1.1907,1.90,1.20
2008.11.20 08:12:29.794,1.1904,1.1907,1.20,1.20
2008.11.20 08:12:30.074,1.19045,1.1907,3.10,1.20
2008.11.20 08:12:30.474,1.1904,1.1907,1.20,1.20
2008.11.20 08:12:31.554,1.19045,1.1907,1.20,1.20
2008.11.20 08:12:32.854,1.19045,1.19065,1.20,1.00
2008.11.20 08:12:33.323,1.19045,1.1907,3.70,1.50
2008.11.20 08:12:33.593,1.1905,1.1908,3.10,2.70
2008.11.20 08:12:33.883,1.1905,1.1908,3.70,2.70
2008.11.20 08:12:34.003,1.19055,1.19085,1.20,2.20
2008.11.20 08:12:34.353,1.1905,1.1908,5.50,2.20
2008.11.20 08:12:34.573,1.1905,1.19085,4.30,2.20
2008.11.20 08:12:34.913,1.1905,1.1908,3.10,2.70
2008.11.20 08:12:36.772,1.1905,1.1908,3.10,1.00
2008.11.20 08:12:37.342,1.1905,1.19085,3.10,2.70
2008.11.20 08:12:38.962,1.19055,1.1908,1.20,1.00
2008.11.20 08:12:39.022,1.1905,1.1908,3.10,1.00
2008.11.20 08:12:39.322,1.1906,1.19085,1.90,2.20
2008.11.20 08:12:39.732,1.1906,1.1909,3.10,2.20
2008.11.20 08:12:40.261,1.1906,1.191,1.20,3.00
2008.11.20 08:12:41.182,1.1905,1.1908,16.20,1.00
2008.11.20 08:12:41.641,1.19045,1.19095,3.00,2.10
2008.11.20 08:12:41.931,1.19045,1.19095,1.20,1.00
2008.11.20 08:12:42.261,1.19055,1.19085,1.90,1.00
2008.11.20 08:12:42.601,1.19045,1.1908,1.20,1.00
2008.11.20 08:12:43.001,1.1905,1.1909,1.20,4.30
2008.11.20 08:12:43.581,1.19055,1.1909,1.20,1.80
2008.11.20 08:12:43.751,1.19055,1.1909,1.20,1.20
2008.11.20 08:12:44.471,1.1906,1.19085,3.10,1.00
2008.11.20 08:12:44.691,1.1906,1.19085,1.90,1.00
2008.11.20 08:12:45.990,1.1905,1.19085,1.80,1.00
2008.11.20 08:12:46.330,1.19045,1.19085,14.50,1.50
2008.11.20 08:12:46.740,1.19045,1.19085,1.20,1.30
2008.11.20 08:12:46.860,1.1904,1.1908,18.60,1.00
2008.11.20 08:12:47.090,1.1904,1.1908,10.20,1.00
2008.11.20 08:12:47.270,1.1904,1.1908,7.20,1.00
2008.11.20 08:12:47.570,1.1904,1.19075,7.20,1.00
2008.11.20 08:12:49.259,1.1904,1.19075,8.40,1.00
2008.11.20 08:12:49.499,1.19045,1.19075,1.20,1.00
2008.11.20 08:12:49.939,1.19045,1.19085,1.20,1.50
2008.11.20 08:12:50.399,1.1906,1.1909,1.90,1.90
2008.11.20 08:12:50.749,1.1905,1.1909,3.60,4.20
2008.11.20 08:12:51.249,1.1905,1.1909,1.20,4.90
2008.11.20 08:12:51.769,1.1905,1.1909,3.60,4.20
2008.11.20 08:12:51.999,1.1905,1.1909,3.60,1.90
2008.11.20 08:12:52.408,1.1905,1.1909,1.20,1.90
2008.11.20 08:12:52.638,1.1905,1.1909,3.10,1.90
2008.11.20 08:12:52.868,1.1905,1.19085,1.90,1.50
2008.11.20 08:12:53.158,1.1905,1.1908,1.90,1.00
2008.11.20 08:12:53.888,1.19045,1.1908,5.10,1.00
2008.11.20 08:12:53.998,1.19045,1.19085,5.10,1.20
2008.11.20 08:12:54.818,1.19045,1.19085,3.10,1.20
2008.11.20 08:12:55.778,1.19045,1.19085,3.10,3.00
2008.11.20 08:12:56.008,1.19045,1.19075,3.10,1.00
2008.11.20 08:12:57.157,1.19055,1.19075,1.90,1.00
2008.11.20 08:12:57.397,1.19045,1.19075,3.10,1.00
2008.11.20 08:12:57.687,1.1905,1.19075,1.90,1.00
2008.11.20 08:12:58.087,1.19045,1.19075,3.10,1.00
2008.11.20 08:13:00.027,1.1905,1.19075,1.20,1.00
2008.11.20 08:13:00.257,1.1905,1.19075,3.10,1.00
2008.11.20 08:13:00.806,1.19045,1.19075,3.10,1.00
2008.11.20 08:13:01.076,1.1905,1.19075,1.20,1.00
2008.11.20 08:13:01.357,1.19045,1.19075,1.90,1.00
2008.11.20 08:13:07.125,1.19045,1.19065,1.90,1.00
2008.11.20 08:13:08.225,1.19045,1.19065,3.10,1.00
2008.11.20 08:13:08.565,1.19045,1.1908,1.20,1.00
2008.11.20 08:13:08.965,1.19055,1.1908,1.90,1.00
2008.11.20 08:13:09.314,1.19055,1.1908,1.90,1.00
2008.11.20 08:13:09.824,1.19055,1.19075,1.90,1.00
2008.11.20 08:13:10.154,1.19045,1.19075,3.10,1.00
2008.11.20 08:13:10.444,1.19045,1.19075,1.90,1.00
2008.11.20 08:13:10.734,1.19045,1.19075,3.90,1.00
2008.11.20 08:13:11.024,1.19045,1.19075,1.90,1.00
2008.11.20 08:13:11.474,1.19045,1.19075,3.10,1.00
2008.11.20 08:13:12.174,1.19045,1.19075,3.10,1.00
2008.11.20 08:13:12.344,1.1904,1.19075,1.20,1.00
2008.11.20 08:13:12.754,1.19035,1.19075,9.70,1.00
2008.11.20 08:13:13.113,1.1904,1.19075,3.10,1.00
2008.11.20 08:13:13.414,1.1904,1.19075,9.10,1.00
2008.11.20 08:13:14.453,1.1904,1.19075,7.90,1.50
2008.11.20 08:13:15.463,1.1904,1.19075,11.10,1.00
2008.11.20 08:13:15.703,1.1904,1.19075,3.90,1.50
2008.11.20 08:13:16.113,1.1904,1.19075,1.90,1.50
2008.11.20 08:13:16.822,1.1904,1.1908,9.10,1.20
2008.11.20 08:13:17.093,1.1904,1.19065,7.90,1.00
2008.11.20 08:13:17.333,1.19035,1.1908,12.90,1.00
2008.11.20 08:13:17.672,1.19035,1.1908,8.40,1.00
2008.11.20 08:13:17.962,1.19035,1.19075,7.20,1.00
2008.11.20 08:13:18.962,1.19045,1.1908,1.20,1.50
2008.11.20 08:13:19.243,1.19045,1.1907,3.10,1.00
2008.11.20 08:13:19.752,1.19045,1.1908,3.10,1.00
2008.11.20 08:13:20.952,1.19045,1.1908,1.20,2.20
2008.11.20 08:13:21.252,1.19035,1.19065,4.30,1.00
2008.11.20 08:13:21.652,1.1904,1.19065,1.90,1.00
2008.11.20 08:13:22.042,1.1904,1.19065,6.00,1.00
2008.11.20 08:13:22.331,1.19035,1.19065,1.20,1.00
2008.11.20 08:13:22.851,1.1903,1.19065,8.40,1.00
2008.11.20 08:13:23.391,1.1904,1.19065,6.00,1.00
2008.11.20 08:13:23.621,1.1903,1.19065,16.30,1.00
2008.11.20 08:13:23.911,1.1903,1.19065,9.10,1.00
2008.11.20 08:13:24.081,1.1903,1.19065,13.20,1.30
2008.11.20 08:13:24.371,1.1903,1.19065,13.20,1.50
2008.11.20 08:13:24.811,1.1903,1.1906,14.40,1.00
2008.11.20 08:13:24.991,1.1903,1.1906,13.20,1.00
2008.11.20 08:13:25.370,1.1903,1.19055,7.20,1.00
2008.11.20 08:13:26.990,1.1903,1.19065,15.60,1.20
2008.11.20 08:13:27.160,1.1903,1.1906,15.60,1.00
2008.11.20 08:13:27.390,1.1903,1.19055,13.20,1.00
2008.11.20 08:13:27.560,1.1903,1.19065,10.30,1.00
2008.11.20 08:13:27.780,1.1903,1.19065,8.40,1.00
2008.11.20 08:13:28.070,1.1903,1.19065,10.30,1.00
2008.11.20 08:13:28.250,1.1903,1.19065,10.30,1.00
2008.11.20 08:13:28.650,1.1903,1.19055,8.40,1.00
2008.11.20 08:13:30.029,1.19035,1.19055,1.20,1.00
2008.11.20 08:13:30.269,1.1903,1.19055,8.40,1.00
2008.11.20 08:13:31.549,1.1902,1.19055,10.30,1.00
2008.11.20 08:13:31.829,1.19025,1.19055,1.90,1.00
2008.11.20 08:13:32.169,1.19035,1.19055,1.90,1.00
2008.11.20 08:13:32.619,1.1904,1.1906,1.90,1.00
2008.11.20 08:13:33.319,1.1904,1.1906,7.90,1.00
2008.11.20 08:13:34.188,1.19045,1.1906,1.90,1.00
2008.11.20 08:13:34.888,1.19045,1.19065,3.10,1.00
2008.11.20 08:13:35.299,1.19045,1.19065,1.20,1.00
2008.11.20 08:13:35.778,1.19035,1.19065,1.90,1.00
2008.11.20 08:13:36.238,1.1902,1.1905,6.00,1.00
2008.11.20 08:13:36.618,1.19015,1.1905,3.10,1.00
2008.11.20 08:13:36.968,1.19015,1.19045,1.90,1.00
2008.11.20 08:13:37.238,1.19015,1.19045,1.90,1.00
2008.11.20 08:13:37.598,1.19015,1.19045,1.90,1.50
2008.11.20 08:13:37.827,1.19005,1.19045,3.10,1.20
2008.11.20 08:13:38.098,1.1902,1.1904,1.20,1.00
2008.11.20 08:13:38.437,1.19025,1.19045,1.90,1.00
2008.11.20 08:13:38.917,1.19025,1.1905,1.90,2.70
2008.11.20 08:13:39.437,1.19025,1.1905,1.90,1.00
2008.11.20 08:13:39.737,1.19025,1.19055,1.90,1.00
2008.11.20 08:13:40.327,1.1904,1.19055,1.90,1.00
2008.11.20 08:13:40.867,1.19035,1.19055,1.90,1.00
2008.11.20 08:13:41.217,1.1901,1.1905,3.10,1.00
2008.11.20 08:13:41.456,1.1901,1.1905,1.90,1.00
2008.11.20 08:13:41.847,1.1901,1.19045,1.90,1.00
2008.11.20 08:13:43.466,1.19015,1.19055,3.10,1.50
2008.11.20 08:13:43.636,1.19025,1.19055,1.90,1.50
2008.11.20 08:13:43.756,1.19025,1.1905,1.90,1.00
2008.11.20 08:13:44.276,1.19025,1.19055,1.90,1.50
2008.11.20 08:13:44.956,1.1902,1.1905,1.90,1.00
2008.11.20 08:13:45.246,1.1902,1.19055,1.90,3.00
2008.11.20 08:13:45.536,1.19015,1.19045,5.10,1.00
2008.11.20 08:13:45.816,1.19015,1.1904,3.90,1.00
2008.11.20 08:13:46.046,1.1901,1.1904,4.30,1.00
2008.11.20 08:13:46.585,1.19015,1.1904,1.90,1.00
2008.11.20 08:13:47.075,1.19015,1.19045,1.90,1.00
2008.11.20 08:13:47.415,1.19015,1.1904,1.90,1.00
2008.11.20 08:13:47.695,1.19015,1.19045,1.90,1.00
2008.11.20 08:13:48.686,1.19015,1.1904,1.90,1.00
2008.11.20 08:13:49.035,1.19015,1.19045,1.90,1.00
2008.11.20 08:13:51.144,1.19015,1.1904,1.90,1.00
2008.11.20 08:13:51.554,1.1901,1.1904,3.10,1.00
2008.11.20 08:13:51.784,1.1901,1.19045,3.10,1.00
2008.11.20 08:13:52.124,1.1901,1.19045,1.20,1.00
2008.11.20 08:13:52.294,1.19005,1.1904,3.90,1.00
2008.11.20 08:13:52.594,1.19005,1.19045,3.10,3.60
2008.11.20 08:13:52.894,1.19005,1.19045,3.10,1.30
2008.11.20 08:13:53.424,1.19005,1.19035,5.10,1.00
2008.11.20 08:13:53.954,1.19005,1.19025,1.90,1.00
2008.11.20 08:13:54.303,1.19005,1.1904,5.10,2.40
2008.11.20 08:13:54.533,1.19005,1.19035,3.90,1.00
2008.11.20 08:13:55.813,1.19005,1.19035,5.10,1.00
2008.11.20 08:13:56.153,1.19005,1.19035,3.10,1.00
2008.11.20 08:13:56.433,1.19005,1.19035,1.90,1.00
2008.11.20 08:13:56.783,1.19005,1.19035,3.10,1.00
2008.11.20 08:13:57.173,1.19005,1.19025,1.90,1.00
2008.11.20 08:13:57.463,1.19005,1.19025,1.90,1.00
2008.11.20 08:13:58.883,1.19005,1.19025,1.90,1.00
2008.11.20 08:14:01.702,1.18995,1.19025,5.10,1.00
2008.11.20 08:14:01.992,1.18995,1.19025,3.90,1.00
2008.11.20 08:14:02.731,1.18995,1.19025,3.90,1.00
2008.11.20 08:14:03.151,1.18995,1.1902,3.90,1.00
2008.11.20 08:14:03.841,1.18995,1.1902,1.90,1.00
2008.11.20 08:14:04.231,1.18995,1.1902,3.90,1.00
2008.11.20 08:14:04.401,1.18995,1.1902,1.90,1.00
2008.11.20 08:14:04.931,1.18995,1.19015,1.90,1.00
2008.11.20 08:14:06.151,1.18995,1.1901,1.90,1.00
2008.11.20 08:14:06.441,1.1898,1.19005,1.90,1.00
2008.11.20 08:14:06.841,1.18985,1.19005,1.90,1.00
2008.11.20 08:14:07.071,1.1897,1.19005,6.00,1.00
2008.11.20 08:14:07.471,1.1898,1.19,1.20,1.00
2008.11.20 08:14:07.750,1.18985,1.19005,1.90,1.50
2008.11.20 08:14:08.270,1.18985,1.19005,1.90,1.80
2008.11.20 08:14:08.600,1.1895,1.1899,4.30,1.00
2008.11.20 08:14:08.950,1.18955,1.18995,1.90,1.00
2008.11.20 08:14:09.580,1.1895,1.18995,5.50,1.00
2008.11.20 08:14:10.060,1.18965,1.18995,1.90,1.00
2008.11.20 08:14:10.631,1.1896,1.18985,5.50,1.00
2008.11.20 08:14:11.090,1.1896,1.18985,2.40,1.00
2008.11.20 08:14:11.380,1.1896,1.18985,2.40,1.00
2008.11.20 08:14:11.819,1.1896,1.18985,2.40,1.00
2008.11.20 08:14:12.159,1.1896,1.18985,2.40,1.50
2008.11.20 08:14:12.509,1.1896,1.18985,2.40,1.00
2008.11.20 08:14:12.869,1.1896,1.18985,2.40,1.00
2008.11.20 08:14:13.389,1.18965,1.18985,1.90,1.00
2008.11.20 08:14:14.669,1.18965,1.18985,1.90,1.00
2008.11.20 08:14:14.959,1.18965,1.18985,1.90,1.00
2008.11.20 08:14:15.289,1.1896,1.1898,2.40,1.00
2008.11.20 08:14:15.978,1.18945,1.18975,3.90,1.00
2008.11.20 08:14:16.508,1.18945,1.18975,3.90,1.00
2008.11.20 08:14:16.918,1.18945,1.18975,3.90,1.00
2008.11.20 08:14:17.488,1.18945,1.18975,3.90,1.00
2008.11.20 08:14:17.958,1.18945,1.18975,3.90,1.00
2008.11.20 08:14:18.238,1.18945,1.18975,3.90,1.00
2008.11.20 08:14:18.538,1.18945,1.18975,3.90,1.00
2008.11.20 08:14:18.928,1.18945,1.18975,3.90,1.00
2008.11.20 08:14:19.677,1.18945,1.18975,5.10,1.00
2008.11.20 08:14:20.067,1.18945,1.18975,3.90,1.00
2008.11.20 08:14:20.368,1.18945,1.18975,1.90,1.00
2008.11.20 08:14:20.727,1.1895,1.18985,7.90,2.20
2008.11.20 08:14:21.067,1.18955,1.18985,1.90,2.70
2008.11.20 08:14:21.347,1.18955,1.18985,1.20,1.00
2008.11.20 08:14:21.817,1.18965,1.19,3.10,9.10
2008.11.20 08:14:22.217,1.18965,1.19,3.10,7.80
2008.11.20 08:14:22.558,1.18965,1.18995,1.90,1.00
2008.11.20 08:14:22.847,1.18965,1.18995,1.90,1.00
2008.11.20 08:14:23.496,1.18965,1.19,3.10,6.30
2008.11.20 08:14:24.007,1.18965,1.18985,3.10,1.00
2008.11.20 08:14:24.346,1.1896,1.1898,1.90,1.00
2008.11.20 08:14:24.576,1.18965,1.18985,1.90,1.00
2008.11.20 08:14:24.916,1.18965,1.1899,1.90,1.00
2008.11.20 08:14:26.076,1.1896,1.1898,1.90,1.00
2008.11.20 08:14:26.476,1.18965,1.1899,1.90,1.00
2008.11.20 08:14:26.756,1.18965,1.1899,1.90,1.00
2008.11.20 08:14:27.265,1.18965,1.18985,1.20,1.00
2008.11.20 08:14:27.566,1.1895,1.18985,1.20,1.20
2008.11.20 08:14:27.856,1.1895,1.18985,1.20,1.50
2008.11.20 08:14:28.355,1.18945,1.18985,4.90,1.00
2008.11.20 08:14:28.815,1.18945,1.18985,3.10,3.00
2008.11.20 08:14:29.175,1.18945,1.1898,1.90,1.50
2008.11.20 08:14:29.575,1.18945,1.18975,1.90,1.00
2008.11.20 08:14:30.035,1.18945,1.18975,1.90,1.50
2008.11.20 08:14:30.335,1.18945,1.18975,1.90,1.20
2008.11.20 08:14:30.655,1.18945,1.18975,1.90,1.00
2008.11.20 08:14:30.935,1.18945,1.1897,1.90,1.00
2008.11.20 08:14:32.414,1.18945,1.1897,1.90,1.00
2008.11.20 08:14:32.744,1.18945,1.1897,1.90,1.50
2008.11.20 08:14:34.474,1.18945,1.18965,1.90,1.00
2008.11.20 08:14:36.233,1.18945,1.1897,1.90,1.00
2008.11.20 08:14:36.413,1.18945,1.1897,1.90,1.00
2008.11.20 08:14:36.933,1.18945,1.18965,1.90,1.00
2008.11.20 08:14:37.163,1.18945,1.1897,1.90,1.00
2008.11.20 08:14:38.783,1.18945,1.18975,1.90,1.30
2008.11.20 08:14:38.953,1.18945,1.1897,1.90,1.00
2008.11.20 08:14:39.173,1.18945,1.18965,1.90,1.00
2008.11.20 08:14:39.473,1.18945,1.1897,1.90,1.00
2008.11.20 08:14:39.753,1.18945,1.18965,1.90,1.00
2008.11.20 08:14:41.852,1.18945,1.18975,1.90,1.50
2008.11.20 08:14:42.412,1.18945,1.1897,1.90,1.00
2008.11.20 08:14:42.892,1.18945,1.1897,1.90,1.00
2008.11.20 08:14:43.312,1.18945,1.18965,1.90,1.00
2008.11.20 08:14:44.121,1.18945,1.18965,1.90,1.00
2008.11.20 08:14:44.961,1.18945,1.1896,1.90,1.00
2008.11.20 08:14:45.491,1.18945,1.1896,1.90,1.00
2008.11.20 08:14:45.771,1.18945,1.1896,1.90,1.00
2008.11.20 08:14:46.131,1.1892,1.18955,3.10,1.00
2008.11.20 08:14:46.531,1.1892,1.18955,1.90,1.00
2008.11.20 08:14:46.871,1.18925,1.1896,1.90,1.00
2008.11.20 08:14:48.110,1.18945,1.1896,1.90,1.00
2008.11.20 08:14:48.511,1.18945,1.18965,1.90,1.00
2008.11.20 08:14:48.790,1.18945,1.1897,1.90,1.00
2008.11.20 08:14:52.110,1.18945,1.1897,1.90,1.00
2008.11.20 08:14:52.579,1.18945,1.1897,1.90,1.00
2008.11.20 08:14:52.920,1.18945,1.18975,1.90,1.20
2008.11.20 08:14:53.250,1.18945,1.1897,1.90,1.00
2008.11.20 08:14:53.719,1.18945,1.1897,1.90,1.00
2008.11.20 08:14:56.169,1.18945,1.18965,1.90,1.00
2008.11.20 08:14:56.619,1.18945,1.18965,1.90,1.00
2008.11.20 08:14:57.009,1.18945,1.18965,1.90,1.00
2008.11.20 08:14:57.888,1.18945,1.1897,1.90,1.30
2008.11.20 08:14:58.068,1.18945,1.18965,1.90,1.00
2008.11.20 08:14:58.368,1.1894,1.18965,1.90,1.50
2008.11.20 08:14:58.808,1.18935,1.1896,6.00,1.00
2008.11.20 08:14:59.228,1.1894,1.1896,1.90,1.00
2008.11.20 08:14:59.968,1.1894,1.18965,1.90,1.00
2008.11.20 08:15:00.378,1.18945,1.1897,1.90,1.50
2008.11.20 08:15:01.008,1.18945,1.18965,1.90,1.00
2008.11.20 08:15:03.457,1.18945,1.18975,1.90,1.50
2008.11.20 08:15:03.797,1.18945,1.1897,1.90,1.00
2008.11.20 08:15:04.617,1.18945,1.1897,1.90,1.00
2008.11.20 08:15:04.847,1.18945,1.1897,1.90,1.00
2008.11.20 08:15:05.316,1.18945,1.18975,1.90,1.00
2008.11.20 08:15:06.287,1.18945,1.1897,1.90,1.00
2008.11.20 08:15:06.646,1.18945,1.1897,1.90,1.00
2008.11.20 08:15:07.116,1.18945,1.1897,1.90,1.00
2008.11.20 08:15:07.886,1.18945,1.18965,1.90,1.00
2008.11.20 08:15:08.066,1.18945,1.18965,1.90,1.50
2008.11.20 08:15:09.475,1.18945,1.18965,1.90,1.00
2008.11.20 08:15:09.775,1.18945,1.18965,1.90,1.50
2008.11.20 08:15:10.805,1.18955,1.18965,1.90,1.00
2008.11.20 08:15:11.085,1.18945,1.1897,1.90,1.00
2008.11.20 08:15:11.495,1.18945,1.18975,1.90,1.80
2008.11.20 08:15:11.735,1.18945,1.1897,1.90,1.00
2008.11.20 08:15:12.075,1.18945,1.18975,1.90,1.50
2008.11.20 08:15:12.185,1.18945,1.18965,1.90,1.00
2008.11.20 08:15:14.194,1.18945,1.1897,1.90,1.00
2008.11.20 08:15:14.424,1.18945,1.1897,1.90,1.00
2008.11.20 08:15:15.464,1.18945,1.1897,1.90,1.00
2008.11.20 08:15:15.874,1.18945,1.18975,1.90,1.50
2008.11.20 08:15:17.843,1.18945,1.1897,1.90,1.00
2008.11.20 08:15:18.183,1.18945,1.18975,1.90,1.00
2008.11.20 08:15:18.484,1.18945,1.18975,1.90,1.00
2008.11.20 08:15:18.833,1.18945,1.18975,1.90,1.00
2008.11.20 08:15:19.133,1.18955,1.1898,1.90,1.00
2008.11.20 08:15:21.632,1.18955,1.1898,1.90,1.50
2008.11.20 08:15:21.812,1.18955,1.18975,1.90,1.00
2008.11.20 08:15:22.382,1.18955,1.1898,1.90,1.00
2008.11.20 08:15:22.832,1.18955,1.18985,1.90,1.00
2008.11.20 08:15:23.592,1.18955,1.1899,1.90,1.50
2008.11.20 08:15:23.882,1.18965,1.1899,1.90,1.00
2008.11.20 08:15:24.352,1.1896,1.18985,1.90,1.00
2008.11.20 08:15:24.642,1.1897,1.1899,1.90,1.00
2008.11.20 08:15:24.972,1.18975,1.18995,1.90,1.00
2008.11.20 08:15:25.372,1.1897,1.19,1.20,3.00
2008.11.20 08:15:25.721,1.1897,1.19,3.10,1.00
2008.11.20 08:15:26.011,1.1897,1.18995,3.10,1.00
2008.11.20 08:15:26.251,1.1897,1.19,3.10,1.00
2008.11.20 08:15:26.871,1.1897,1.19,1.90,1.00
2008.11.20 08:15:27.521,1.18965,1.19,3.10,1.00
2008.11.20 08:15:27.761,1.18965,1.19,1.90,1.20
2008.11.20 08:15:28.041,1.18955,1.1899,2.50,1.00
2008.11.20 08:15:28.371,1.18955,1.1899,1.20,1.00
2008.11.20 08:15:28.781,1.18955,1.1899,3.10,2.20
2008.11.20 08:15:29.071,1.18955,1.1898,3.10,1.00
2008.11.20 08:15:29.421,1.18965,1.18995,1.90,1.00
2008.11.20 08:15:29.811,1.18965,1.18995,1.90,1.00
2008.11.20 08:15:30.260,1.18965,1.19,1.90,1.20
2008.11.20 08:15:30.720,1.18965,1.18995,1.90,1.00
2008.11.20 08:15:31.140,1.18965,1.18985,1.90,1.00
2008.11.20 08:15:33.260,1.18965,1.18985,1.90,1.00
2008.11.20 08:15:33.619,1.18965,1.18985,1.90,1.00
2008.11.20 08:15:36.719,1.18965,1.19,1.90,1.30
2008.11.20 08:15:37.069,1.18965,1.19,1.90,1.20
2008.11.20 08:15:37.369,1.18965,1.18995,3.10,1.00
2008.11.20 08:15:37.839,1.18965,1.19,1.90,1.20
2008.11.20 08:15:38.759,1.18965,1.19,1.90,1.00
2008.11.20 08:15:39.048,1.18965,1.19,3.10,1.00
2008.11.20 08:15:39.228,1.18965,1.19005,3.10,1.20
2008.11.20 08:15:39.908,1.18965,1.1899,1.90,1.00
2008.11.20 08:15:40.368,1.18965,1.1899,1.90,1.00
2008.11.20 08:15:40.938,1.18965,1.1899,3.10,1.00
2008.11.20 08:15:41.478,1.18965,1.19,1.90,1.20
2008.11.20 08:15:42.468,1.18965,1.18995,1.90,1.00
2008.11.20 08:15:42.807,1.18975,1.18995,1.90,1.00
2008.11.20 08:15:43.097,1.18975,1.18995,1.90,1.00
2008.11.20 08:15:43.517,1.18965,1.1899,1.90,1.00
2008.11.20 08:15:43.757,1.18965,1.1899,1.90,1.00
2008.11.20 08:15:44.567,1.1896,1.18985,1.90,1.00
2008.11.20 08:15:44.847,1.1896,1.18985,1.90,1.00
2008.11.20 08:15:45.247,1.18955,1.18985,1.90,1.00
2008.11.20 08:15:45.716,1.1896,1.1898,1.90,1.00
2008.11.20 08:15:45.927,1.18965,1.1899,1.90,1.00
2008.11.20 08:15:46.267,1.18965,1.1899,1.90,1.00
2008.11.20 08:15:46.606,1.1895,1.1898,1.20,1.00
2008.11.20 08:15:48.256,1.18955,1.1898,1.20,1.00
2008.11.20 08:15:48.596,1.18955,1.18985,1.20,1.00
2008.11.20 08:15:48.886,1.18955,1.18985,3.10,1.00
2008.11.20 08:15:49.186,1.18955,1.18985,5.10,1.00
2008.11.20 08:15:49.306,1.1896,1.18985,1.20,1.00
2008.11.20 08:15:50.126,1.18955,1.18985,5.70,1.00
2008.11.20 08:15:50.416,1.18955,1.18985,5.10,1.00
2008.11.20 08:15:51.275,1.1896,1.18985,1.20,1.00
2008.11.20 08:15:51.605,1.1896,1.18995,3.10,1.00
2008.11.20 08:15:52.065,1.1896,1.18995,3.30,1.00
2008.11.20 08:15:52.745,1.18965,1.19,1.90,1.00
2008.11.20 08:15:53.045,1.1897,1.19,1.30,1.00
2008.11.20 08:15:53.915,1.1897,1.18995,1.00,1.00
2008.11.20 08:15:54.274,1.1897,1.18995,1.30,1.00
2008.11.20 08:15:54.625,1.1897,1.18995,2.10,1.00
2008.11.20 08:15:54.864,1.18975,1.19005,1.90,1.50
2008.11.20 08:15:55.264,1.1897,1.19005,2.10,1.30
2008.11.20 08:15:55.434,1.1897,1.19,2.10,1.00
2008.11.20 08:15:56.474,1.18965,1.18995,1.90,1.00
2008.11.20 08:15:57.044,1.18965,1.18985,1.90,1.00
2008.11.20 08:15:57.274,1.18965,1.18985,1.90,1.00
2008.11.20 08:15:58.603,1.18965,1.18985,1.90,1.00
2008.11.20 08:16:00.463,1.18965,1.18985,3.10,1.00
2008.11.20 08:16:00.703,1.18965,1.1901,3.10,3.60
2008.11.20 08:16:00.993,1.18965,1.19005,1.90,1.00
2008.11.20 08:16:01.563,1.18965,1.19005,3.90,2.50
2008.11.20 08:16:02.242,1.18965,1.19005,5.10,3.00
2008.11.20 08:16:02.412,1.1897,1.19,1.90,1.00
2008.11.20 08:16:05.062,1.1897,1.19005,1.90,1.50
2008.11.20 08:16:05.642,1.1897,1.18995,1.20,1.00
2008.11.20 08:16:05.982,1.1897,1.18995,1.00,1.00
2008.11.20 08:16:06.252,1.18965,1.18995,3.90,1.00
2008.11.20 08:16:06.481,1.18965,1.18995,3.90,1.00
2008.11.20 08:16:06.701,1.18965,1.19,3.90,1.00
2008.11.20 08:16:07.121,1.18965,1.19,5.10,1.00
2008.11.20 08:16:09.981,1.18965,1.19005,3.10,1.20
2008.11.20 08:16:10.950,1.18975,1.19005,1.90,1.20
2008.11.20 08:16:11.180,1.18975,1.19005,3.10,1.00
2008.11.20 08:16:12.220,1.18975,1.19005,1.20,1.00
2008.11.20 08:16:12.400,1.1897,1.19,1.20,1.00
2008.11.20 08:16:14.649,1.1897,1.19,3.10,1.00
2008.11.20 08:16:15.719,1.1897,1.19,5.50,1.00
2008.11.20 08:16:16.169,1.1897,1.19,3.60,1.00
2008.11.20 08:16:18.229,1.1897,1.1899,2.40,1.00
2008.11.20 08:16:18.629,1.18965,1.1899,5.50,1.00
2008.11.20 08:16:19.438,1.18965,1.1899,3.60,1.00
2008.11.20 08:16:19.559,1.18965,1.1899,3.10,1.00
2008.11.20 08:16:19.678,1.18965,1.1899,5.50,1.00
2008.11.20 08:16:20.198,1.18965,1.1899,3.60,1.00
2008.11.20 08:16:20.428,1.18965,1.1899,2.40,1.00
2008.11.20 08:16:20.728,1.18955,1.18975,4.30,1.00
2008.11.20 08:16:20.908,1.1895,1.1897,2.40,1.00
2008.11.20 08:16:21.608,1.1895,1.18965,1.20,1.00
2008.11.20 08:16:22.238,1.1895,1.1897,1.20,1.00
2008.11.20 08:16:22.678,1.18945,1.18965,3.10,1.00
2008.11.20 08:16:23.008,1.18945,1.18965,1.90,1.00
2008.11.20 08:16:23.308,1.18945,1.18965,1.90,1.00
2008.11.20 08:16:23.707,1.18945,1.18965,1.90,1.00
2008.11.20 08:16:24.507,1.1894,1.1896,1.90,1.00
2008.11.20 08:16:24.847,1.18935,1.1896,1.20,1.00
2008.11.20 08:16:24.967,1.18935,1.1896,6.00,1.00
2008.11.20 08:16:25.187,1.18935,1.18945,6.00,1.00
2008.11.20 08:16:25.467,1.1894,1.18955,1.20,2.80
2008.11.20 08:16:25.867,1.18955,1.1898,1.20,2.40
2008.11.20 08:16:26.257,1.18955,1.18985,1.20,2.20
2008.11.20 08:16:26.617,1.18955,1.18985,1.20,2.70
2008.11.20 08:16:26.887,1.1896,1.18975,1.20,1.00
2008.11.20 08:16:27.297,1.18955,1.18975,1.20,1.00
2008.11.20 08:16:27.746,1.18955,1.1898,1.20,1.00
2008.11.20 08:16:28.206,1.18955,1.1898,1.20,1.00
2008.11.20 08:16:28.436,1.18955,1.1898,1.20,1.00
2008.11.20 08:16:28.906,1.18955,1.1897,1.20,1.00
2008.11.20 08:16:29.926,1.1895,1.1897,1.20,1.00
2008.11.20 08:16:30.846,1.18945,1.1897,2.50,1.00
2008.11.20 08:16:31.126,1.18945,1.18965,1.90,1.00
2008.11.20 08:16:32.745,1.18945,1.18965,3.10,1.00
2008.11.20 08:16:33.025,1.18945,1.18965,1.90,1.00
2008.11.20 08:16:33.885,1.18955,1.18975,1.20,1.00
2008.11.20 08:16:37.854,1.1895,1.1898,1.20,1.00
2008.11.20 08:16:38.144,1.18945,1.1897,3.70,1.00
2008.11.20 08:16:38.434,1.18945,1.1897,3.10,1.00
2008.11.20 08:16:38.724,1.1895,1.18975,1.20,1.00
2008.11.20 08:16:39.304,1.1895,1.1898,1.20,1.00
2008.11.20 08:16:40.284,1.1895,1.18975,1.20,1.00
2008.11.20 08:16:40.693,1.1895,1.1898,1.20,1.00
2008.11.20 08:16:41.323,1.18945,1.1897,4.30,1.00
2008.11.20 08:16:41.613,1.1895,1.1896,7.90,1.00
