2011.03.21 03:00:00.835,1.1469,1.1471,1.44,1.13
2011.03.21 03:00:02.687,1.1469,1.14709,1.44,1.13
2011.03.21 03:00:03.027,1.14689,1.14705,1.44,1.13
2011.03.21 03:00:03.258,1.14686,1.14705,2.19,1.13
2011.03.21 03:00:04.323,1.14688,1.14707,1.44,1.50
2011.03.21 03:00:05.504,1.14686,1.14705,2.19,1.13
2011.03.21 03:00:06.924,1.14686,1.14705,2.19,1.13
2011.03.21 03:00:08.566,1.14687,1.14708,1.44,1.50
2011.03.21 03:00:09.703,1.14687,1.14705,1.44,1.88
2011.03.21 03:00:11.733,1.14687,1.14705,1.44,1.88
2011.03.21 03:00:12.173,1.14686,1.14705,1.44,1.13
2011.03.21 03:00:14.164,1.14684,1.14703,1.44,1.13
2011.03.21 03:00:14.783,1.14684,1.14702,1.44,1.50
2011.03.21 03:00:15.334,1.14684,1.14702,1.44,1.50
2011.03.21 03:00:15.444,1.14686,1.14706,1.44,1.50
2011.03.21 03:00:15.665,1.14686,1.14708,1.44,1.50
2011.03.21 03:00:16.223,1.14686,1.14708,1.44,1.50
2011.03.21 03:00:16.776,1.14689,1.14707,1.44,1.50
2011.03.21 03:00:20.643,1.1469,1.14709,1.44,2.63
2011.03.21 03:00:20.754,1.1469,1.14708,1.44,1.13
2011.03.21 03:00:21.303,1.14685,1.14705,2.19,1.13
2011.03.21 03:00:21.745,1.14686,1.14706,1.44,1.50
2011.03.21 03:00:24.073,1.14686,1.14706,1.44,1.50
2011.03.21 03:00:25.464,1.14691,1.1471,2.19,1.13
2011.03.21 03:00:26.316,1.14691,1.1471,2.19,1.13
2011.03.21 03:00:26.654,1.14688,1.14706,1.44,1.13
2011.03.21 03:00:27.846,1.1469,1.14709,1.44,1.88
2011.03.21 03:00:28.353,1.1469,1.14709,1.44,1.50
2011.03.21 03:00:29.974,1.1469,1.14707,1.44,1.13
2011.03.21 03:00:30.483,1.14687,1.14706,1.44,1.88
2011.03.21 03:00:30.598,1.14687,1.14705,1.44,1.88
2011.03.21 03:00:30.825,1.14683,1.14703,1.44,1.50
2011.03.21 03:00:31.146,1.14681,1.147,4.13,1.50
2011.03.21 03:00:31.983,1.14681,1.14701,3.75,1.50
2011.03.21 03:00:32.532,1.14679,1.14701,3.75,1.88
2011.03.21 03:00:33.073,1.14681,1.14701,2.25,1.88
2011.03.21 03:00:33.623,1.1468,1.14703,2.25,1.13
2011.03.21 03:00:34.063,1.1468,1.147,2.25,1.13
2011.03.21 03:00:34.573,1.1468,1.147,2.25,1.13
2011.03.21 03:00:35.234,1.1468,1.14698,1.50,1.13
2011.03.21 03:00:35.736,1.14678,1.14698,2.16,1.13
2011.03.21 03:00:42.303,1.14678,1.14698,2.16,1.88
2011.03.21 03:00:42.634,1.14678,1.14695,1.41,1.88
2011.03.21 03:00:43.096,1.14678,1.14693,1.41,1.50
2011.03.21 03:00:43.324,1.14678,1.14693,1.41,1.50
2011.03.21 03:00:43.766,1.14678,1.14696,1.41,1.88
2011.03.21 03:00:45.833,1.14677,1.14695,1.44,1.88
2011.03.21 03:00:46.383,1.14674,1.14695,2.94,1.88
2011.03.21 03:00:47.495,1.14674,1.14695,2.94,1.88
2011.03.21 03:00:48.083,1.14675,1.14695,1.44,1.88
2011.03.21 03:00:48.593,1.14674,1.14695,3.69,1.88
2011.03.21 03:00:49.354,1.14674,1.14695,3.69,1.50
2011.03.21 03:00:51.945,1.14674,1.14695,2.94,1.88
2011.03.21 03:00:52.532,1.14674,1.14695,2.94,1.88
2011.03.21 03:00:52.644,1.14674,1.14695,2.19,1.88
2011.03.21 03:00:53.253,1.14674,1.14695,2.19,1.88
2011.03.21 03:00:53.804,1.14672,1.14691,2.94,1.50
2011.03.21 03:00:57.614,1.14671,1.14691,1.44,1.50
2011.03.21 03:01:00.743,1.14671,1.14691,2.94,1.50
2011.03.21 03:01:01.272,1.14671,1.14692,2.94,1.50
2011.03.21 03:01:01.833,1.14671,1.14691,2.94,1.50
2011.03.21 03:01:02.165,1.14671,1.14692,2.94,1.50
2011.03.21 03:01:02.996,1.14671,1.14692,2.94,1.50
2011.03.21 03:01:03.663,1.14669,1.1469,2.94,1.13
2011.03.21 03:01:03.774,1.14669,1.1469,2.25,1.13
2011.03.21 03:01:04.215,1.14668,1.14691,1.50,4.13
2011.03.21 03:01:04.324,1.14668,1.14692,1.50,1.13
2011.03.21 03:01:04.436,1.14668,1.14693,4.44,3.00
2011.03.21 03:01:04.995,1.14671,1.14694,2.25,3.38
2011.03.21 03:01:05.325,1.14669,1.14691,1.44,1.50
2011.03.21 03:01:05.653,1.14669,1.14688,1.44,1.88
2011.03.21 03:01:06.883,1.14669,1.14688,1.44,1.88
2011.03.21 03:01:07.543,1.14668,1.14686,1.50,1.50
2011.03.21 03:01:09.283,1.14668,1.14686,1.50,1.88
2011.03.21 03:01:10.197,1.14667,1.14686,1.44,1.88
2011.03.21 03:01:10.534,1.14663,1.14682,2.25,1.50
2011.03.21 03:01:11.084,1.14665,1.14682,1.50,1.13
2011.03.21 03:01:11.304,1.14665,1.14685,3.00,3.00
2011.03.21 03:01:11.541,1.14665,1.14685,1.50,2.25
2011.03.21 03:01:11.875,1.14669,1.14688,1.44,1.88
2011.03.21 03:01:12.536,1.1467,1.14688,1.44,1.13
2011.03.21 03:01:13.953,1.1467,1.14688,1.44,1.13
2011.03.21 03:01:15.914,1.1467,1.14688,1.44,1.13
2011.03.21 03:01:16.836,1.1467,1.1469,1.44,3.00
2011.03.21 03:01:16.954,1.14669,1.14692,1.44,1.50
2011.03.21 03:01:17.393,1.14672,1.14693,1.44,1.13
2011.03.21 03:01:17.614,1.14672,1.14693,1.44,1.88
2011.03.21 03:01:18.285,1.14672,1.14693,1.44,1.13
2011.03.21 03:01:18.843,1.14675,1.14694,1.44,1.13
2011.03.21 03:01:21.155,1.14671,1.14692,1.44,1.88
2011.03.21 03:01:22.166,1.1467,1.14689,1.44,1.88
2011.03.21 03:01:22.286,1.1467,1.14689,1.44,1.50
2011.03.21 03:01:22.405,1.14669,1.14689,1.44,1.50
2011.03.21 03:01:22.843,1.14672,1.14691,1.44,1.13
2011.03.21 03:01:23.853,1.14672,1.14692,1.44,1.50
2011.03.21 03:01:23.965,1.14673,1.14694,1.44,1.13
2011.03.21 03:01:24.553,1.14675,1.14694,1.44,1.13
2011.03.21 03:01:28.265,1.14677,1.14696,1.50,1.88
2011.03.21 03:01:28.376,1.14677,1.14699,2.56,1.50
2011.03.21 03:01:28.498,1.14678,1.147,3.60,1.88
2011.03.21 03:01:28.615,1.14681,1.14702,1.50,1.13
2011.03.21 03:01:28.944,1.14685,1.14702,1.44,1.50
2011.03.21 03:01:30.263,1.14685,1.14702,1.44,1.50
2011.03.21 03:01:30.593,1.14682,1.147,1.44,1.13
2011.03.21 03:01:32.687,1.14682,1.14702,1.44,1.13
2011.03.21 03:01:33.353,1.14682,1.147,1.44,1.88
2011.03.21 03:01:34.284,1.14682,1.147,1.44,1.88
2011.03.21 03:01:34.506,1.14677,1.14701,2.25,1.50
2011.03.21 03:01:35.055,1.14679,1.147,1.44,1.50
2011.03.21 03:01:35.383,1.14683,1.14704,1.44,3.75
2011.03.21 03:01:35.496,1.14683,1.14704,1.44,3.38
2011.03.21 03:01:36.054,1.14684,1.14704,1.44,1.13
2011.03.21 03:01:36.513,1.14682,1.14704,2.19,1.88
2011.03.21 03:01:37.504,1.14684,1.14704,1.44,1.88
2011.03.21 03:01:37.724,1.14683,1.14704,1.44,1.88
2011.03.21 03:01:38.054,1.14683,1.14702,1.44,2.25
2011.03.21 03:01:38.552,1.14683,1.14702,1.44,1.50
2011.03.21 03:01:38.994,1.14681,1.147,1.44,1.50
2011.03.21 03:01:39.214,1.1468,1.14697,1.50,1.50
2011.03.21 03:01:39.763,1.14679,1.14697,1.50,1.50
2011.03.21 03:01:40.326,1.14677,1.14697,4.44,1.50
2011.03.21 03:01:40.903,1.14677,1.14697,2.19,1.88
2011.03.21 03:01:42.292,1.14676,1.14696,2.19,1.13
2011.03.21 03:01:42.793,1.14676,1.14696,2.19,1.13
2011.03.21 03:01:43.326,1.14676,1.14696,1.50,1.88
2011.03.21 03:01:44.693,1.14676,1.14696,1.50,1.88
2011.03.21 03:01:44.873,1.14676,1.14696,1.50,1.88
2011.03.21 03:01:45.202,1.14676,1.14696,1.50,1.88
2011.03.21 03:01:45.644,1.14672,1.14691,2.94,1.13
2011.03.21 03:01:45.973,1.14676,1.14691,1.44,1.13
2011.03.21 03:01:47.344,1.14676,1.14694,1.44,1.13
2011.03.21 03:01:47.454,1.14679,1.14696,1.44,3.00
2011.03.21 03:01:47.564,1.14679,1.14698,1.44,1.50
2011.03.21 03:01:48.073,1.14681,1.14699,1.44,1.13
2011.03.21 03:01:55.893,1.14681,1.14699,1.44,1.13
2011.03.21 03:01:57.513,1.14681,1.14702,1.44,2.63
2011.03.21 03:01:57.956,1.14684,1.14695,1.44,1.13
2011.03.21 03:01:58.067,1.14679,1.14695,1.44,1.13
2011.03.21 03:01:58.294,1.14678,1.14695,1.44,1.13
2011.03.21 03:01:59.284,1.14678,1.14693,1.44,1.13
2011.03.21 03:01:59.614,1.14675,1.14693,1.44,1.13
2011.03.21 03:02:04.015,1.14675,1.14695,1.44,1.13
2011.03.21 03:02:13.274,1.14674,1.14695,1.44,1.13
2011.03.21 03:02:20.654,1.14672,1.14692,1.44,1.13
2011.03.21 03:02:20.985,1.14669,1.14688,1.44,1.50
2011.03.21 03:02:33.654,1.14671,1.1469,1.06,3.00
2011.03.21 03:02:33.909,1.14676,1.14692,1.44,1.13
2011.03.21 03:02:34.244,1.14681,1.14696,1.06,1.88
2011.03.21 03:02:34.354,1.14681,1.14696,1.06,1.88
2011.03.21 03:02:34.463,1.14681,1.14696,1.06,1.88
2011.03.21 03:02:35.016,1.1468,1.14695,1.44,1.50
2011.03.21 03:02:35.236,1.14687,1.14699,1.44,1.50
2011.03.21 03:02:35.345,1.14687,1.14702,1.44,2.25
2011.03.21 03:02:35.675,1.14683,1.14702,1.44,2.25
2011.03.21 03:02:35.785,1.14683,1.147,1.44,1.50
2011.03.21 03:02:40.157,1.14683,1.14703,1.44,3.00
2011.03.21 03:02:50.313,1.14684,1.14703,1.44,2.25
2011.03.21 03:02:50.756,1.14686,1.14706,1.44,1.88
2011.03.21 03:02:50.863,1.14685,1.14705,1.44,1.13
2011.03.21 03:02:58.473,1.14685,1.14705,1.44,2.63
2011.03.21 03:02:59.713,1.14682,1.14702,2.19,1.50
2011.03.21 03:03:09.386,1.14678,1.14698,1.44,1.13
2011.03.21 03:03:09.605,1.14674,1.14694,2.94,1.50
2011.03.21 03:03:10.153,1.14674,1.14694,1.50,2.25
2011.03.21 03:03:10.483,1.14671,1.14691,3.31,1.50
2011.03.21 03:03:12.804,1.14674,1.14695,1.44,1.50
2011.03.21 03:03:13.023,1.14674,1.14695,1.44,2.25
2011.03.21 03:03:14.903,1.14674,1.14695,1.44,2.25
2011.03.21 03:03:15.455,1.14676,1.14695,1.81,1.50
2011.03.21 03:03:15.893,1.14675,1.14695,1.44,1.50
2011.03.21 03:03:16.336,1.14676,1.14696,1.06,1.50
2011.03.21 03:03:16.446,1.1468,1.147,1.44,2.25
2011.03.21 03:03:18.884,1.14679,1.14699,1.44,1.88
2011.03.21 03:03:19.324,1.14677,1.14699,1.44,3.38
2011.03.21 03:03:20.845,1.14677,1.14698,1.44,1.13
2011.03.21 03:03:21.283,1.14678,1.14698,1.44,1.13
2011.03.21 03:03:26.822,1.14678,1.14698,1.44,1.13
2011.03.21 03:03:32.084,1.14681,1.14699,1.44,3.38
2011.03.21 03:03:32.415,1.14683,1.14703,1.44,1.88
2011.03.21 03:03:32.524,1.14682,1.14703,1.44,1.88
2011.03.21 03:03:33.384,1.14682,1.147,1.44,1.13
2011.03.21 03:03:41.955,1.14679,1.14699,1.44,1.50
2011.03.21 03:03:42.794,1.14681,1.14701,1.44,2.25
2011.03.21 03:03:43.363,1.1468,1.14699,1.44,1.50
2011.03.21 03:03:51.214,1.14679,1.14699,1.44,1.88
2011.03.21 03:03:51.873,1.14676,1.14697,2.19,1.50
2011.03.21 03:03:55.353,1.14676,1.14697,2.19,1.50
2011.03.21 03:04:15.723,1.14678,1.14697,1.44,1.50
2011.03.21 03:04:22.193,1.14676,1.14697,2.19,1.50
2011.03.21 03:04:39.643,1.14676,1.14697,2.19,1.88
2011.03.21 03:04:41.924,1.14676,1.14697,1.44,1.88
2011.03.21 03:04:42.145,1.14676,1.14697,2.19,1.88
2011.03.21 03:04:43.794,1.14676,1.14696,1.44,1.13
2011.03.21 03:04:44.471,1.14676,1.14697,2.19,1.88
2011.03.21 03:04:45.423,1.14676,1.14696,1.44,1.13
2011.03.21 03:04:46.409,1.14676,1.14696,1.44,1.88
2011.03.21 03:04:46.914,1.14676,1.14696,2.19,1.88
2011.03.21 03:04:47.683,1.14676,1.14696,1.44,1.88
2011.03.21 03:04:58.633,1.14676,1.14696,1.44,1.88
2011.03.21 03:05:00.913,1.14675,1.14696,1.44,2.63
2011.03.21 03:05:01.523,1.14675,1.14696,1.44,1.88
2011.03.21 03:05:04.614,1.14672,1.14691,1.13,1.50
2011.03.21 03:05:05.185,1.1467,1.14691,1.44,1.50
2011.03.21 03:05:06.234,1.1467,1.1469,1.44,1.13
2011.03.21 03:05:06.894,1.14668,1.14688,1.44,1.50
2011.03.21 03:05:07.114,1.14668,1.14688,1.44,1.50
2011.03.21 03:05:07.758,1.14668,1.14688,1.44,1.50
2011.03.21 03:05:10.444,1.14668,1.14688,1.44,1.88
2011.03.21 03:05:26.176,1.14667,1.14686,2.19,1.50
2011.03.21 03:05:26.523,1.14664,1.14685,1.44,1.88
2011.03.21 03:05:27.773,1.14664,1.14685,1.44,1.88
2011.03.21 03:05:28.214,1.14663,1.14683,1.13,1.50
2011.03.21 03:05:28.544,1.14662,1.14683,1.44,2.25
2011.03.21 03:05:28.874,1.14662,1.14683,1.44,1.50
2011.03.21 03:05:29.444,1.14662,1.14683,1.44,1.50
2011.03.21 03:05:30.463,1.14662,1.14683,1.44,1.50
2011.03.21 03:05:31.564,1.14662,1.14683,1.44,1.50
2011.03.21 03:05:32.334,1.14664,1.14685,1.50,1.13
2011.03.21 03:05:32.445,1.14665,1.14686,1.44,1.50
2011.03.21 03:05:35.083,1.14665,1.14686,1.44,1.50
2011.03.21 03:05:38.053,1.14665,1.14686,1.44,1.50
2011.03.21 03:05:38.569,1.14665,1.14686,1.44,1.50
2011.03.21 03:05:45.333,1.14665,1.14686,1.44,1.50
2011.03.21 03:05:49.463,1.14665,1.14686,1.44,2.63
2011.03.21 03:05:50.453,1.14665,1.14686,1.44,1.50
2011.03.21 03:05:50.784,1.14667,1.14687,1.44,1.50
2011.03.21 03:05:51.115,1.14665,1.14684,2.19,1.13
2011.03.21 03:05:51.446,1.14659,1.14678,1.44,1.88
2011.03.21 03:05:51.994,1.14656,1.14678,1.44,2.63
2011.03.21 03:05:54.513,1.14656,1.14677,1.44,1.88
2011.03.21 03:05:54.850,1.14656,1.14677,1.44,1.13
2011.03.21 03:05:55.403,1.14656,1.14677,1.44,1.13
2011.03.21 03:05:56.055,1.14656,1.14676,1.44,1.13
2011.03.21 03:05:56.165,1.14656,1.14676,1.44,1.50
2011.03.21 03:05:56.383,1.14656,1.14677,1.44,3.00
2011.03.21 03:05:58.833,1.14656,1.14678,1.44,2.63
2011.03.21 03:05:59.055,1.14654,1.14675,2.19,1.13
2011.03.21 03:05:59.605,1.14656,1.14678,1.44,2.63
2011.03.21 03:06:04.804,1.14655,1.14676,2.94,1.88
2011.03.21 03:06:05.138,1.14656,1.14677,1.44,1.13
2011.03.21 03:06:12.346,1.14658,1.1468,1.50,2.63
2011.03.21 03:06:12.455,1.14661,1.1468,1.44,2.63
2011.03.21 03:06:13.034,1.14662,1.1468,1.50,1.13
2011.03.21 03:06:13.254,1.14664,1.14683,1.44,6.23
2011.03.21 03:06:15.044,1.14663,1.14681,1.44,1.13
2011.03.21 03:06:15.158,1.14663,1.1468,1.44,1.13
2011.03.21 03:06:15.276,1.14663,1.14681,1.44,1.13
2011.03.21 03:06:15.604,1.14661,1.14682,1.44,2.25
2011.03.21 03:06:15.824,1.14662,1.14682,1.44,3.38
2011.03.21 03:06:17.305,1.14662,1.14682,1.44,3.38
2011.03.21 03:06:18.394,1.1466,1.14681,2.19,3.00
2011.03.21 03:06:21.393,1.14659,1.14678,1.44,1.88
2011.03.21 03:06:28.395,1.14657,1.14674,1.44,1.13
2011.03.21 03:06:31.616,1.14657,1.14677,1.44,4.13
2011.03.21 03:06:31.868,1.14658,1.14677,1.44,1.50
2011.03.21 03:06:32.695,1.14659,1.14679,1.44,1.50
2011.03.21 03:06:32.915,1.14661,1.1468,1.44,2.25
2011.03.21 03:06:33.669,1.14661,1.1468,1.44,2.25
2011.03.21 03:06:35.265,1.1466,1.14678,1.44,3.38
2011.03.21 03:06:36.805,1.14661,1.1468,1.44,3.00
2011.03.21 03:06:36.914,1.14661,1.1468,1.44,2.63
2011.03.21 03:06:37.135,1.14658,1.14678,1.44,1.13
2011.03.21 03:06:37.467,1.14658,1.14678,1.44,1.88
2011.03.21 03:06:37.584,1.14658,1.14678,1.44,1.13
2011.03.21 03:06:43.285,1.14658,1.14678,1.44,1.50
2011.03.21 03:06:43.613,1.14658,1.14678,1.44,1.13
2011.03.21 03:06:49.504,1.14658,1.14678,1.44,1.13
2011.03.21 03:06:54.904,1.14658,1.14678,1.44,1.13
2011.03.21 03:06:55.414,1.14658,1.14677,1.44,2.63
2011.03.21 03:06:55.633,1.14658,1.14677,1.44,3.38
2011.03.21 03:07:09.284,1.14658,1.14677,1.44,3.00
2011.03.21 03:07:09.395,1.14658,1.14677,1.44,2.25
2011.03.21 03:07:09.726,1.14661,1.14683,1.44,1.13
2011.03.21 03:07:09.834,1.14661,1.14684,1.44,4.13
2011.03.21 03:07:10.395,1.14665,1.14684,1.44,2.63
2011.03.21 03:07:11.274,1.14665,1.14684,1.44,3.38
2011.03.21 03:07:11.824,1.14664,1.14683,1.44,1.13
2011.03.21 03:07:12.153,1.14666,1.14683,1.44,1.13
2011.03.21 03:07:15.634,1.14667,1.14686,1.44,2.25
2011.03.21 03:07:16.074,1.14668,1.14688,1.44,1.88
2011.03.21 03:07:16.633,1.14667,1.14688,1.44,1.88
2011.03.21 03:07:18.723,1.14668,1.14688,1.44,1.13
2011.03.21 03:07:19.285,1.14668,1.14687,1.44,1.50
2011.03.21 03:07:19.394,1.14668,1.14688,1.44,1.13
2011.03.21 03:07:19.944,1.1467,1.14691,1.44,4.13
2011.03.21 03:07:20.473,1.14671,1.14691,1.44,5.63
2011.03.21 03:07:21.463,1.14672,1.14691,1.44,4.88
2011.03.21 03:07:42.606,1.1468,1.14692,2.63,3.75
2011.03.21 03:07:42.937,1.14692,1.14705,1.50,1.50
2011.03.21 03:07:43.387,1.14695,1.14712,1.50,1.88
2011.03.21 03:07:43.507,1.14693,1.1471,2.25,1.50
2011.03.21 03:07:43.627,1.14693,1.1471,2.85,1.13
2011.03.21 03:07:47.285,1.14695,1.14711,2.25,2.10
2011.03.21 03:07:47.395,1.14691,1.1471,2.25,2.25
2011.03.21 03:07:47.945,1.14692,1.1471,2.25,1.50
2011.03.21 03:08:02.387,1.14688,1.14708,1.81,1.13
2011.03.21 03:08:02.494,1.14688,1.14708,1.81,1.13
2011.03.21 03:08:17.739,1.14685,1.14704,2.94,1.13
2011.03.21 03:08:21.174,1.14686,1.14704,1.44,1.13
2011.03.21 03:08:22.496,1.14686,1.14707,1.44,2.25
2011.03.21 03:08:29.234,1.14687,1.14707,1.44,1.50
2011.03.21 03:08:31.374,1.14688,1.14707,1.44,1.50
2011.03.21 03:08:31.703,1.14688,1.14707,2.19,1.50
2011.03.21 03:08:42.294,1.14688,1.14707,1.44,1.88
2011.03.21 03:08:50.705,1.14688,1.14706,1.44,1.13
2011.03.21 03:08:51.144,1.14688,1.14709,1.44,2.25
2011.03.21 03:08:51.253,1.14693,1.14709,1.44,3.75
2011.03.21 03:08:52.933,1.1469,1.14709,1.44,2.25
2011.03.21 03:09:00.132,1.14689,1.14709,1.44,1.50
2011.03.21 03:09:00.683,1.14689,1.14709,1.44,1.50
2011.03.21 03:09:01.012,1.14686,1.14707,1.81,1.50
2011.03.21 03:09:06.055,1.14687,1.14707,1.06,1.50
2011.03.21 03:09:06.614,1.14688,1.14709,1.13,1.50
2011.03.21 03:09:07.163,1.14687,1.14707,1.44,1.50
2011.03.21 03:09:07.771,1.14686,1.14707,1.44,1.50
2011.03.21 03:09:08.597,1.14687,1.14707,1.44,1.50
2011.03.21 03:09:18.043,1.14685,1.14707,3.69,1.50
2011.03.21 03:09:19.614,1.14687,1.14707,1.44,1.50
2011.03.21 03:09:21.604,1.14685,1.14707,3.69,1.50
2011.03.21 03:09:23.807,1.14687,1.14708,1.44,1.88
2011.03.21 03:09:24.725,1.14688,1.14708,1.44,1.13
2011.03.21 03:09:25.166,1.14693,1.1471,1.44,1.13
2011.03.21 03:09:30.554,1.14691,1.1471,2.19,1.13
2011.03.21 03:09:53.935,1.14691,1.14708,1.44,1.13
2011.03.21 03:09:56.004,1.14691,1.14708,1.44,1.88
2011.03.21 03:09:56.227,1.14682,1.147,1.50,1.13
2011.03.21 03:09:56.578,1.14672,1.1469,1.44,1.13
2011.03.21 03:09:56.703,1.14668,1.1469,1.44,2.63
2011.03.21 03:09:56.821,1.14665,1.14685,1.50,1.13
2011.03.21 03:09:56.935,1.14667,1.14686,1.13,2.25
2011.03.21 03:09:57.047,1.14667,1.14687,1.88,1.13
2011.03.21 03:09:57.594,1.14669,1.14687,1.44,1.13
2011.03.21 03:09:58.144,1.14669,1.14689,1.44,1.13
2011.03.21 03:10:15.785,1.14669,1.14687,1.44,1.13
2011.03.21 03:10:17.545,1.14665,1.14686,1.44,1.88
2011.03.21 03:10:17.766,1.14664,1.14684,1.44,1.13
2011.03.21 03:10:17.876,1.14663,1.14684,1.44,1.88
2011.03.21 03:10:17.985,1.1466,1.14681,1.44,1.50
2011.03.21 03:10:18.425,1.14657,1.14677,2.25,1.50
2011.03.21 03:10:18.644,1.14657,1.14677,2.25,1.50
2011.03.21 03:10:29.608,1.14656,1.14677,2.94,1.50
2011.03.21 03:10:34.456,1.14656,1.14675,1.06,1.13
2011.03.21 03:10:34.895,1.14653,1.14672,1.44,1.50
2011.03.21 03:10:35.443,1.14653,1.14672,2.19,1.50
2011.03.21 03:10:35.664,1.14651,1.14671,1.81,1.50
2011.03.21 03:10:36.107,1.14649,1.14669,1.44,1.50
2011.03.21 03:10:36.224,1.14649,1.14669,1.44,2.25
2011.03.21 03:10:36.448,1.14646,1.14667,1.44,1.50
2011.03.21 03:10:37.005,1.14641,1.14663,2.25,2.63
2011.03.21 03:10:37.444,1.14641,1.14661,2.25,1.50
2011.03.21 03:10:38.014,1.14643,1.14662,1.44,1.50
2011.03.21 03:10:41.066,1.14644,1.14662,1.13,1.50
2011.03.21 03:10:41.286,1.14642,1.14662,3.69,1.50
2011.03.21 03:10:41.854,1.14642,1.14662,1.44,1.88
2011.03.21 03:10:42.275,1.14642,1.14662,1.44,1.88
2011.03.21 03:10:44.614,1.14642,1.14661,1.44,1.13
2011.03.21 03:10:44.944,1.14642,1.14661,1.44,1.13
2011.03.21 03:10:46.934,1.14641,1.1466,1.44,1.13
2011.03.21 03:10:47.428,1.1464,1.14662,1.81,1.13
2011.03.21 03:10:47.554,1.14645,1.14665,1.44,2.63
2011.03.21 03:10:47.668,1.14645,1.14665,2.19,1.13
2011.03.21 03:10:47.788,1.14646,1.14667,1.44,1.50
2011.03.21 03:10:47.906,1.14648,1.14669,1.50,1.13
2011.03.21 03:10:48.486,1.1465,1.1467,1.44,4.88
2011.03.21 03:10:48.924,1.1465,1.1467,1.44,4.88
2011.03.21 03:10:51.835,1.1465,1.1467,1.44,3.38
2011.03.21 03:10:54.796,1.14648,1.14669,1.44,1.13
2011.03.21 03:10:55.126,1.14645,1.1466,2.25,1.50
2011.03.21 03:10:55.347,1.14639,1.14654,1.50,1.13
2011.03.21 03:10:55.904,1.14636,1.14655,1.44,5.63
2011.03.21 03:10:56.545,1.14636,1.14655,1.44,4.13
2011.03.21 03:10:56.985,1.14638,1.14657,1.44,2.63
2011.03.21 03:10:57.645,1.14638,1.14657,1.44,1.13
2011.03.21 03:10:57.865,1.14639,1.14658,2.19,1.13
2011.03.21 03:11:03.106,1.14641,1.14659,1.81,3.00
2011.03.21 03:11:03.216,1.14643,1.14662,1.06,2.25
2011.03.21 03:11:03.787,1.14648,1.14663,1.44,1.50
2011.03.21 03:11:04.126,1.14648,1.14665,2.19,1.50
2011.03.21 03:11:04.905,1.1465,1.14666,1.44,1.88
2011.03.21 03:11:07.734,1.14648,1.14667,2.19,2.25
2011.03.21 03:11:08.175,1.1465,1.14668,2.19,1.88
2011.03.21 03:11:12.345,1.14651,1.14668,1.44,1.50
2011.03.21 03:11:13.486,1.14651,1.14668,1.44,1.50
2011.03.21 03:11:13.706,1.14651,1.14668,1.44,1.88
2011.03.21 03:11:13.925,1.14647,1.14667,1.44,1.88
2011.03.21 03:11:16.454,1.14647,1.14667,1.44,2.63
2011.03.21 03:11:17.007,1.14648,1.14667,1.44,1.88
2011.03.21 03:11:17.580,1.1465,1.14667,1.44,1.88
2011.03.21 03:11:20.715,1.14651,1.14667,1.44,1.50
2011.03.21 03:11:25.164,1.14651,1.14667,1.44,1.50
2011.03.21 03:11:25.724,1.14651,1.14667,1.44,1.50
2011.03.21 03:11:26.158,1.1465,1.14667,1.44,2.63
2011.03.21 03:11:26.275,1.1465,1.14667,1.44,2.25
2011.03.21 03:11:26.387,1.14651,1.14665,1.44,2.63
2011.03.21 03:11:26.495,1.14651,1.14667,1.44,1.50
2011.03.21 03:11:27.046,1.14648,1.14667,1.44,1.50
2011.03.21 03:11:27.159,1.14648,1.14667,1.44,2.63
2011.03.21 03:11:29.746,1.14647,1.14664,1.44,1.13
2011.03.21 03:11:29.964,1.14645,1.14664,1.44,1.13
2011.03.21 03:11:32.055,1.14644,1.14663,1.44,1.13
2011.03.21 03:11:32.604,1.14644,1.14663,1.44,1.13
2011.03.21 03:11:33.277,1.14643,1.14663,1.44,1.13
2011.03.21 03:11:36.084,1.14644,1.14663,1.44,1.13
2011.03.21 03:11:36.734,1.14644,1.14663,1.44,1.88
2011.03.21 03:11:38.005,1.14644,1.14663,1.81,1.50
2011.03.21 03:11:38.225,1.14644,1.14665,1.81,3.00
2011.03.21 03:11:38.776,1.14646,1.14665,1.44,3.00
2011.03.21 03:11:38.996,1.14645,1.14665,1.81,1.50
2011.03.21 03:11:39.105,1.14649,1.14668,1.50,4.50
2011.03.21 03:11:39.614,1.1465,1.14668,1.44,3.75
2011.03.21 03:11:40.056,1.14652,1.14668,1.44,3.75
2011.03.21 03:11:47.468,1.14657,1.1467,1.81,2.25
2011.03.21 03:11:47.587,1.14657,1.14674,1.81,2.25
2011.03.21 03:11:47.698,1.14661,1.14675,1.44,3.00
2011.03.21 03:11:47.817,1.14664,1.14678,1.06,1.50
2011.03.21 03:11:48.364,1.14664,1.14679,1.81,1.50
2011.03.21 03:11:50.175,1.14664,1.14682,1.44,1.50
2011.03.21 03:11:50.838,1.14664,1.14681,1.44,1.50
2011.03.21 03:11:51.176,1.14667,1.14684,1.81,3.75
2011.03.21 03:11:51.286,1.14667,1.14684,2.19,2.25
2011.03.21 03:11:51.507,1.14674,1.14693,1.13,2.40
2011.03.21 03:11:51.736,1.14675,1.14693,1.44,2.40
2011.03.21 03:11:52.066,1.14675,1.14695,2.19,5.25
2011.03.21 03:11:52.396,1.14675,1.14694,2.19,2.25
2011.03.21 03:11:53.646,1.14673,1.14693,1.81,1.50
2011.03.21 03:11:53.867,1.1467,1.14691,1.81,1.50
2011.03.21 03:11:54.424,1.14667,1.14691,1.81,1.88
2011.03.21 03:11:57.416,1.14669,1.14689,1.44,1.13
2011.03.21 03:11:57.857,1.14673,1.14691,1.13,2.25
2011.03.21 03:11:58.305,1.14676,1.14695,1.13,3.00
2011.03.21 03:11:58.855,1.14676,1.14695,1.13,1.50
2011.03.21 03:11:59.845,1.14675,1.14695,1.13,1.50
2011.03.21 03:12:00.394,1.14675,1.14695,1.13,1.50
2011.03.21 03:12:02.065,1.14675,1.14695,1.13,1.50
2011.03.21 03:12:02.614,1.14674,1.14695,1.81,1.50
2011.03.21 03:12:32.344,1.14674,1.14695,1.81,1.50
2011.03.21 03:12:49.101,1.14677,1.14691,1.13,1.50
2011.03.21 03:13:31.025,1.14671,1.1469,1.44,1.13
2011.03.21 03:13:31.135,1.14671,1.1469,1.44,1.13
2011.03.21 03:13:31.248,1.14673,1.14691,1.13,1.50
2011.03.21 03:13:31.585,1.14673,1.14691,1.13,1.50
2011.03.21 03:13:32.024,1.14673,1.14695,1.13,1.50
2011.03.21 03:13:32.906,1.14669,1.14688,4.06,1.13
2011.03.21 03:13:33.344,1.14673,1.14691,1.13,1.50
2011.03.21 03:13:33.895,1.14674,1.14694,1.81,2.25
2011.03.21 03:13:36.096,1.14672,1.14692,1.44,1.13
2011.03.21 03:13:36.865,1.14673,1.14692,1.81,1.50
2011.03.21 03:13:37.195,1.14673,1.14694,1.81,1.50
2011.03.21 03:13:37.524,1.14673,1.14694,1.81,1.50
2011.03.21 03:13:40.274,1.14673,1.14694,1.81,1.50
2011.03.21 03:13:40.841,1.14673,1.14694,1.44,1.50
2011.03.21 03:13:44.547,1.14672,1.14692,1.44,1.13
2011.03.21 03:13:44.949,1.14665,1.14689,4.50,4.88
2011.03.21 03:13:45.073,1.14665,1.14681,1.13,1.50
2011.03.21 03:13:45.515,1.14665,1.14681,1.13,1.50
2011.03.21 03:13:45.736,1.14665,1.14681,1.13,1.50
2011.03.21 03:13:49.256,1.14662,1.14681,1.13,1.50
2011.03.21 03:13:49.480,1.14661,1.14681,1.44,1.50
2011.03.21 03:13:49.707,1.14659,1.1468,1.13,1.50
2011.03.21 03:13:49.926,1.14659,1.14678,1.13,1.50
2011.03.21 03:13:51.326,1.14657,1.14677,1.13,1.50
2011.03.21 03:13:51.436,1.14657,1.14672,1.13,1.50
2011.03.21 03:13:57.546,1.14657,1.14672,1.13,1.50
2011.03.21 03:13:57.764,1.14657,1.14676,1.13,1.50
2011.03.21 03:14:03.485,1.14655,1.14676,1.35,1.50
2011.03.21 03:14:03.706,1.14653,1.14675,1.81,2.25
2011.03.21 03:14:03.925,1.14653,1.14671,1.81,1.50
2011.03.21 03:14:09.524,1.14653,1.14671,1.44,1.50
2011.03.21 03:14:09.744,1.14653,1.14671,1.44,1.50
2011.03.21 03:14:09.966,1.14657,1.14671,1.13,1.50
2011.03.21 03:14:10.186,1.14657,1.14672,1.13,1.50
2011.03.21 03:14:10.407,1.14659,1.14674,1.13,1.50
2011.03.21 03:14:10.627,1.14659,1.14678,1.13,3.00
2011.03.21 03:14:15.125,1.14658,1.14677,1.13,1.50
2011.03.21 03:14:26.407,1.14658,1.14677,1.13,1.50
2011.03.21 03:14:43.118,1.14665,1.14677,1.13,1.50
2011.03.21 03:14:43.237,1.14665,1.14679,1.13,1.50
2011.03.21 03:14:43.347,1.14665,1.14679,1.13,1.50
2011.03.21 03:14:43.458,1.14665,1.14685,1.13,1.50
2011.03.21 03:14:43.577,1.14665,1.14685,1.13,1.50
2011.03.21 03:14:43.686,1.14669,1.14686,1.13,1.50
2011.03.21 03:14:44.235,1.14669,1.14688,1.13,1.60
2011.03.21 03:14:44.345,1.14669,1.14688,1.81,1.60
2011.03.21 03:14:55.035,1.14668,1.14687,1.44,1.13
2011.03.21 03:14:55.585,1.14665,1.14686,1.44,3.00
2011.03.21 03:14:55.696,1.14666,1.14685,1.44,1.50
2011.03.21 03:15:00.654,1.14665,1.14685,1.44,1.50
2011.03.21 03:15:00.874,1.14666,1.14685,1.44,1.50
2011.03.21 03:15:03.485,1.14664,1.14684,1.44,1.88
2011.03.21 03:15:03.596,1.1466,1.14681,1.44,1.35
2011.03.21 03:15:03.955,1.14657,1.14675,2.25,1.35
2011.03.21 03:15:04.397,1.14654,1.14674,1.13,1.50
2011.03.21 03:15:04.974,1.14654,1.14674,1.13,1.50
2011.03.21 03:15:06.126,1.1465,1.14671,1.44,1.50
2011.03.21 03:15:06.568,1.14648,1.14663,1.50,1.35
2011.03.21 03:15:07.125,1.14639,1.1466,2.25,2.10
2011.03.21 03:15:07.564,1.14639,1.14658,2.25,1.50
2011.03.21 03:15:09.245,1.14638,1.14658,1.81,1.50
2011.03.21 03:15:22.607,1.14638,1.14659,1.81,1.35
2011.03.21 03:15:22.715,1.14638,1.14659,1.13,1.35
2011.03.21 03:15:23.815,1.1464,1.14659,1.44,1.35
2011.03.21 03:15:25.135,1.1464,1.14657,1.44,1.13
2011.03.21 03:15:25.357,1.1464,1.14657,1.44,1.13
2011.03.21 03:15:25.796,1.14634,1.14655,1.44,4.50
2011.03.21 03:15:26.126,1.14631,1.14651,1.44,1.13
2011.03.21 03:15:26.565,1.14632,1.14648,1.13,1.50
2011.03.21 03:15:26.785,1.14632,1.1465,1.13,2.10
2011.03.21 03:15:27.334,1.14632,1.1465,1.13,1.50
2011.03.21 03:15:27.956,1.14632,1.1465,1.13,1.50
2011.03.21 03:15:31.314,1.14632,1.14652,1.13,1.35
2011.03.21 03:15:39.336,1.14637,1.14652,1.13,1.35
2011.03.21 03:15:39.448,1.14638,1.14652,1.13,1.35
2011.03.21 03:15:39.809,1.14638,1.14658,1.13,1.50
2011.03.21 03:15:39.927,1.14638,1.14659,1.13,3.00
2011.03.21 03:15:40.475,1.1464,1.14659,1.13,1.50
2011.03.21 03:15:43.995,1.1464,1.14662,1.13,4.45
2011.03.21 03:15:44.544,1.14642,1.14661,1.44,1.50
2011.03.21 03:15:45.096,1.14642,1.14661,1.44,1.50
2011.03.21 03:15:48.617,1.14642,1.14661,1.81,1.50
2011.03.21 03:15:52.796,1.14646,1.14661,1.13,1.50
2011.03.21 03:15:53.016,1.14649,1.14662,1.13,1.45
2011.03.21 03:15:53.455,1.1465,1.14662,1.13,1.45
2011.03.21 03:15:53.566,1.1465,1.14662,1.13,1.45
2011.03.21 03:15:55.155,1.1465,1.14662,1.13,1.45
2011.03.21 03:15:56.745,1.14645,1.14662,1.06,1.45
2011.03.21 03:15:57.078,1.14642,1.14659,1.44,2.25
2011.03.21 03:15:57.415,1.14636,1.14658,1.96,1.50
2011.03.21 03:15:57.635,1.14636,1.14658,1.81,3.75
2011.03.21 03:16:06.255,1.14636,1.14658,1.81,5.25
2011.03.21 03:16:10.136,1.14641,1.14658,1.50,5.25
2011.03.21 03:16:10.465,1.14647,1.1466,1.13,1.50
2011.03.21 03:16:10.686,1.14649,1.14664,1.13,1.60
2011.03.21 03:16:11.015,1.14649,1.14667,1.13,1.35
2011.03.21 03:16:11.127,1.14648,1.14669,1.13,1.50
2011.03.21 03:16:11.675,1.14645,1.14665,1.44,1.50
2011.03.21 03:16:27.545,1.14645,1.14663,1.44,1.13
2011.03.21 03:16:27.767,1.1464,1.14659,1.44,2.25
2011.03.21 03:16:27.986,1.14636,1.14658,1.96,3.75
2011.03.21 03:16:28.426,1.14642,1.14658,1.13,2.25
2011.03.21 03:16:28.646,1.14642,1.14661,1.13,3.00
2011.03.21 03:16:28.866,1.1464,1.14661,1.44,2.25
2011.03.21 03:16:29.635,1.14643,1.14661,1.44,2.25
2011.03.21 03:16:31.175,1.14643,1.14663,1.44,2.35
2011.03.21 03:16:31.505,1.14645,1.14663,1.13,2.35
2011.03.21 03:16:31.725,1.14645,1.14665,1.81,1.50
2011.03.21 03:16:31.945,1.14648,1.14669,1.13,1.50
2011.03.21 03:16:32.386,1.14649,1.14668,1.44,1.50
2011.03.21 03:16:33.157,1.1465,1.14671,1.44,1.50
2011.03.21 03:16:33.705,1.14652,1.14673,1.50,1.50
2011.03.21 03:16:33.815,1.14654,1.14673,1.44,1.50
2011.03.21 03:16:34.037,1.14654,1.14674,1.44,4.13
2011.03.21 03:16:34.257,1.14656,1.14677,2.19,1.50
2011.03.21 03:16:34.476,1.14659,1.14678,1.44,1.50
2011.03.21 03:16:35.112,1.14663,1.14679,1.44,3.38
2011.03.21 03:16:38.966,1.14661,1.14678,1.44,1.13
2011.03.21 03:16:39.406,1.1466,1.1468,1.44,2.25
2011.03.21 03:16:39.516,1.1466,1.1468,1.44,2.25
2011.03.21 03:16:40.118,1.1466,1.14679,1.44,1.50
2011.03.21 03:16:40.444,1.1466,1.14679,1.44,1.50
2011.03.21 03:16:41.095,1.1466,1.14679,1.44,1.50
2011.03.21 03:16:41.646,1.1466,1.14679,1.44,1.50
2011.03.21 03:16:43.744,1.14658,1.14679,2.19,2.25
2011.03.21 03:16:43.965,1.14658,1.14673,2.19,2.25
2011.03.21 03:16:44.076,1.1466,1.14679,1.44,2.25
2011.03.21 03:16:44.625,1.14657,1.14679,1.44,3.00
2011.03.21 03:16:58.705,1.14657,1.14679,1.44,3.00
2011.03.21 03:17:03.306,1.14654,1.14676,1.44,1.50
2011.03.21 03:17:03.636,1.14652,1.14674,1.13,1.50
2011.03.21 03:17:04.615,1.14652,1.14673,1.13,3.00
2011.03.21 03:17:04.944,1.14652,1.1467,1.13,1.50
2011.03.21 03:17:05.447,1.14652,1.14668,1.13,1.50
2011.03.21 03:17:07.235,1.14652,1.1467,1.13,1.50
2011.03.21 03:17:07.456,1.14649,1.1467,2.94,1.50
2011.03.21 03:17:07.567,1.14649,1.14669,1.44,3.10
2011.03.21 03:17:08.005,1.14647,1.14668,1.13,1.60
2011.03.21 03:17:08.447,1.14644,1.14663,2.25,3.00
2011.03.21 03:17:08.777,1.14637,1.14658,1.50,1.50
2011.03.21 03:17:08.889,1.14636,1.14655,1.44,3.00
2011.03.21 03:17:09.226,1.14637,1.14655,1.44,2.25
2011.03.21 03:17:12.615,1.14639,1.14655,1.44,2.25
2011.03.21 03:17:13.447,1.14639,1.14657,1.44,1.13
2011.03.21 03:17:14.004,1.14639,1.14657,1.44,1.13
2011.03.21 03:17:21.166,1.14639,1.14657,1.44,3.38
2011.03.21 03:17:21.495,1.14639,1.14659,1.44,2.25
2011.03.21 03:17:22.156,1.14639,1.1466,1.44,2.25
2011.03.21 03:17:22.266,1.14639,1.1466,1.44,2.63
2011.03.21 03:17:22.815,1.14639,1.14658,1.44,3.38
2011.03.21 03:17:23.038,1.14638,1.14658,1.44,6.00
2011.03.21 03:17:23.595,1.14637,1.14654,1.44,3.00
2011.03.21 03:17:23.925,1.14637,1.14657,1.44,1.88
2011.03.21 03:17:24.475,1.14637,1.14656,1.44,3.00
2011.03.21 03:17:25.244,1.14637,1.14654,1.44,3.00
2011.03.21 03:17:25.797,1.14636,1.14654,1.44,3.00
2011.03.21 03:17:26.127,1.14631,1.1465,2.19,1.13
2011.03.21 03:17:26.235,1.14631,1.1465,1.44,3.38
2011.03.21 03:17:26.347,1.14629,1.14647,1.44,3.00
2011.03.21 03:17:26.457,1.14625,1.14646,1.44,1.50
2011.03.21 03:17:27.236,1.14624,1.14645,1.44,5.25
2011.03.21 03:17:28.304,1.14624,1.14643,1.44,1.50
2011.03.21 03:17:29.264,1.14624,1.14643,1.44,1.50
2011.03.21 03:17:29.824,1.14624,1.14643,1.44,1.50
2011.03.21 03:17:30.175,1.14624,1.14643,1.44,1.50
2011.03.21 03:17:30.506,1.14623,1.14645,1.44,1.13
2011.03.21 03:17:30.944,1.14623,1.14645,1.44,1.13
2011.03.21 03:17:31.827,1.14623,1.14646,1.44,2.63
2011.03.21 03:17:32.154,1.14623,1.14646,1.44,1.88
2011.03.21 03:17:35.934,1.14623,1.14646,1.44,1.88
2011.03.21 03:17:36.266,1.14625,1.14649,1.13,1.50
2011.03.21 03:17:36.490,1.14629,1.14651,1.44,1.88
2011.03.21 03:17:36.826,1.14631,1.14655,1.50,4.13
2011.03.21 03:17:37.265,1.14632,1.14655,2.94,4.88
2011.03.21 03:17:37.376,1.14632,1.14653,3.31,2.25
2011.03.21 03:17:37.487,1.14632,1.14656,3.31,1.13
2011.03.21 03:17:37.595,1.14639,1.14657,1.50,1.23
2011.03.21 03:17:38.036,1.14643,1.14661,1.50,2.35
2011.03.21 03:17:38.145,1.14644,1.14661,1.44,1.50
2011.03.21 03:17:38.695,1.14644,1.14662,1.44,1.88
2011.03.21 03:17:39.272,1.14643,1.14662,1.44,1.88
2011.03.21 03:17:58.197,1.14643,1.1466,1.44,1.13
2011.03.21 03:17:58.527,1.14642,1.14662,2.19,1.88
2011.03.21 03:18:08.085,1.14642,1.1466,1.44,1.13
2011.03.21 03:18:08.635,1.14642,1.14659,1.44,3.38
2011.03.21 03:18:08.746,1.1464,1.14659,2.19,3.38
2011.03.21 03:18:10.476,1.14642,1.14659,1.44,2.85
2011.03.21 03:18:10.697,1.14642,1.14659,1.44,2.85
2011.03.21 03:18:10.807,1.14643,1.14662,1.81,1.88
2011.03.21 03:18:11.028,1.14649,1.1467,1.81,4.13
2011.03.21 03:18:11.138,1.14651,1.14667,1.13,3.00
2011.03.21 03:18:11.476,1.14657,1.14668,1.44,3.00
2011.03.21 03:18:11.697,1.14646,1.14663,1.44,1.50
2011.03.21 03:18:11.807,1.14644,1.14663,1.44,1.50
2011.03.21 03:18:12.136,1.14641,1.14661,1.44,2.63
2011.03.21 03:18:12.356,1.1464,1.14657,1.44,1.13
2011.03.21 03:18:13.236,1.14638,1.14657,1.44,1.73
2011.03.21 03:18:31.455,1.14638,1.14656,1.44,3.98
2011.03.21 03:18:32.794,1.14638,1.14654,1.44,3.23
2011.03.21 03:18:40.835,1.14638,1.14654,1.44,3.98
2011.03.21 03:18:41.057,1.1463,1.1465,1.44,1.88
2011.03.21 03:18:41.167,1.14628,1.14647,2.16,1.50
2011.03.21 03:18:41.496,1.14628,1.14643,1.41,1.50
2011.03.21 03:18:42.846,1.14628,1.14644,1.41,1.50
2011.03.21 03:18:45.286,1.14628,1.14643,1.41,1.13
2011.03.21 03:18:45.395,1.14628,1.14644,1.41,2.25
2011.03.21 03:18:45.946,1.14628,1.14644,2.16,1.50
2011.03.21 03:18:46.277,1.14628,1.14647,2.16,1.50
2011.03.21 03:18:46.495,1.14628,1.14647,2.16,1.50
2011.03.21 03:18:47.276,1.14628,1.14645,3.66,1.13
2011.03.21 03:18:47.825,1.14628,1.14645,3.66,1.13
2011.03.21 03:18:48.375,1.14628,1.14645,3.66,1.13
2011.03.21 03:18:53.776,1.14628,1.14646,2.16,1.13
2011.03.21 03:18:53.996,1.14631,1.1465,1.13,1.13
2011.03.21 03:18:54.106,1.14632,1.14651,3.00,1.50
2011.03.21 03:18:54.216,1.14634,1.14654,1.44,1.13
2011.03.21 03:18:54.435,1.1464,1.14659,1.44,3.38
2011.03.21 03:18:54.765,1.14642,1.1466,1.50,3.00
2011.03.21 03:18:55.095,1.14643,1.14661,1.44,1.50
2011.03.21 03:18:55.425,1.14643,1.14661,1.44,1.50
2011.03.21 03:18:55.975,1.14643,1.14661,1.44,3.75
2011.03.21 03:18:56.196,1.14643,1.14661,1.44,3.75
2011.03.21 03:18:56.566,1.14643,1.14661,1.44,3.75
2011.03.21 03:18:56.676,1.14643,1.14661,1.44,3.38
2011.03.21 03:18:57.227,1.14643,1.14664,1.44,3.98
2011.03.21 03:18:59.696,1.14643,1.14663,1.44,2.48
2011.03.21 03:18:59.807,1.14643,1.14661,1.44,3.38
2011.03.21 03:19:00.356,1.14641,1.14661,1.44,3.75
2011.03.21 03:19:03.634,1.14642,1.14657,1.44,1.13
2011.03.21 03:19:06.426,1.14642,1.14657,1.44,1.13
2011.03.21 03:19:06.866,1.14642,1.14657,1.44,1.13
2011.03.21 03:19:07.195,1.14642,1.14657,1.44,1.13
2011.03.21 03:19:09.307,1.14642,1.14659,1.44,1.88
2011.03.21 03:19:09.634,1.14641,1.14659,1.44,1.13
2011.03.21 03:19:09.748,1.14641,1.1466,1.44,1.88
2011.03.21 03:19:10.233,1.14641,1.1466,1.44,1.88
2011.03.21 03:19:11.484,1.14641,1.1466,1.44,1.88
2011.03.21 03:19:17.316,1.14641,1.1466,1.44,1.88
2011.03.21 03:19:22.745,1.14643,1.14663,1.44,1.50
2011.03.21 03:19:28.725,1.14645,1.14663,1.44,2.25
2011.03.21 03:19:29.405,1.14645,1.14664,1.44,4.88
2011.03.21 03:19:31.995,1.14645,1.14664,1.44,4.88
2011.03.21 03:19:34.215,1.14644,1.14664,2.19,4.88
2011.03.21 03:19:34.478,1.14646,1.14667,1.44,1.50
2011.03.21 03:19:34.817,1.14649,1.14668,1.44,1.13
2011.03.21 03:19:35.041,1.1465,1.1467,1.44,4.50
2011.03.21 03:19:35.377,1.14653,1.14673,1.81,1.50
2011.03.21 03:19:35.706,1.14654,1.14675,1.44,1.50
2011.03.21 03:19:36.255,1.14654,1.14675,1.44,1.50
2011.03.21 03:19:43.014,1.14655,1.14675,1.13,1.50
2011.03.21 03:19:43.676,1.14658,1.14678,1.44,3.00
2011.03.21 03:20:35.816,1.14656,1.14675,1.44,1.13
2011.03.21 03:20:39.384,1.14656,1.14675,1.44,1.88
2011.03.21 03:20:59.314,1.14656,1.14673,1.44,1.13
2011.03.21 03:20:59.428,1.14654,1.14671,1.44,1.13
2011.03.21 03:20:59.546,1.1465,1.14671,3.00,1.88
2011.03.21 03:20:59.659,1.14648,1.14671,2.25,1.88
2011.03.21 03:21:00.215,1.14648,1.14666,1.50,1.13
2011.03.21 03:21:03.995,1.14648,1.14667,1.50,1.50
2011.03.21 03:21:04.215,1.14656,1.1467,1.50,1.13
2011.03.21 03:21:06.428,1.14658,1.14672,1.50,1.13
2011.03.21 03:21:06.648,1.14658,1.14675,1.50,1.50
2011.03.21 03:21:06.869,1.14658,1.14679,1.50,1.88
2011.03.21 03:21:06.987,1.14657,1.14679,2.85,1.88
2011.03.21 03:21:07.447,1.14659,1.14679,1.35,1.88
2011.03.21 03:21:08.053,1.14662,1.14679,2.25,1.13
2011.03.21 03:21:17.484,1.14662,1.14679,2.25,1.13
2011.03.21 03:21:17.866,1.14662,1.14679,2.25,1.13
2011.03.21 03:21:21.288,1.14662,1.14678,2.25,1.13
2011.03.21 03:21:33.542,1.14662,1.14678,2.25,1.13
2011.03.21 03:21:35.302,1.14663,1.14681,1.44,1.50
2011.03.21 03:21:35.525,1.14663,1.14681,1.44,1.50
2011.03.21 03:21:36.075,1.14663,1.14681,1.44,1.13
2011.03.21 03:21:36.775,1.14663,1.14681,1.44,1.13
2011.03.21 03:21:41.857,1.14663,1.14682,1.44,1.13
2011.03.21 03:21:42.677,1.14664,1.14686,1.35,1.13
2011.03.21 03:21:43.005,1.14664,1.14686,1.35,1.13
2011.03.21 03:21:59.344,1.14663,1.14682,2.04,1.13
2011.03.21 03:21:59.457,1.14663,1.14681,2.04,1.13
2011.03.21 03:21:59.787,1.14655,1.14674,1.44,1.13
2011.03.21 03:21:59.897,1.14655,1.14674,2.19,1.13
2011.03.21 03:22:00.008,1.14657,1.14676,1.50,1.13
2011.03.21 03:22:00.410,1.1466,1.1468,1.50,1.88
2011.03.21 03:22:00.526,1.1466,1.1468,1.50,1.88
2011.03.21 03:22:01.077,1.14664,1.1468,2.25,1.88
2011.03.21 03:22:02.011,1.14664,1.1468,2.25,1.88
2011.03.21 03:22:02.561,1.14664,1.1468,2.25,1.88
2011.03.21 03:22:04.245,1.14662,1.1468,2.25,1.88
2011.03.21 03:22:08.865,1.14662,1.1468,2.25,1.88
2011.03.21 03:22:33.385,1.14663,1.14684,1.44,1.50
2011.03.21 03:22:34.108,1.14665,1.14686,2.04,1.13
2011.03.21 03:22:38.971,1.14665,1.14686,2.04,1.13
2011.03.21 03:22:39.501,1.14665,1.14686,2.04,1.13
2011.03.21 03:22:43.683,1.14665,1.14686,2.04,1.13
2011.03.21 03:22:55.716,1.14665,1.14685,2.04,1.13
2011.03.21 03:22:55.825,1.14665,1.14685,2.04,1.13
2011.03.21 03:22:56.156,1.14665,1.14685,2.04,1.13
2011.03.21 03:22:57.176,1.14665,1.14685,2.04,1.13
2011.03.21 03:22:57.726,1.14664,1.14684,2.25,1.88
2011.03.21 03:22:57.836,1.14664,1.14683,2.25,1.13
2011.03.21 03:22:58.165,1.14664,1.14678,2.25,1.50
2011.03.21 03:22:59.236,1.14664,1.14677,2.25,1.13
2011.03.21 03:22:59.346,1.14658,1.14677,1.44,1.13
2011.03.21 03:22:59.677,1.14657,1.14676,3.60,1.50
2011.03.21 03:23:04.127,1.14657,1.14673,1.50,1.13
2011.03.21 03:23:04.346,1.14657,1.14673,1.50,1.13
2011.03.21 03:23:13.491,1.14657,1.14674,1.50,1.50
2011.03.21 03:23:15.538,1.14657,1.14674,1.50,1.50
2011.03.21 03:23:15.985,1.14655,1.14673,1.50,1.13
2011.03.21 03:23:20.237,1.14655,1.1467,1.50,1.13
2011.03.21 03:23:22.466,1.14655,1.14673,1.50,1.13
2011.03.21 03:23:23.720,1.14657,1.14674,1.50,1.13
2011.03.21 03:23:24.279,1.14658,1.14675,1.44,1.13
2011.03.21 03:23:24.399,1.1466,1.14677,1.50,3.00
2011.03.21 03:23:24.518,1.1466,1.14677,1.50,1.50
2011.03.21 03:23:24.628,1.1466,1.14678,1.50,1.88
2011.03.21 03:23:28.626,1.1466,1.14678,1.50,1.88
2011.03.21 03:23:31.414,1.1466,1.14676,1.50,1.13
2011.03.21 03:23:32.241,1.1466,1.14675,2.25,1.13
2011.03.21 03:23:32.590,1.14657,1.14673,1.50,1.13
2011.03.21 03:23:32.928,1.14657,1.14673,1.50,1.13
2011.03.21 03:23:33.147,1.14657,1.14673,1.50,1.13
2011.03.21 03:23:33.666,1.14657,1.14673,1.50,1.13
2011.03.21 03:24:01.228,1.14658,1.14675,1.50,1.88
2011.03.21 03:24:01.336,1.14658,1.14675,1.50,1.88
2011.03.21 03:24:01.855,1.14658,1.14675,1.50,1.88
2011.03.21 03:24:05.587,1.1466,1.14676,1.35,1.13
2011.03.21 03:24:05.696,1.1466,1.14676,1.35,1.13
2011.03.21 03:24:06.276,1.1466,1.14678,1.35,1.50
2011.03.21 03:24:10.380,1.14657,1.14676,3.69,1.13
2011.03.21 03:24:10.938,1.14659,1.14679,1.50,1.88
2011.03.21 03:24:11.568,1.14661,1.14679,2.25,1.13
2011.03.21 03:24:36.547,1.14669,1.1468,1.13,1.50
2011.03.21 03:24:36.847,1.14672,1.14691,1.88,2.25
2011.03.21 03:24:37.177,1.14671,1.14689,1.44,1.88
2011.03.21 03:24:37.398,1.14668,1.14686,1.44,1.88
2011.03.21 03:24:37.509,1.14668,1.14685,1.44,1.13
2011.03.21 03:24:37.736,1.14663,1.1468,2.94,1.50
2011.03.21 03:24:38.292,1.14663,1.14681,2.25,1.50
2011.03.21 03:24:43.296,1.14663,1.14679,2.25,3.00
2011.03.21 03:24:45.966,1.14658,1.14679,2.25,3.00
2011.03.21 03:24:46.078,1.14662,1.14679,1.13,2.63
2011.03.21 03:24:46.417,1.14668,1.14687,2.19,1.50
2011.03.21 03:24:46.637,1.1467,1.14691,1.44,2.25
2011.03.21 03:24:47.185,1.1467,1.14691,1.44,3.00
2011.03.21 03:24:51.816,1.14668,1.14691,2.19,3.00
2011.03.21 03:24:54.736,1.14668,1.14687,1.44,1.50
2011.03.21 03:25:54.995,1.14666,1.14686,2.94,1.50
2011.03.21 03:25:55.546,1.14666,1.14686,1.50,2.25
2011.03.21 03:25:55.879,1.14658,1.14673,3.00,1.13
2011.03.21 03:25:56.216,1.14657,1.14674,1.50,3.00
2011.03.21 03:25:56.438,1.14654,1.14671,1.50,1.13
2011.03.21 03:25:57.056,1.14654,1.14671,1.50,1.13
2011.03.21 03:25:57.388,1.14654,1.14671,1.50,1.13
2011.03.21 03:25:57.717,1.14653,1.14671,1.50,2.63
2011.03.21 03:25:58.529,1.14652,1.14669,2.10,1.50
2011.03.21 03:25:58.652,1.14658,1.14675,1.50,2.63
2011.03.21 03:25:58.767,1.14658,1.14676,2.25,1.50
2011.03.21 03:25:59.316,1.14661,1.14678,2.25,1.50
2011.03.21 03:26:01.006,1.14662,1.14678,1.13,1.50
2011.03.21 03:26:01.228,1.14665,1.14686,1.13,2.10
2011.03.21 03:26:01.556,1.14668,1.14687,1.44,1.50
2011.03.21 03:26:01.665,1.14667,1.14689,1.44,1.88
2011.03.21 03:26:02.659,1.14666,1.14688,2.79,1.50
2011.03.21 03:26:02.775,1.14666,1.14688,2.79,1.50
2011.03.21 03:26:04.746,1.14667,1.14688,1.44,1.50
2011.03.21 03:26:04.857,1.14669,1.14688,1.44,1.50
2011.03.21 03:26:06.846,1.1467,1.14688,2.19,1.50
2011.03.21 03:26:17.939,1.1467,1.14687,1.50,2.25
2011.03.21 03:26:18.056,1.14666,1.14687,3.31,2.25
2011.03.21 03:26:22.096,1.14667,1.14685,1.50,1.50
2011.03.21 03:26:31.104,1.14666,1.14686,2.63,1.50
2011.03.21 03:26:31.808,1.14666,1.14686,2.63,1.50
2011.03.21 03:26:34.117,1.14667,1.14686,1.13,1.50
2011.03.21 03:26:37.337,1.14666,1.14682,1.50,1.13
2011.03.21 03:26:37.667,1.14662,1.14676,1.13,1.50
2011.03.21 03:26:37.886,1.14657,1.14676,1.50,1.50
2011.03.21 03:26:38.404,1.14657,1.14676,1.50,1.50
2011.03.21 03:26:41.866,1.14657,1.14676,1.88,1.50
2011.03.21 03:27:12.027,1.14658,1.14677,1.50,2.25
2011.03.21 03:27:12.246,1.14658,1.14679,1.50,2.48
2011.03.21 03:27:16.556,1.14658,1.14679,1.50,2.48
2011.03.21 03:27:17.107,1.1466,1.14679,1.50,2.48
2011.03.21 03:27:35.206,1.14659,1.14679,1.50,2.48
2011.03.21 03:27:37.107,1.14659,1.14679,2.63,2.10
2011.03.21 03:27:37.946,1.14659,1.14679,3.38,1.35
2011.03.21 03:27:38.545,1.1466,1.14679,1.13,1.35
2011.03.21 03:27:39.098,1.14659,1.14679,3.38,1.35
2011.03.21 03:27:40.205,1.1466,1.14679,1.13,1.35
2011.03.21 03:27:40.795,1.14659,1.14679,3.38,1.35
2011.03.21 03:27:42.515,1.14659,1.14679,3.00,1.35
2011.03.21 03:27:56.125,1.1466,1.1468,1.50,1.13
2011.03.21 03:28:10.783,1.1466,1.14678,1.50,1.50
2011.03.21 03:28:23.675,1.1466,1.14678,1.50,1.50
2011.03.21 03:28:24.292,1.1466,1.14679,1.50,1.50
2011.03.21 03:28:26.045,1.1466,1.14678,1.50,1.50
2011.03.21 03:28:26.646,1.14659,1.14678,3.00,2.25
2011.03.21 03:28:29.147,1.14659,1.14677,2.85,1.50
2011.03.21 03:28:29.475,1.14658,1.14677,1.50,2.63
2011.03.21 03:28:30.025,1.14657,1.14676,1.50,1.50
2011.03.21 03:28:38.043,1.14657,1.14675,1.50,1.35
2011.03.21 03:28:38.266,1.14654,1.14672,3.69,1.50
2011.03.21 03:28:42.977,1.14654,1.14672,3.69,1.50
2011.03.21 03:28:43.087,1.14657,1.14674,1.44,1.35
2011.03.21 03:28:43.370,1.14659,1.14677,1.50,1.50
2011.03.21 03:28:43.487,1.14659,1.14678,2.94,1.50
2011.03.21 03:28:45.377,1.14657,1.14678,3.69,2.25
2011.03.21 03:28:45.925,1.14657,1.14677,2.25,1.88
2011.03.21 03:28:46.606,1.14657,1.14676,2.25,1.50
2011.03.21 03:29:40.345,1.14657,1.14676,2.25,1.50
2011.03.21 03:29:47.027,1.14657,1.14674,2.25,1.88
2011.03.21 03:29:48.398,1.14655,1.14673,3.00,1.88
2011.03.21 03:29:48.917,1.14655,1.14673,1.50,1.88
2011.03.21 03:29:49.806,1.14656,1.14673,1.50,1.88
2011.03.21 03:29:50.354,1.14657,1.14674,1.50,1.13
2011.03.21 03:29:53.288,1.14658,1.14674,2.25,1.13
2011.03.21 03:30:04.605,1.14658,1.14674,2.25,3.38
2011.03.21 03:30:05.975,1.14656,1.14674,2.25,1.13
2011.03.21 03:30:06.575,1.14656,1.14674,1.50,1.13
2011.03.21 03:30:18.265,1.14657,1.14674,1.50,1.13
2011.03.21 03:30:22.695,1.14657,1.14673,1.50,1.50
2011.03.21 03:30:25.189,1.14657,1.14673,2.19,1.50
2011.03.21 03:30:26.076,1.14657,1.14674,2.19,1.88
2011.03.21 03:30:26.956,1.14658,1.14676,1.44,1.50
2011.03.21 03:30:38.107,1.14658,1.14677,1.44,1.50
2011.03.21 03:30:46.881,1.14658,1.14677,1.44,1.50
2011.03.21 03:30:50.175,1.14658,1.14677,1.44,1.50
2011.03.21 03:30:51.389,1.14657,1.14673,3.00,1.13
2011.03.21 03:30:52.496,1.14657,1.14673,1.50,1.13
2011.03.21 03:30:52.719,1.14657,1.14673,1.50,1.13
2011.03.21 03:30:57.614,1.14657,1.14673,1.50,1.13
2011.03.21 03:31:10.798,1.14657,1.14673,1.50,1.13
2011.03.21 03:31:12.848,1.14657,1.14673,1.50,1.13
2011.03.21 03:31:15.186,1.14657,1.14673,1.50,1.50
2011.03.21 03:31:15.625,1.14656,1.14672,1.50,1.88
2011.03.21 03:31:30.126,1.14656,1.14671,1.50,1.13
2011.03.21 03:31:30.568,1.14653,1.14667,1.50,1.13
2011.03.21 03:31:30.681,1.14648,1.14666,2.25,1.50
2011.03.21 03:31:34.898,1.14646,1.14663,1.50,1.50
2011.03.21 03:31:35.226,1.14646,1.14663,1.50,1.88
2011.03.21 03:31:35.749,1.14646,1.14663,2.25,1.13
2011.03.21 03:31:36.588,1.14646,1.14664,2.19,1.50
2011.03.21 03:31:37.658,1.14646,1.14664,2.19,1.50
2011.03.21 03:31:38.216,1.14647,1.14666,3.00,1.13
2011.03.21 03:31:39.346,1.14648,1.14666,2.19,1.13
2011.03.21 03:31:46.197,1.14647,1.14663,3.00,1.13
2011.03.21 03:31:49.141,1.14651,1.14664,1.13,1.50
2011.03.21 03:31:49.371,1.14651,1.14669,2.25,1.50
2011.03.21 03:31:49.490,1.14654,1.14669,2.25,1.50
2011.03.21 03:31:49.611,1.14659,1.14676,1.35,1.50
2011.03.21 03:31:49.838,1.1466,1.1468,1.50,1.13
2011.03.21 03:31:50.386,1.14659,1.14678,4.35,1.13
2011.03.21 03:31:51.928,1.14659,1.14678,4.35,1.13
2011.03.21 03:31:56.497,1.1466,1.14679,1.50,2.25
2011.03.21 03:31:56.717,1.1466,1.14679,1.50,1.88
2011.03.21 03:31:57.266,1.1466,1.14679,1.50,2.25
2011.03.21 03:31:59.338,1.14659,1.14679,3.75,2.25
2011.03.21 03:32:06.157,1.14659,1.14677,2.25,1.50
2011.03.21 03:32:18.105,1.14659,1.14677,1.50,1.50
2011.03.21 03:32:20.326,1.14658,1.14677,2.19,2.63
2011.03.21 03:32:20.546,1.14658,1.14677,2.19,3.38
2011.03.21 03:32:21.036,1.14658,1.14677,2.19,3.38
2011.03.21 03:32:27.276,1.14658,1.14677,2.19,3.38
2011.03.21 03:32:29.967,1.14658,1.14676,1.50,1.50
2011.03.21 03:32:30.532,1.14658,1.14676,1.50,2.25
2011.03.21 03:32:32.656,1.14658,1.14676,1.50,3.00
2011.03.21 03:32:33.199,1.14658,1.14676,1.50,3.38
2011.03.21 03:32:37.916,1.14658,1.14676,1.50,1.88
2011.03.21 03:32:41.587,1.14658,1.14676,1.50,1.13
2011.03.21 03:32:46.995,1.14659,1.14676,1.50,1.88
2011.03.21 03:32:50.087,1.14659,1.14675,1.50,2.63
2011.03.21 03:32:57.005,1.14659,1.14675,1.50,1.88
2011.03.21 03:33:02.676,1.14659,1.14675,1.50,1.88
2011.03.21 03:33:08.006,1.14656,1.14674,1.44,2.25
2011.03.21 03:33:12.437,1.14656,1.1467,1.44,1.50
2011.03.21 03:33:12.985,1.14654,1.1467,1.44,2.25
2011.03.21 03:33:22.807,1.14654,1.1467,1.44,1.50
2011.03.21 03:33:23.397,1.14654,1.1467,1.44,2.25
2011.03.21 03:33:24.257,1.14654,1.1467,1.44,2.25
2011.03.21 03:33:24.816,1.14654,1.1467,1.44,2.25
2011.03.21 03:33:25.406,1.14653,1.1467,1.44,2.25
2011.03.21 03:33:26.475,1.14653,1.1467,1.44,2.25
2011.03.21 03:33:27.025,1.14653,1.1467,1.44,2.25
2011.03.21 03:33:27.798,1.14653,1.1467,1.44,2.25
2011.03.21 03:33:31.757,1.14653,1.1467,1.44,2.25
2011.03.21 03:33:47.156,1.14653,1.14671,1.44,1.43
2011.03.21 03:33:47.719,1.14653,1.14671,1.44,1.43
2011.03.21 03:34:01.486,1.14654,1.14669,1.44,1.13
2011.03.21 03:34:01.708,1.1465,1.14668,2.19,1.88
2011.03.21 03:34:02.276,1.14649,1.14668,1.44,2.63
2011.03.21 03:34:03.926,1.14649,1.14667,1.44,1.50
2011.03.21 03:34:04.476,1.14649,1.14667,1.44,2.93
2011.03.21 03:34:05.868,1.14649,1.14667,1.44,2.93
2011.03.21 03:34:09.086,1.1465,1.14667,1.44,2.93
2011.03.21 03:34:09.306,1.14652,1.14667,1.44,2.93
2011.03.21 03:34:11.986,1.14652,1.14668,1.44,1.43
2011.03.21 03:34:16.125,1.14652,1.14669,1.44,2.18
2011.03.21 03:34:17.126,1.14652,1.14668,1.44,1.50
2011.03.21 03:34:22.835,1.14652,1.14669,1.44,1.50
2011.03.21 03:34:25.487,1.14652,1.14671,2.19,1.50
2011.03.21 03:34:27.565,1.14651,1.14671,1.44,1.50
2011.03.21 03:34:33.765,1.14651,1.14671,1.44,2.63
2011.03.21 03:34:39.765,1.1465,1.1467,2.19,1.50
2011.03.21 03:34:55.406,1.1465,1.1467,1.44,1.88
2011.03.21 03:34:55.626,1.14649,1.14668,1.50,2.25
2011.03.21 03:34:56.065,1.14648,1.14666,1.50,1.50
2011.03.21 03:34:56.396,1.14648,1.14666,3.00,3.00
2011.03.21 03:34:59.996,1.14648,1.14665,1.50,1.50
2011.03.21 03:35:00.106,1.14648,1.14665,1.50,1.50
2011.03.21 03:35:02.255,1.14648,1.14665,1.50,1.50
2011.03.21 03:35:02.945,1.14648,1.14665,1.50,1.50
2011.03.21 03:35:03.498,1.14648,1.14665,1.50,1.50
2011.03.21 03:35:08.107,1.14648,1.14665,1.50,1.50
2011.03.21 03:35:08.639,1.14648,1.14666,1.50,3.00
2011.03.21 03:35:09.288,1.14648,1.14666,3.00,3.00
2011.03.21 03:35:11.044,1.14648,1.14666,1.50,3.00
2011.03.21 03:35:22.317,1.14646,1.14666,4.50,3.00
2011.03.21 03:35:24.657,1.14644,1.14664,1.44,2.25
2011.03.21 03:35:30.775,1.14645,1.14665,4.50,1.13
2011.03.21 03:35:44.817,1.14645,1.14663,1.50,1.88
2011.03.21 03:35:45.040,1.14638,1.14656,1.35,1.50
2011.03.21 03:35:45.160,1.14637,1.14655,1.50,1.50
2011.03.21 03:35:45.279,1.14634,1.1465,2.25,2.10
2011.03.21 03:35:45.388,1.14634,1.1465,1.50,1.50
2011.03.21 03:35:45.499,1.14631,1.14648,2.25,1.50
2011.03.21 03:35:46.056,1.14631,1.14648,2.25,1.50
2011.03.21 03:35:47.376,1.14631,1.14648,2.25,1.50
2011.03.21 03:35:51.787,1.14629,1.14645,2.25,1.88
2011.03.21 03:35:52.107,1.14623,1.14638,1.50,1.35
2011.03.21 03:35:52.220,1.14623,1.14636,1.50,1.50
2011.03.21 03:35:52.339,1.14619,1.14636,2.25,1.50
2011.03.21 03:35:52.448,1.14619,1.14636,2.25,1.50
2011.03.21 03:35:52.776,1.14618,1.14636,2.25,1.50
2011.03.21 03:35:53.386,1.14618,1.14636,2.25,1.50
2011.03.21 03:35:58.196,1.14618,1.14638,1.81,2.10
2011.03.21 03:35:58.527,1.1462,1.14638,1.50,2.10
2011.03.21 03:35:58.856,1.14621,1.14639,1.13,1.43
2011.03.21 03:35:59.626,1.14623,1.14639,1.50,1.43
2011.03.21 03:35:59.957,1.14624,1.14643,1.88,1.50
2011.03.21 03:36:00.177,1.14624,1.14647,1.13,1.88
2011.03.21 03:36:00.396,1.14623,1.14646,1.44,1.50
2011.03.21 03:36:00.617,1.14623,1.14646,1.44,1.50
2011.03.21 03:36:00.727,1.14623,1.14645,1.44,1.50
2011.03.21 03:36:01.057,1.14622,1.14643,2.94,1.50
2011.03.21 03:36:02.368,1.14622,1.14643,2.94,1.50
2011.03.21 03:36:02.806,1.14622,1.14643,2.94,1.50
2011.03.21 03:36:03.368,1.14621,1.14642,1.13,1.50
2011.03.21 03:36:05.934,1.1462,1.14642,6.31,1.50
2011.03.21 03:36:06.806,1.1462,1.14642,6.31,1.50
2011.03.21 03:36:07.357,1.1462,1.14642,5.56,1.50
2011.03.21 03:36:08.518,1.14621,1.14642,1.50,1.50
2011.03.21 03:36:27.247,1.14622,1.14642,1.13,1.50
2011.03.21 03:36:27.797,1.14624,1.14644,2.56,1.13
2011.03.21 03:36:28.240,1.14627,1.14647,1.44,1.50
2011.03.21 03:36:28.357,1.14628,1.14647,1.44,1.50
2011.03.21 03:36:28.577,1.14626,1.14647,2.19,2.25
2011.03.21 03:36:28.687,1.14624,1.14646,1.44,1.35
2011.03.21 03:36:29.246,1.14624,1.14645,1.44,1.35
2011.03.21 03:36:30.357,1.14624,1.14646,3.69,1.50
2011.03.21 03:36:31.778,1.14629,1.14649,1.44,1.13
2011.03.21 03:36:34.518,1.14626,1.14647,1.44,1.50
2011.03.21 03:36:34.850,1.14629,1.14647,1.44,1.43
2011.03.21 03:36:35.190,1.14629,1.14647,1.44,1.43
2011.03.21 03:36:35.681,1.14631,1.1465,1.44,2.63
2011.03.21 03:36:38.747,1.14628,1.14649,1.44,2.63
2011.03.21 03:36:38.860,1.14627,1.14646,1.44,2.63
2011.03.21 03:36:40.492,1.14627,1.14646,1.44,1.13
2011.03.21 03:36:41.198,1.14627,1.14647,2.19,1.88
2011.03.21 03:36:42.636,1.14627,1.14646,1.44,1.13
2011.03.21 03:36:42.968,1.14627,1.14647,2.19,1.88
2011.03.21 03:36:43.545,1.14627,1.14647,2.19,1.88
2011.03.21 03:36:44.216,1.14625,1.14644,2.19,1.13
2011.03.21 03:36:44.588,1.14622,1.14642,3.00,1.13
2011.03.21 03:36:44.699,1.14621,1.14642,1.50,1.13
2011.03.21 03:36:44.820,1.14619,1.14641,2.25,2.25
2011.03.21 03:36:45.051,1.14617,1.14636,1.50,2.25
2011.03.21 03:36:45.168,1.14616,1.14636,2.25,2.25
2011.03.21 03:36:45.904,1.14617,1.14636,1.44,1.50
2011.03.21 03:36:46.017,1.14617,1.14636,1.44,1.50
2011.03.21 03:36:46.680,1.14617,1.14636,1.44,1.50
2011.03.21 03:36:51.868,1.14617,1.14636,1.44,1.13
2011.03.21 03:36:52.448,1.14618,1.14638,2.19,1.13
2011.03.21 03:36:54.644,1.14618,1.14638,2.19,1.13
2011.03.21 03:36:54.756,1.14619,1.14638,1.44,1.13
2011.03.21 03:36:55.088,1.14624,1.14642,1.13,2.25
2011.03.21 03:36:55.197,1.14624,1.14644,1.13,1.50
2011.03.21 03:36:55.418,1.14626,1.14645,1.44,1.50
2011.03.21 03:36:55.981,1.14629,1.14646,1.44,3.00
2011.03.21 03:36:57.647,1.14631,1.14646,1.06,1.50
2011.03.21 03:36:57.868,1.14631,1.14648,1.06,1.50
2011.03.21 03:36:58.568,1.14634,1.14649,1.44,1.50
2011.03.21 03:36:58.820,1.14631,1.14649,2.94,1.50
2011.03.21 03:37:02.120,1.14631,1.14649,1.44,1.50
2011.03.21 03:37:02.236,1.14631,1.14651,1.44,2.93
2011.03.21 03:37:02.897,1.14632,1.14651,1.13,2.93
2011.03.21 03:37:03.227,1.14634,1.14652,1.44,2.93
2011.03.21 03:37:03.778,1.14634,1.14652,1.44,1.50
2011.03.21 03:37:04.767,1.14634,1.14652,1.44,1.88
2011.03.21 03:37:05.100,1.14636,1.14651,1.44,1.50
2011.03.21 03:37:05.220,1.14633,1.1465,1.44,2.25
2011.03.21 03:37:05.339,1.14631,1.1465,1.44,2.25
2011.03.21 03:37:05.458,1.1463,1.1465,2.19,2.25
2011.03.21 03:37:06.067,1.14629,1.14649,1.44,1.50
2011.03.21 03:37:07.837,1.14629,1.14648,1.81,1.50
2011.03.21 03:37:08.169,1.1463,1.14647,1.44,1.88
2011.03.21 03:37:08.502,1.14623,1.14643,1.44,1.13
2011.03.21 03:37:08.618,1.14623,1.14643,1.44,1.88
2011.03.21 03:37:09.423,1.14626,1.14643,1.44,1.13
2011.03.21 03:37:10.119,1.14626,1.14643,1.44,1.43
2011.03.21 03:37:11.307,1.14626,1.14643,1.44,1.43
2011.03.21 03:37:12.037,1.14623,1.14643,3.69,1.88
2011.03.21 03:37:12.877,1.1462,1.14641,2.94,1.50
2011.03.21 03:37:14.638,1.1462,1.14641,1.44,2.18
2011.03.21 03:37:15.077,1.14618,1.14639,1.44,2.25
2011.03.21 03:37:15.587,1.14618,1.14639,1.44,1.50
2011.03.21 03:37:16.136,1.14618,1.14639,1.44,3.75
2011.03.21 03:37:28.067,1.14618,1.14637,1.44,1.50
2011.03.21 03:37:37.487,1.14617,1.14637,1.13,1.50
2011.03.21 03:37:37.819,1.14611,1.1463,2.19,1.50
2011.03.21 03:37:38.038,1.14609,1.14629,3.31,2.25
2011.03.21 03:37:38.586,1.14608,1.14628,1.81,1.50
2011.03.21 03:37:39.158,1.14608,1.14628,1.81,1.50
2011.03.21 03:37:39.487,1.14609,1.14629,1.81,1.50
2011.03.21 03:37:39.817,1.14613,1.14631,1.06,2.25
2011.03.21 03:37:39.926,1.14613,1.14633,1.06,1.50
2011.03.21 03:37:40.517,1.14618,1.14634,1.13,1.35
2011.03.21 03:37:40.628,1.14615,1.14634,1.44,1.35
2011.03.21 03:37:40.737,1.14615,1.14634,2.94,2.10
2011.03.21 03:37:41.627,1.14614,1.14634,1.81,1.35
2011.03.21 03:37:44.682,1.14614,1.14634,1.81,1.35
2011.03.21 03:37:45.020,1.14607,1.14628,1.44,3.38
2011.03.21 03:37:45.248,1.14605,1.14626,1.44,1.50
2011.03.21 03:37:45.577,1.14607,1.14626,1.13,1.50
2011.03.21 03:37:45.687,1.14609,1.14627,1.44,2.85
2011.03.21 03:37:46.020,1.14614,1.14627,1.06,1.35
2011.03.21 03:37:46.250,1.14614,1.14632,1.06,2.25
2011.03.21 03:37:46.697,1.14615,1.14633,1.13,1.35
2011.03.21 03:37:47.027,1.14617,1.14633,1.44,1.35
2011.03.21 03:37:47.137,1.14617,1.14634,1.44,1.35
2011.03.21 03:37:47.467,1.14617,1.14634,1.44,1.35
2011.03.21 03:37:49.560,1.1462,1.14633,1.44,1.35
2011.03.21 03:37:49.896,1.1462,1.14638,1.44,1.60
2011.03.21 03:37:50.446,1.1462,1.14638,1.44,1.60
2011.03.21 03:37:51.509,1.1462,1.14638,1.44,1.60
2011.03.21 03:37:52.827,1.1462,1.14637,1.44,1.50
2011.03.21 03:37:52.939,1.1462,1.14637,1.44,2.25
2011.03.21 03:37:53.377,1.1462,1.14637,1.44,1.50
2011.03.21 03:37:53.927,1.1462,1.14639,1.44,3.10
2011.03.21 03:37:54.476,1.1462,1.14638,1.44,1.60
2011.03.21 03:37:54.919,1.1462,1.14638,1.44,1.60
2011.03.21 03:37:55.148,1.14617,1.14636,1.44,2.25
2011.03.21 03:37:55.810,1.14617,1.14636,1.44,2.25
2011.03.21 03:37:56.266,1.14617,1.14636,1.44,2.25
2011.03.21 03:37:56.487,1.14618,1.14639,1.44,3.85
2011.03.21 03:37:57.037,1.14618,1.14638,1.44,1.60
2011.03.21 03:37:57.807,1.14619,1.14638,1.44,1.60
2011.03.21 03:37:58.031,1.14617,1.14638,1.81,1.60
2011.03.21 03:37:58.588,1.14616,1.14636,2.56,2.63
2011.03.21 03:37:58.808,1.14616,1.14635,1.44,3.00
2011.03.21 03:37:59.577,1.14616,1.14635,1.44,1.50
2011.03.21 03:38:00.127,1.14616,1.14637,1.44,1.50
2011.03.21 03:38:00.897,1.14616,1.14637,1.81,1.13
2011.03.21 03:38:01.117,1.14616,1.14637,1.81,1.50
2011.03.21 03:38:07.168,1.14617,1.14638,1.06,5.35
2011.03.21 03:38:07.277,1.14617,1.14638,1.81,5.35
2011.03.21 03:38:07.826,1.14617,1.14638,1.44,3.10
2011.03.21 03:38:09.918,1.14618,1.14638,1.44,1.60
2011.03.21 03:38:10.138,1.14621,1.14638,1.44,1.60
2011.03.21 03:38:11.130,1.14622,1.14638,1.06,1.60
2011.03.21 03:38:11.689,1.14624,1.14645,1.13,3.75
2011.03.21 03:38:11.907,1.14626,1.14647,1.44,2.25
2011.03.21 03:38:12.459,1.14628,1.14647,1.44,4.13
2011.03.21 03:38:13.337,1.14628,1.14647,1.44,4.13
2011.03.21 03:38:13.886,1.14628,1.14647,1.44,4.13
2011.03.21 03:38:14.436,1.14628,1.14647,1.44,4.13
2011.03.21 03:38:14.768,1.14628,1.1464,1.44,1.13
2011.03.21 03:38:14.989,1.14624,1.1464,1.44,1.13
2011.03.21 03:38:15.866,1.14624,1.1464,1.44,1.13
2011.03.21 03:38:16.612,1.14624,1.14639,1.44,1.13
2011.03.21 03:38:17.216,1.14624,1.14643,1.44,1.50
2011.03.21 03:38:17.769,1.14625,1.14645,1.44,3.75
2011.03.21 03:38:18.348,1.14624,1.14647,2.19,4.88
2011.03.21 03:38:18.789,1.14628,1.14647,1.13,2.63
2011.03.21 03:38:19.116,1.14632,1.14646,1.44,1.13
2011.03.21 03:38:20.106,1.14632,1.14647,1.44,1.13
2011.03.21 03:38:20.880,1.14632,1.14646,1.44,1.13
2011.03.21 03:38:21.108,1.1463,1.14644,1.44,1.13
2011.03.21 03:38:21.328,1.14626,1.14644,1.44,1.13
2011.03.21 03:38:21.877,1.14626,1.14644,1.44,1.13
2011.03.21 03:38:22.427,1.14626,1.14644,1.44,1.50
2011.03.21 03:38:22.647,1.14624,1.1464,1.44,1.13
2011.03.21 03:38:23.636,1.14624,1.1464,1.44,1.13
2011.03.21 03:38:24.246,1.14624,1.14643,1.44,1.88
2011.03.21 03:38:24.688,1.14626,1.14647,2.19,3.38
2011.03.21 03:38:25.018,1.1463,1.14647,1.44,2.25
2011.03.21 03:38:25.190,1.1463,1.1465,1.44,2.25
2011.03.21 03:38:25.430,1.14631,1.14652,1.44,4.35
2011.03.21 03:38:26.096,1.14635,1.14652,1.44,2.85
2011.03.21 03:38:26.428,1.14636,1.14657,1.44,2.63
2011.03.21 03:38:26.536,1.1464,1.14657,1.44,2.63
2011.03.21 03:38:26.887,1.1464,1.14657,1.44,2.63
2011.03.21 03:38:28.217,1.1464,1.14657,1.44,2.63
2011.03.21 03:38:28.768,1.14639,1.14659,1.44,3.75
2011.03.21 03:38:28.878,1.1464,1.14659,1.44,3.75
2011.03.21 03:38:29.317,1.14642,1.14659,1.06,2.25
2011.03.21 03:38:29.429,1.14645,1.14663,1.13,1.60
2011.03.21 03:38:29.538,1.14645,1.14663,1.44,1.98
2011.03.21 03:38:29.867,1.14644,1.14661,1.44,1.13
2011.03.21 03:38:30.089,1.14644,1.14661,1.44,1.13
2011.03.21 03:38:30.638,1.14644,1.14663,1.44,1.23
2011.03.21 03:38:31.187,1.14645,1.14664,1.44,3.10
2011.03.21 03:38:35.389,1.14646,1.14666,1.44,2.85
2011.03.21 03:38:35.609,1.14648,1.14664,1.44,1.13
2011.03.21 03:38:35.885,1.14645,1.14662,1.44,1.50
2011.03.21 03:38:36.218,1.14642,1.14662,1.44,2.63
2011.03.21 03:38:39.828,1.14643,1.14662,1.81,1.50
2011.03.21 03:38:39.939,1.14646,1.14663,1.44,3.00
2011.03.21 03:38:40.268,1.14648,1.14663,1.44,2.25
2011.03.21 03:38:40.378,1.14648,1.14667,1.44,4.73
2011.03.21 03:38:43.357,1.14648,1.14666,1.44,1.73
2011.03.21 03:38:43.687,1.14644,1.14664,1.44,1.50
2011.03.21 03:38:43.917,1.14646,1.14665,1.44,2.63
2011.03.21 03:38:44.686,1.14646,1.14666,1.44,1.35
2011.03.21 03:38:45.212,1.14646,1.14666,1.44,1.35
2011.03.21 03:38:47.026,1.14646,1.14665,1.44,1.13
2011.03.21 03:38:47.358,1.14643,1.14662,1.50,1.13
2011.03.21 03:38:47.597,1.14642,1.14662,1.44,2.25
2011.03.21 03:38:48.037,1.14642,1.14662,1.44,1.50
2011.03.21 03:38:48.146,1.14642,1.14662,1.44,1.50
2011.03.21 03:38:48.477,1.14643,1.14663,1.13,1.50
2011.03.21 03:38:49.065,1.14644,1.14663,1.44,1.50
2011.03.21 03:38:50.997,1.14645,1.14663,1.44,1.50
2011.03.21 03:38:52.998,1.14646,1.14666,1.44,2.48
2011.03.21 03:38:55.938,1.14646,1.14666,1.81,2.10
2011.03.21 03:38:56.048,1.14649,1.14666,2.19,1.35
2011.03.21 03:38:56.159,1.14649,1.14669,2.19,1.50
2011.03.21 03:38:56.608,1.14651,1.14671,1.06,1.50
2011.03.21 03:38:56.937,1.14658,1.14676,1.44,4.50
2011.03.21 03:38:57.487,1.14658,1.14677,1.44,1.60
2011.03.21 03:39:00.137,1.1466,1.14677,1.44,3.85
2011.03.21 03:39:01.028,1.1466,1.14667,1.44,1.50
2011.03.21 03:39:01.358,1.14643,1.14661,1.44,3.00
2011.03.21 03:39:01.469,1.1464,1.14659,1.44,1.50
2011.03.21 03:39:01.697,1.14638,1.1466,1.13,1.50
2011.03.21 03:39:02.247,1.14638,1.14661,1.13,1.50
2011.03.21 03:39:03.458,1.14639,1.14658,1.13,1.50
2011.03.21 03:39:04.007,1.14639,1.14658,1.13,2.25
2011.03.21 03:39:04.558,1.14638,1.14658,1.13,2.25
2011.03.21 03:39:09.727,1.1464,1.14658,1.13,1.50
2011.03.21 03:39:10.319,1.1464,1.14662,1.81,3.75
2011.03.21 03:39:10.432,1.14641,1.14662,1.44,3.00
2011.03.21 03:39:10.659,1.14645,1.14664,1.44,3.00
2011.03.21 03:39:10.880,1.14645,1.14665,1.13,1.50
2011.03.21 03:39:11.221,1.14648,1.14667,1.44,1.50
2011.03.21 03:39:11.872,1.14648,1.14666,1.44,1.50
2011.03.21 03:39:13.659,1.14649,1.14666,1.44,1.50
2011.03.21 03:39:14.218,1.14651,1.14673,1.81,3.00
2011.03.21 03:39:14.329,1.14652,1.14673,1.13,3.00
2011.03.21 03:39:14.656,1.1466,1.14676,1.44,2.25
2011.03.21 03:39:19.517,1.14659,1.14676,1.44,2.25
2011.03.21 03:39:19.737,1.14655,1.14676,2.19,4.50
2011.03.21 03:39:20.402,1.14656,1.14675,1.44,1.50
2011.03.21 03:39:20.857,1.14659,1.14677,1.44,4.13
2011.03.21 03:39:23.747,1.14657,1.14675,1.44,1.50
2011.03.21 03:39:23.968,1.14655,1.14675,1.44,1.50
2011.03.21 03:39:24.408,1.14653,1.14673,1.81,1.50
2011.03.21 03:39:25.068,1.14653,1.14668,1.44,1.50
2011.03.21 03:39:27.346,1.1465,1.14668,1.44,1.50
2011.03.21 03:39:27.677,1.1465,1.14668,1.44,1.50
2011.03.21 03:39:28.227,1.1465,1.1467,1.81,1.50
2011.03.21 03:39:29.201,1.1465,1.1467,1.81,1.50
2011.03.21 03:39:29.971,1.1465,1.1467,1.81,1.50
2011.03.21 03:39:30.521,1.1465,1.1467,1.81,1.50
2011.03.21 03:39:36.241,1.1465,1.1467,1.44,1.50
2011.03.21 03:39:36.797,1.1465,1.1467,1.44,1.50
2011.03.21 03:39:38.221,1.1465,1.1467,1.44,1.50
2011.03.21 03:39:39.407,1.1465,1.1467,1.44,1.50
2011.03.21 03:39:39.957,1.14648,1.14668,1.50,1.50
2011.03.21 03:39:40.286,1.14648,1.14667,1.50,2.25
2011.03.21 03:39:44.007,1.14648,1.14667,1.50,2.63
2011.03.21 03:39:44.447,1.14647,1.14667,2.10,2.63
2011.03.21 03:39:44.997,1.14647,1.14665,1.50,1.88
2011.03.21 03:39:45.328,1.14647,1.14665,1.50,3.00
2011.03.21 03:39:45.657,1.14645,1.14665,1.50,3.00
2011.03.21 03:39:47.666,1.14651,1.14668,1.35,3.38
2011.03.21 03:39:47.889,1.14651,1.14668,1.35,3.75
2011.03.21 03:39:47.998,1.14651,1.14666,1.35,1.13
2011.03.21 03:39:52.077,1.14648,1.14668,2.19,4.50
2011.03.21 03:39:52.187,1.14649,1.14668,1.50,3.00
2011.03.21 03:39:52.736,1.14651,1.1467,1.44,1.13
2011.03.21 03:39:53.621,1.14651,1.1467,1.44,1.13
2011.03.21 03:39:54.256,1.14651,1.1467,1.44,1.13
2011.03.21 03:39:55.051,1.14651,1.1467,1.44,1.13
2011.03.21 03:39:55.758,1.14652,1.14672,1.50,3.00
2011.03.21 03:39:56.088,1.14658,1.14677,1.44,5.10
2011.03.21 03:39:56.418,1.1466,1.14677,1.44,2.10
2011.03.21 03:39:56.748,1.14665,1.14684,1.44,2.25
2011.03.21 03:39:59.170,1.14665,1.14682,1.44,1.13
2011.03.21 03:39:59.726,1.14666,1.14681,1.44,1.13
2011.03.21 03:40:00.309,1.14668,1.14682,1.06,1.50
2011.03.21 03:40:00.419,1.14668,1.14689,2.19,2.25
2011.03.21 03:40:00.671,1.14672,1.14693,1.44,1.13
2011.03.21 03:40:01.118,1.14674,1.14693,2.19,1.13
2011.03.21 03:40:01.449,1.14677,1.14695,1.44,1.13
2011.03.21 03:40:01.559,1.14676,1.14695,1.44,1.13
2011.03.21 03:40:02.330,1.14674,1.1469,1.44,1.13
2011.03.21 03:40:02.889,1.14671,1.14692,1.44,1.50
2011.03.21 03:40:03.637,1.14671,1.14692,1.44,1.50
2011.03.21 03:40:03.748,1.14673,1.14693,1.44,3.00
2011.03.21 03:40:04.317,1.14673,1.14694,1.44,1.50
2011.03.21 03:40:07.027,1.14673,1.14693,1.44,3.00
2011.03.21 03:40:07.138,1.14673,1.1469,1.44,1.13
2011.03.21 03:40:07.247,1.14668,1.14689,2.94,1.13
2011.03.21 03:40:07.577,1.14668,1.14688,2.25,1.50
2011.03.21 03:40:10.456,1.14668,1.14687,2.25,1.50
2011.03.21 03:40:10.789,1.14664,1.14686,4.50,1.13
2011.03.21 03:40:11.120,1.14659,1.14678,2.25,1.13
2011.03.21 03:40:11.352,1.14658,1.14678,2.16,1.13
2011.03.21 03:40:11.907,1.14658,1.14678,2.16,1.13
2011.03.21 03:40:12.467,1.14658,1.14679,2.16,1.88
2011.03.21 03:40:12.688,1.14659,1.14679,1.13,1.50
2011.03.21 03:40:15.127,1.14658,1.14679,2.91,1.50
2011.03.21 03:40:15.236,1.14662,1.14682,1.44,1.50
2011.03.21 03:40:17.307,1.14661,1.14682,1.44,3.75
2011.03.21 03:40:17.747,1.14661,1.1468,1.44,1.50
2011.03.21 03:40:18.078,1.14665,1.1468,1.13,1.50
2011.03.21 03:40:18.518,1.14661,1.1468,1.44,1.50
2011.03.21 03:40:19.469,1.14658,1.1468,1.44,1.50
2011.03.21 03:40:20.456,1.14658,1.1468,1.44,1.50
2011.03.21 03:40:21.558,1.14658,1.14679,1.44,1.13
2011.03.21 03:40:22.184,1.14658,1.14679,1.44,1.13
2011.03.21 03:40:24.359,1.14658,1.14678,1.44,1.50
2011.03.21 03:40:24.467,1.14656,1.14671,1.44,1.13
2011.03.21 03:40:24.580,1.1465,1.1467,3.31,3.00
2011.03.21 03:40:24.702,1.14653,1.14674,1.44,1.88
2011.03.21 03:40:25.038,1.14647,1.14668,1.44,1.13
2011.03.21 03:40:28.788,1.1465,1.1467,1.44,1.13
2011.03.21 03:40:29.358,1.1465,1.1467,1.44,1.13
2011.03.21 03:40:30.128,1.1465,1.14671,1.81,2.25
2011.03.21 03:40:30.458,1.14653,1.14672,1.44,1.50
2011.03.21 03:40:30.898,1.14652,1.14673,1.44,1.50
2011.03.21 03:40:31.619,1.14652,1.14671,1.44,1.13
2011.03.21 03:40:32.310,1.14652,1.14672,1.44,2.25
2011.03.21 03:40:32.432,1.14653,1.14672,1.44,2.25
2011.03.21 03:40:33.047,1.14656,1.14674,1.81,1.50
2011.03.21 03:40:33.598,1.14656,1.14676,1.44,1.50
2011.03.21 03:40:33.818,1.14657,1.14677,1.44,3.00
2011.03.21 03:40:34.040,1.14656,1.14677,1.44,3.38
2011.03.21 03:40:34.598,1.14657,1.14674,1.44,1.50
2011.03.21 03:40:35.478,1.14657,1.14677,1.44,2.25
2011.03.21 03:40:35.698,1.14657,1.14677,1.44,2.25
2011.03.21 03:40:39.927,1.14658,1.14679,3.00,1.50
2011.03.21 03:40:40.576,1.1466,1.14679,1.13,1.50
2011.03.21 03:40:41.330,1.14663,1.14679,1.13,1.50
2011.03.21 03:40:41.548,1.14663,1.14683,3.38,1.50
2011.03.21 03:40:44.702,1.14664,1.14683,3.00,1.88
2011.03.21 03:40:44.927,1.1466,1.14683,2.94,1.88
2011.03.21 03:40:45.040,1.1466,1.14679,2.94,1.50
2011.03.21 03:40:52.094,1.14658,1.14678,3.60,1.13
2011.03.21 03:40:52.208,1.14658,1.14678,1.35,1.13
2011.03.21 03:40:52.980,1.14655,1.14675,3.00,1.13
2011.03.21 03:40:53.098,1.14654,1.14675,2.25,1.13
2011.03.21 03:40:53.648,1.14649,1.14669,4.50,1.50
2011.03.21 03:40:54.737,1.14649,1.14669,4.50,1.50
2011.03.21 03:40:55.286,1.14648,1.14669,4.34,1.50
2011.03.21 03:40:58.360,1.14648,1.14667,4.34,1.13
2011.03.21 03:40:59.009,1.14648,1.14667,2.16,1.13
2011.03.21 03:41:02.118,1.14649,1.1467,1.13,1.50
2011.03.21 03:41:02.446,1.14648,1.14671,2.16,2.25
2011.03.21 03:41:03.537,1.14648,1.14671,2.16,1.50
2011.03.21 03:41:04.197,1.14649,1.14672,4.81,2.63
2011.03.21 03:41:04.527,1.14649,1.14672,1.81,1.13
2011.03.21 03:41:06.437,1.14654,1.14674,3.00,1.50
2011.03.21 03:41:06.658,1.14649,1.14672,1.81,1.13
2011.03.21 03:41:08.328,1.14648,1.14668,4.34,1.50
2011.03.21 03:41:08.548,1.14645,1.14665,1.44,3.00
2011.03.21 03:41:08.767,1.14644,1.14665,1.44,3.00
2011.03.21 03:41:09.165,1.14644,1.14665,1.44,1.88
2011.03.21 03:41:09.716,1.14644,1.14665,1.44,1.88
2011.03.21 03:41:10.878,1.14648,1.14665,1.13,1.50
2011.03.21 03:41:10.988,1.14648,1.14668,1.13,1.13
2011.03.21 03:41:11.319,1.14644,1.14667,1.44,1.13
2011.03.21 03:41:11.428,1.14642,1.14665,1.44,1.88
2011.03.21 03:41:11.538,1.14642,1.14665,1.44,3.00
2011.03.21 03:41:11.649,1.14639,1.14662,2.25,1.13
2011.03.21 03:41:11.868,1.14638,1.14661,5.09,1.13
2011.03.21 03:41:12.637,1.14638,1.14661,1.41,1.13
2011.03.21 03:41:13.569,1.14638,1.14662,1.78,2.63
2011.03.21 03:41:13.677,1.14638,1.14662,2.53,2.63
2011.03.21 03:41:13.898,1.14638,1.14661,2.16,1.13
2011.03.21 03:41:14.117,1.14638,1.14661,2.16,1.13
2011.03.21 03:41:15.797,1.14638,1.1466,2.16,1.13
2011.03.21 03:41:15.908,1.14638,1.14658,2.16,1.13
2011.03.21 03:41:16.457,1.14638,1.14659,2.16,1.13
2011.03.21 03:41:16.897,1.14638,1.14659,2.16,1.13
2011.03.21 03:41:17.116,1.14638,1.14659,2.16,1.13
2011.03.21 03:41:17.696,1.14638,1.14659,2.16,1.13
2011.03.21 03:41:18.319,1.14638,1.14659,2.16,1.13
2011.03.21 03:41:19.436,1.14638,1.14659,2.16,1.13
2011.03.21 03:41:20.368,1.14638,1.14659,2.84,1.13
2011.03.21 03:41:23.856,1.14638,1.14659,2.84,1.13
2011.03.21 03:41:24.527,1.1464,1.14661,1.44,1.50
2011.03.21 03:41:24.748,1.14641,1.14661,1.44,1.50
2011.03.21 03:41:25.078,1.14649,1.14668,1.44,2.25
2011.03.21 03:41:25.297,1.14651,1.14668,1.44,1.50
2011.03.21 03:41:25.629,1.14651,1.1467,1.44,1.88
2011.03.21 03:41:25.739,1.14651,1.14669,1.44,2.63
2011.03.21 03:41:26.067,1.14651,1.14669,1.44,2.63
2011.03.21 03:41:26.178,1.1465,1.14669,1.44,2.63
2011.03.21 03:41:27.299,1.1465,1.14666,1.44,3.38
2011.03.21 03:41:27.628,1.14644,1.14662,1.44,1.13
2011.03.21 03:41:28.178,1.14644,1.14659,1.44,1.13
2011.03.21 03:41:28.290,1.14641,1.14662,1.44,1.50
2011.03.21 03:41:28.628,1.14641,1.14663,2.19,4.50
2011.03.21 03:41:29.130,1.14644,1.14663,1.44,3.75
2011.03.21 03:41:29.479,1.14647,1.14667,1.44,1.50
2011.03.21 03:41:29.589,1.14648,1.14667,1.44,1.50
2011.03.21 03:41:30.717,1.14649,1.14669,1.44,2.25
2011.03.21 03:41:32.077,1.14651,1.14669,1.44,2.25
2011.03.21 03:41:32.408,1.14653,1.14671,1.44,1.50
2011.03.21 03:41:32.738,1.14655,1.14671,1.44,1.50
2011.03.21 03:41:33.286,1.14655,1.14672,1.44,2.25
2011.03.21 03:41:35.127,1.14655,1.14672,1.44,2.63
2011.03.21 03:41:35.457,1.14653,1.14672,1.44,3.75
2011.03.21 03:41:36.226,1.1465,1.14669,1.44,2.25
2011.03.21 03:41:54.058,1.14654,1.14669,1.44,1.50
2011.03.21 03:41:54.606,1.14655,1.14669,1.44,1.50
2011.03.21 03:42:02.338,1.14658,1.14676,2.56,1.13
2011.03.21 03:42:02.558,1.1466,1.1468,1.44,3.10
2011.03.21 03:42:02.887,1.14662,1.1468,2.19,2.35
2011.03.21 03:42:03.439,1.14661,1.14677,1.44,2.35
2011.03.21 03:42:03.768,1.14664,1.14682,1.44,1.50
2011.03.21 03:42:06.029,1.14663,1.1468,1.44,1.13
2011.03.21 03:42:06.249,1.14659,1.14677,1.44,1.13
2011.03.21 03:42:06.358,1.14657,1.14677,1.44,1.13
2011.03.21 03:42:15.479,1.14657,1.14676,1.44,1.13
2011.03.21 03:42:16.898,1.14657,1.14674,1.44,1.13
2011.03.21 03:42:17.118,1.14655,1.14675,2.94,2.25
2011.03.21 03:42:17.668,1.14653,1.14674,1.44,1.50
2011.03.21 03:42:18.218,1.14653,1.14674,1.44,1.50
2011.03.21 03:42:19.539,1.14653,1.14672,1.44,1.13
2011.03.21 03:42:29.587,1.14654,1.14674,1.06,1.50
2011.03.21 03:42:29.698,1.14653,1.14672,2.19,1.13
2011.03.21 03:42:29.808,1.14657,1.14672,2.25,1.13
2011.03.21 03:42:30.028,1.14653,1.14674,1.44,2.25
2011.03.21 03:42:30.468,1.14655,1.14673,1.44,1.13
2011.03.21 03:42:36.986,1.14653,1.14673,2.19,1.13
2011.03.21 03:42:38.829,1.14656,1.14673,1.44,1.13
2011.03.21 03:42:39.157,1.14656,1.14676,1.44,1.50
2011.03.21 03:42:39.707,1.14655,1.14676,4.44,1.50
2011.03.21 03:42:40.720,1.14655,1.14673,3.69,1.13
2011.03.21 03:42:41.059,1.14652,1.14673,3.69,1.88
2011.03.21 03:42:42.839,1.14653,1.14673,1.44,1.13
2011.03.21 03:42:43.169,1.14657,1.14678,1.44,2.63
2011.03.21 03:42:43.498,1.14661,1.14679,1.44,2.10
2011.03.21 03:42:44.047,1.14661,1.14679,1.44,1.35
2011.03.21 03:42:44.659,1.14661,1.1468,1.44,1.35
2011.03.21 03:42:46.737,1.14661,1.14679,1.44,1.73
2011.03.21 03:42:47.068,1.14661,1.14678,1.44,2.25
2011.03.21 03:42:47.179,1.14657,1.14678,3.69,2.25
2011.03.21 03:42:47.287,1.14657,1.14678,2.19,2.25
2011.03.21 03:42:47.947,1.14657,1.14677,2.19,1.13
2011.03.21 03:42:48.497,1.14657,1.14677,2.19,1.88
2011.03.21 03:42:49.057,1.14658,1.14677,1.44,1.88
2011.03.21 03:42:49.647,1.14657,1.14677,2.19,1.88
2011.03.21 03:42:50.539,1.14657,1.14677,1.44,1.88
2011.03.21 03:42:50.977,1.14656,1.14677,2.94,1.13
2011.03.21 03:42:51.200,1.14658,1.14677,2.25,1.13
2011.03.21 03:42:51.757,1.14658,1.14677,1.44,1.88
2011.03.21 03:42:53.439,1.14658,1.14677,1.44,1.50
2011.03.21 03:42:54.027,1.14658,1.14677,2.19,1.50
2011.03.21 03:42:59.688,1.14658,1.14677,1.44,1.50
2011.03.21 03:43:00.018,1.14658,1.14673,1.44,1.13
2011.03.21 03:43:00.127,1.14656,1.14673,1.44,1.13
2011.03.21 03:43:00.788,1.14656,1.14671,1.44,1.13
2011.03.21 03:43:01.415,1.14655,1.14671,1.44,1.13
2011.03.21 03:43:04.737,1.14655,1.14673,1.44,1.13
2011.03.21 03:43:05.288,1.14655,1.14673,1.44,1.13
2011.03.21 03:43:05.617,1.14655,1.14672,1.44,1.13
2011.03.21 03:43:06.829,1.14655,1.14673,1.44,1.13
2011.03.21 03:43:07.928,1.14655,1.1467,1.44,1.13
2011.03.21 03:43:08.476,1.14655,1.1467,1.44,1.13
2011.03.21 03:43:13.367,1.14655,1.1467,1.44,1.13
2011.03.21 03:43:13.741,1.14652,1.1467,2.94,1.13
2011.03.21 03:43:14.082,1.14652,1.14666,1.44,1.13
2011.03.21 03:43:15.299,1.14651,1.14666,1.44,1.50
2011.03.21 03:43:15.969,1.1465,1.14666,1.44,1.50
2011.03.21 03:43:22.176,1.1465,1.14666,1.44,1.50
2011.03.21 03:43:22.753,1.1465,1.14666,1.44,1.50
2011.03.21 03:43:28.017,1.1465,1.14666,1.44,1.13
2011.03.21 03:43:28.458,1.14646,1.14668,2.94,1.88
2011.03.21 03:43:29.597,1.14648,1.14668,1.44,1.50
2011.03.21 03:43:32.639,1.14648,1.14668,1.44,1.50
2011.03.21 03:43:33.200,1.14648,1.14672,1.44,1.88
2011.03.21 03:43:37.286,1.14648,1.14672,1.44,1.88
2011.03.21 03:43:38.618,1.14648,1.1467,1.44,1.13
2011.03.21 03:43:39.167,1.14648,1.14668,1.44,1.50
2011.03.21 03:43:42.467,1.1465,1.14669,1.44,1.50
2011.03.21 03:43:43.019,1.14652,1.14671,1.44,1.50
2011.03.21 03:43:51.298,1.14652,1.1467,1.44,1.13
2011.03.21 03:43:51.628,1.14652,1.1467,1.44,1.50
2011.03.21 03:43:52.517,1.14652,1.1467,1.44,1.50
2011.03.21 03:43:52.847,1.14652,1.14667,1.44,1.13
2011.03.21 03:43:53.446,1.14652,1.14667,1.44,1.13
2011.03.21 03:43:54.216,1.14652,1.14667,1.44,1.13
2011.03.21 03:43:54.656,1.14652,1.14667,1.44,1.13
2011.03.21 03:43:56.889,1.14652,1.14667,1.44,1.13
2011.03.21 03:43:59.698,1.14654,1.14667,1.44,1.13
2011.03.21 03:43:59.918,1.14652,1.14672,1.44,2.10
2011.03.21 03:44:00.467,1.14652,1.14667,2.94,1.13
2011.03.21 03:44:02.279,1.14654,1.14667,3.69,1.13
2011.03.21 03:44:02.498,1.14659,1.14672,1.50,1.13
2011.03.21 03:44:02.608,1.14657,1.14674,1.50,1.13
2011.03.21 03:44:04.789,1.14657,1.14675,1.50,1.50
2011.03.21 03:44:05.007,1.1466,1.14676,1.35,1.13
2011.03.21 03:44:11.131,1.1466,1.14671,1.44,1.13
2011.03.21 03:44:11.257,1.14657,1.14675,1.44,1.13
2011.03.21 03:44:11.809,1.14655,1.14673,1.44,1.35
2011.03.21 03:44:12.030,1.14655,1.14673,1.44,2.10
2011.03.21 03:44:12.247,1.14653,1.14673,1.44,2.10
2011.03.21 03:44:13.276,1.14651,1.14671,1.44,1.50
2011.03.21 03:44:13.758,1.14655,1.14672,1.50,1.13
2011.03.21 03:44:13.977,1.14656,1.14673,1.50,1.13
2011.03.21 03:44:14.088,1.14655,1.14673,2.25,1.13
2011.03.21 03:44:45.699,1.14655,1.14674,2.25,1.50
2011.03.21 03:44:46.247,1.14655,1.14674,5.19,1.50
2011.03.21 03:44:47.477,1.14656,1.14676,1.50,2.25
2011.03.21 03:44:47.921,1.14656,1.14677,5.19,3.38
2011.03.21 03:44:48.589,1.1466,1.14677,2.04,1.50
2011.03.21 03:44:48.698,1.1466,1.14679,4.29,1.50
2011.03.21 03:44:48.918,1.14663,1.14682,3.38,1.50
2011.03.21 03:44:49.247,1.14664,1.14684,1.44,2.25
2011.03.21 03:44:51.047,1.14666,1.14685,1.06,1.50
2011.03.21 03:44:51.271,1.14667,1.14687,1.13,1.50
2011.03.21 03:44:51.500,1.14669,1.14688,1.44,1.13
2011.03.21 03:44:51.718,1.14667,1.14688,1.44,1.88
2011.03.21 03:44:51.830,1.14666,1.14688,1.44,1.88
2011.03.21 03:44:52.389,1.14666,1.14684,1.44,1.13
2011.03.21 03:44:52.829,1.14663,1.14681,1.50,1.13
2011.03.21 03:44:53.398,1.14661,1.14681,3.69,1.13
2011.03.21 03:44:53.947,1.14664,1.14682,2.25,1.50
2011.03.21 03:44:54.169,1.14665,1.14687,4.06,1.50
2011.03.21 03:44:54.499,1.14663,1.14681,2.94,1.88
2011.03.21 03:44:55.707,1.14661,1.14681,2.94,1.88
2011.03.21 03:44:56.268,1.14661,1.14681,3.69,1.88
2011.03.21 03:44:57.087,1.14661,1.14681,2.94,1.88
2011.03.21 03:44:57.639,1.14661,1.14679,2.25,1.50
2011.03.21 03:44:58.081,1.14663,1.14683,2.25,1.50
2011.03.21 03:44:58.309,1.14666,1.14687,1.44,1.50
2011.03.21 03:44:58.857,1.14666,1.14687,1.44,1.50
2011.03.21 03:45:05.628,1.14666,1.14687,1.44,2.25
2011.03.21 03:45:10.918,1.14666,1.14687,1.44,3.00
2011.03.21 03:45:11.028,1.14664,1.14684,1.44,1.50
2011.03.21 03:45:12.997,1.14664,1.14684,1.44,1.50
2011.03.21 03:45:13.547,1.14664,1.14684,1.44,1.50
2011.03.21 03:45:16.238,1.14661,1.14684,1.44,1.88
2011.03.21 03:45:20.488,1.14661,1.14684,1.44,1.88
2011.03.21 03:45:22.908,1.14668,1.14684,2.63,1.50
2011.03.21 03:45:23.129,1.14672,1.14686,2.25,3.00
2011.03.21 03:45:23.240,1.14675,1.14686,1.81,1.50
2011.03.21 03:45:23.350,1.14675,1.14694,1.81,1.35
2011.03.21 03:45:23.907,1.14675,1.14694,1.81,2.85
2011.03.21 03:45:24.497,1.14675,1.14694,1.81,1.35
2011.03.21 03:45:25.067,1.14675,1.14694,1.81,1.35
2011.03.21 03:45:26.609,1.14676,1.14696,1.81,2.25
2011.03.21 03:45:26.718,1.14681,1.14698,1.44,3.10
2011.03.21 03:45:27.394,1.14681,1.14698,1.44,3.10
2011.03.21 03:45:30.589,1.14678,1.14698,1.44,3.10
2011.03.21 03:45:30.809,1.14672,1.14691,3.00,1.13
2011.03.21 03:45:31.357,1.14669,1.14689,2.56,1.50
2011.03.21 03:45:31.467,1.14669,1.14691,3.31,1.88
2011.03.21 03:45:35.917,1.14669,1.14691,1.81,1.50
2011.03.21 03:45:36.357,1.14672,1.14693,1.44,1.88
2011.03.21 03:45:36.577,1.14674,1.14693,1.44,1.88
2011.03.21 03:45:54.006,1.14676,1.14694,1.44,1.35
2011.03.21 03:45:54.556,1.14676,1.14694,1.44,1.35
2011.03.21 03:46:01.707,1.14677,1.14694,1.44,1.35
2011.03.21 03:46:23.599,1.14678,1.14697,1.44,1.88
2011.03.21 03:46:23.820,1.1468,1.14701,1.44,2.25
2011.03.21 03:46:24.488,1.1468,1.14701,1.44,2.25
2011.03.21 03:46:28.947,1.14681,1.14701,1.44,1.50
2011.03.21 03:46:29.279,1.14685,1.14703,1.44,2.63
2011.03.21 03:46:30.158,1.14685,1.14704,1.81,2.25
2011.03.21 03:46:30.487,1.14687,1.14707,1.44,1.50
2011.03.21 03:46:31.040,1.14691,1.14708,1.44,1.50
2011.03.21 03:46:31.488,1.14694,1.14713,1.13,3.10
2011.03.21 03:46:31.819,1.14695,1.14714,1.44,2.25
2011.03.21 03:46:32.260,1.14694,1.14713,1.81,1.50
2011.03.21 03:46:32.490,1.14691,1.14711,1.44,2.63
2011.03.21 03:46:32.720,1.14688,1.1471,1.44,2.25
2011.03.21 03:46:32.941,1.14684,1.14705,2.19,1.88
2011.03.21 03:46:38.928,1.14686,1.14705,1.44,2.25
2011.03.21 03:46:40.558,1.14686,1.14704,1.44,1.13
2011.03.21 03:46:43.779,1.14686,1.14706,1.44,2.63
2011.03.21 03:46:48.439,1.1469,1.14705,1.44,1.13
2011.03.21 03:46:53.748,1.1469,1.14706,1.44,2.25
2011.03.21 03:46:54.298,1.14689,1.14707,1.44,1.50
2011.03.21 03:46:54.818,1.14693,1.14709,1.50,2.85
2011.03.21 03:46:54.938,1.14709,1.14719,1.13,2.25
2011.03.21 03:46:55.052,1.14708,1.14727,2.25,1.50
2011.03.21 03:46:55.400,1.14712,1.14733,1.50,1.50
2011.03.21 03:46:55.619,1.14721,1.14738,1.13,1.60
2011.03.21 03:46:55.840,1.14721,1.14741,1.13,2.25
2011.03.21 03:46:55.948,1.14724,1.14742,1.81,1.35
2011.03.21 03:46:57.178,1.14724,1.14743,1.81,2.25
2011.03.21 03:46:57.287,1.14729,1.14743,1.44,2.25
2011.03.21 03:46:57.617,1.14729,1.14743,1.44,2.25
2011.03.21 03:46:58.181,1.14729,1.14744,1.44,2.25
2011.03.21 03:46:59.497,1.14724,1.14742,1.81,2.25
2011.03.21 03:47:04.248,1.14724,1.1474,1.44,1.13
2011.03.21 03:47:06.494,1.14724,1.14741,1.44,1.35
2011.03.21 03:47:08.872,1.14727,1.14743,1.44,1.13
2011.03.21 03:47:09.208,1.14727,1.14742,1.44,1.73
2011.03.21 03:47:09.318,1.1472,1.14739,2.19,1.35
2011.03.21 03:47:19.317,1.1472,1.14739,1.44,1.13
2011.03.21 03:47:22.328,1.1472,1.14736,1.44,1.13
2011.03.21 03:47:22.640,1.14718,1.14739,1.44,3.00
2011.03.21 03:47:26.177,1.14719,1.14738,1.44,2.10
2011.03.21 03:47:26.757,1.1472,1.14738,1.44,1.35
2011.03.21 03:47:29.188,1.1472,1.14738,1.44,1.35
2011.03.21 03:47:29.737,1.1472,1.14739,1.44,1.35
2011.03.21 03:47:30.287,1.1472,1.14738,1.44,1.35
2011.03.21 03:47:31.188,1.14716,1.14733,1.44,1.13
2011.03.21 03:47:31.298,1.14716,1.14734,1.44,1.13
2011.03.21 03:47:31.410,1.14711,1.1473,2.94,3.00
2011.03.21 03:47:31.851,1.14707,1.14725,2.19,1.13
2011.03.21 03:47:32.080,1.14706,1.14723,1.44,1.13
2011.03.21 03:47:32.201,1.14708,1.14725,1.13,1.50
2011.03.21 03:47:32.321,1.14712,1.14728,1.50,1.13
2011.03.21 03:47:32.438,1.14712,1.1473,1.44,1.13
2011.03.21 03:47:32.910,1.14713,1.14729,1.44,1.13
2011.03.21 03:47:33.021,1.14715,1.14731,1.44,1.50
2011.03.21 03:47:33.142,1.14716,1.14738,1.44,1.13
2011.03.21 03:47:33.479,1.14722,1.14741,1.44,3.75
2011.03.21 03:47:34.137,1.14723,1.14741,1.06,3.00
2011.03.21 03:47:36.029,1.14731,1.14743,1.50,1.35
2011.03.21 03:47:36.250,1.14736,1.14753,1.06,1.65
2011.03.21 03:47:36.798,1.14737,1.14758,1.06,1.88
2011.03.21 03:47:36.909,1.14742,1.14758,1.44,3.00
2011.03.21 03:47:37.130,1.14741,1.14758,1.44,4.50
2011.03.21 03:47:40.283,1.14732,1.14753,3.69,1.88
2011.03.21 03:47:40.399,1.14731,1.14749,1.50,1.50
2011.03.21 03:47:40.510,1.14729,1.14749,4.81,1.50
2011.03.21 03:47:40.861,1.14726,1.14749,2.56,1.50
2011.03.21 03:47:41.439,1.14727,1.14745,2.56,1.50
2011.03.21 03:47:41.879,1.14721,1.14741,2.94,2.25
2011.03.21 03:47:42.319,1.1472,1.1474,1.44,1.50
2011.03.21 03:47:42.538,1.14719,1.1474,1.44,1.50
2011.03.21 03:47:43.099,1.14719,1.1474,1.44,1.50
2011.03.21 03:47:44.908,1.14719,1.14735,1.44,1.13
2011.03.21 03:47:45.238,1.14719,1.1474,1.44,1.50
2011.03.21 03:47:45.457,1.14721,1.1474,1.06,1.50
2011.03.21 03:47:47.159,1.14719,1.1474,2.94,1.50
2011.03.21 03:47:47.378,1.14722,1.14741,1.13,1.50
2011.03.21 03:47:47.708,1.14723,1.14742,1.44,3.00
2011.03.21 03:47:48.037,1.14723,1.14742,1.44,3.00
2011.03.21 03:47:48.479,1.14723,1.14742,1.44,3.00
2011.03.21 03:47:48.986,1.14723,1.14742,1.44,3.00
2011.03.21 03:47:51.807,1.14723,1.14742,1.44,3.00
2011.03.21 03:47:52.057,1.14723,1.14742,1.44,3.00
2011.03.21 03:47:52.498,1.14719,1.14737,1.44,1.50
2011.03.21 03:47:52.830,1.14725,1.14742,1.13,2.25
2011.03.21 03:47:52.950,1.14725,1.14746,1.13,2.10
2011.03.21 03:47:53.059,1.14728,1.14745,1.06,1.50
2011.03.21 03:47:53.621,1.14727,1.14746,1.44,2.85
2011.03.21 03:47:53.739,1.14727,1.14746,1.81,2.85
2011.03.21 03:47:53.850,1.14727,1.14746,1.44,2.85
2011.03.21 03:47:54.298,1.14725,1.14746,1.44,2.85
2011.03.21 03:47:54.628,1.14725,1.14744,1.44,2.25
2011.03.21 03:47:54.958,1.14722,1.14744,1.44,2.25
2011.03.21 03:47:55.508,1.14723,1.14742,1.44,1.50
2011.03.21 03:47:56.207,1.14723,1.14742,1.44,1.50
2011.03.21 03:47:56.427,1.14723,1.1474,1.44,1.50
2011.03.21 03:47:56.648,1.14719,1.1474,1.44,1.50
2011.03.21 03:47:57.197,1.1472,1.1474,1.13,1.50
2011.03.21 03:47:57.747,1.1472,1.14742,1.81,3.60
2011.03.21 03:48:00.807,1.14723,1.14742,1.44,2.85
2011.03.21 03:48:03.157,1.14723,1.14742,1.44,2.85
2011.03.21 03:48:03.709,1.14725,1.14745,1.44,3.00
2011.03.21 03:48:03.819,1.14725,1.14745,1.44,1.50
2011.03.21 03:48:19.769,1.14726,1.14744,1.44,1.13
2011.03.21 03:48:20.539,1.14726,1.1474,1.44,1.50
2011.03.21 03:48:23.628,1.14725,1.1474,1.44,1.50
2011.03.21 03:48:24.547,1.14723,1.14741,1.44,2.25
2011.03.21 03:48:30.440,1.14723,1.1474,1.44,1.50
2011.03.21 03:48:30.988,1.14723,1.1474,1.44,2.25
2011.03.21 03:48:34.028,1.1472,1.1474,2.19,2.25
2011.03.21 03:48:37.759,1.14719,1.14737,2.94,1.50
2011.03.21 03:48:38.289,1.14719,1.14737,2.19,1.50
2011.03.21 03:48:38.618,1.1472,1.14737,1.44,1.50
2011.03.21 03:48:42.397,1.1472,1.14735,1.44,1.50
2011.03.21 03:48:43.168,1.14717,1.14735,1.44,1.50
2011.03.21 03:48:44.628,1.14717,1.14736,2.19,1.50
2011.03.21 03:48:58.038,1.14717,1.14734,2.19,1.50
2011.03.21 03:48:59.278,1.14716,1.14734,2.94,1.50
2011.03.21 03:48:59.827,1.14716,1.14734,1.50,1.50
2011.03.21 03:49:09.960,1.14716,1.14729,1.50,1.50
2011.03.21 03:49:10.189,1.14712,1.14729,2.19,1.50
2011.03.21 03:49:12.019,1.14713,1.14729,1.44,1.50
2011.03.21 03:49:14.727,1.14713,1.14732,1.44,1.13
2011.03.21 03:49:23.640,1.14711,1.14731,1.44,1.50
2011.03.21 03:49:23.968,1.14709,1.1473,2.94,1.13
2011.03.21 03:49:24.080,1.14707,1.14727,1.44,1.13
2011.03.21 03:49:24.189,1.14705,1.14726,1.44,1.13
2011.03.21 03:49:24.299,1.14704,1.14723,1.44,1.50
2011.03.21 03:49:24.518,1.14702,1.14722,3.69,1.50
2011.03.21 03:49:24.958,1.14703,1.14724,1.13,1.50
2011.03.21 03:49:26.582,1.14703,1.14724,1.13,1.50
2011.03.21 03:49:26.919,1.14702,1.14722,1.06,1.50
2011.03.21 03:49:27.138,1.14703,1.14724,3.00,1.50
2011.03.21 03:49:27.468,1.14704,1.14724,1.44,1.50
2011.03.21 03:49:29.029,1.147,1.14719,1.50,1.13
2011.03.21 03:49:29.140,1.14699,1.14719,1.44,1.13
2011.03.21 03:49:29.249,1.14697,1.14719,2.25,1.13
2011.03.21 03:49:29.799,1.14698,1.14716,1.50,1.50
2011.03.21 03:49:30.348,1.14696,1.14716,2.25,1.50
2011.03.21 03:49:31.227,1.14695,1.14714,1.50,1.50
2011.03.21 03:49:31.451,1.14692,1.14713,2.25,1.88
2011.03.21 03:49:31.789,1.14689,1.1471,1.44,1.88
2011.03.21 03:49:32.010,1.1469,1.14709,3.00,2.25
2011.03.21 03:49:32.669,1.14689,1.14711,1.81,2.25
2011.03.21 03:49:32.998,1.14689,1.14708,1.13,1.50
2011.03.21 03:49:35.879,1.14689,1.14708,1.13,1.50
2011.03.21 03:49:37.090,1.14688,1.14707,2.63,1.50
2011.03.21 03:49:37.313,1.14684,1.14704,3.69,1.50
2011.03.21 03:49:37.429,1.14684,1.14704,2.25,2.25
2011.03.21 03:49:37.759,1.14684,1.14703,1.50,1.50
2011.03.21 03:49:37.977,1.14682,1.14703,2.63,2.25
2011.03.21 03:49:38.531,1.14681,1.147,2.19,1.88
2011.03.21 03:49:46.399,1.14678,1.147,1.44,1.88
2011.03.21 03:49:46.620,1.14678,1.14698,1.44,2.25
2011.03.21 03:49:46.842,1.14674,1.14693,2.94,1.13
2011.03.21 03:49:46.958,1.14674,1.14692,1.44,1.13
2011.03.21 03:49:47.068,1.14672,1.14692,1.44,1.88
2011.03.21 03:49:47.178,1.14672,1.14692,1.44,1.88
2011.03.21 03:49:47.289,1.1467,1.14692,2.19,1.13
2011.03.21 03:49:48.057,1.1467,1.1469,2.94,1.50
2011.03.21 03:49:48.608,1.1467,1.1469,1.44,1.88
2011.03.21 03:49:49.051,1.14668,1.1469,2.25,1.13
2011.03.21 03:49:49.280,1.14669,1.1469,1.44,1.13
2011.03.21 03:49:50.491,1.1467,1.14691,1.06,1.50
2011.03.21 03:49:51.157,1.1467,1.14691,1.81,1.50
2011.03.21 03:49:52.797,1.14671,1.14691,1.44,1.50
2011.03.21 03:49:54.140,1.14678,1.14693,1.50,1.50
2011.03.21 03:49:54.250,1.14678,1.14698,2.25,4.23
2011.03.21 03:49:54.360,1.14683,1.147,1.50,1.50
2011.03.21 03:49:54.468,1.14685,1.14701,1.44,4.13
2011.03.21 03:49:54.578,1.14685,1.14701,1.44,2.63
2011.03.21 03:49:54.688,1.14685,1.14704,2.19,3.00
2011.03.21 03:49:55.359,1.14685,1.14704,1.44,1.50
2011.03.21 03:49:55.470,1.14685,1.14702,1.44,2.25
2011.03.21 03:49:55.690,1.1468,1.147,4.44,1.50
2011.03.21 03:49:55.908,1.14679,1.147,1.44,2.25
2011.03.21 03:49:56.568,1.14678,1.14699,2.94,1.50
2011.03.21 03:49:56.678,1.14678,1.14699,2.94,3.00
2011.03.21 03:49:57.228,1.14675,1.14695,2.94,1.50
2011.03.21 03:49:58.310,1.14675,1.14693,1.44,1.13
2011.03.21 03:49:58.528,1.14675,1.14694,4.44,1.13
2011.03.21 03:49:58.858,1.14675,1.14693,1.44,1.13
2011.03.21 03:50:08.117,1.14675,1.14693,1.44,1.13
2011.03.21 03:50:08.690,1.14675,1.14693,1.44,1.13
2011.03.21 03:50:09.237,1.14675,1.14693,1.44,1.13
2011.03.21 03:50:09.457,1.14675,1.14693,1.44,1.13
2011.03.21 03:50:13.486,1.14675,1.14693,1.44,1.13
2011.03.21 03:50:13.877,1.14675,1.14693,1.44,1.13
2011.03.21 03:50:16.448,1.14675,1.14695,1.44,1.50
2011.03.21 03:50:17.299,1.14675,1.14694,1.44,2.25
2011.03.21 03:50:17.959,1.14674,1.14692,1.06,2.25
2011.03.21 03:50:18.287,1.14674,1.14692,1.06,2.25
2011.03.21 03:50:19.318,1.14674,1.14692,1.06,2.25
2011.03.21 03:50:20.525,1.14674,1.14692,1.06,2.25
2011.03.21 03:50:21.030,1.14674,1.14692,1.06,2.25
2011.03.21 03:50:34.275,1.14674,1.14693,1.06,1.50
2011.03.21 03:50:34.609,1.14674,1.14693,1.44,1.50
2011.03.21 03:50:34.832,1.14677,1.14698,1.06,4.50
2011.03.21 03:50:35.498,1.14677,1.14697,1.06,2.25
2011.03.21 03:50:37.367,1.14678,1.14697,1.44,2.25
2011.03.21 03:51:00.645,1.14678,1.14697,1.44,2.25
2011.03.21 03:51:08.899,1.14678,1.14697,1.44,2.25
2011.03.21 03:51:29.773,1.14678,1.14697,1.44,2.25
2011.03.21 03:51:32.238,1.14679,1.14697,1.44,2.25
2011.03.21 03:51:47.158,1.14678,1.14694,1.44,1.13
2011.03.21 03:51:50.358,1.14678,1.14694,1.44,1.13
2011.03.21 03:51:54.317,1.14674,1.14693,1.44,1.13
2011.03.21 03:51:54.538,1.14674,1.14693,1.44,2.63
2011.03.21 03:51:57.678,1.14674,1.14693,1.44,2.63
2011.03.21 03:51:58.358,1.14674,1.14693,1.44,2.63
2011.03.21 03:52:00.778,1.1467,1.14691,1.44,1.88
2011.03.21 03:52:16.129,1.14674,1.14693,1.13,2.25
2011.03.21 03:52:16.350,1.14675,1.14694,1.13,1.50
2011.03.21 03:52:16.678,1.14681,1.147,1.44,2.25
2011.03.21 03:52:24.908,1.14681,1.147,1.44,2.25
2011.03.21 03:52:25.128,1.14684,1.14703,1.44,2.25
2011.03.21 03:52:25.677,1.14688,1.14705,1.44,2.25
2011.03.21 03:52:26.228,1.14688,1.14705,1.44,2.25
2011.03.21 03:52:28.978,1.14688,1.14708,1.81,3.00
2011.03.21 03:52:30.108,1.14688,1.14708,1.81,3.00
2011.03.21 03:52:30.990,1.14688,1.14708,1.81,3.00
2011.03.21 03:52:31.668,1.14688,1.14708,1.81,3.00
2011.03.21 03:52:32.877,1.14688,1.14708,1.44,3.00
2011.03.21 03:52:34.199,1.14688,1.14708,1.44,3.00
2011.03.21 03:52:34.748,1.14688,1.14706,1.44,2.25
2011.03.21 03:52:35.519,1.14688,1.14706,1.44,2.25
2011.03.21 03:52:37.239,1.14688,1.14706,1.44,3.00
2011.03.21 03:52:37.678,1.14688,1.14706,1.44,3.00
2011.03.21 03:52:38.010,1.14688,1.14701,1.44,3.00
2011.03.21 03:52:38.120,1.14684,1.147,1.44,1.13
2011.03.21 03:52:38.231,1.14683,1.147,1.44,1.13
2011.03.21 03:52:38.790,1.14684,1.14701,1.06,3.75
2011.03.21 03:52:42.658,1.14683,1.14702,1.44,2.63
2011.03.21 03:52:42.991,1.14685,1.14704,1.50,1.50
2011.03.21 03:52:43.223,1.14694,1.14708,1.13,1.50
2011.03.21 03:52:43.472,1.14694,1.14715,2.48,2.25
2011.03.21 03:52:43.708,1.14697,1.14715,1.44,2.25
2011.03.21 03:52:44.318,1.14697,1.14715,1.44,2.25
2011.03.21 03:52:44.855,1.14697,1.14715,1.44,2.25
2011.03.21 03:52:47.139,1.14697,1.14715,1.44,2.25
2011.03.21 03:52:47.358,1.14697,1.14715,1.44,2.25
2011.03.21 03:52:47.907,1.14697,1.14715,1.44,2.25
2011.03.21 03:52:48.349,1.14697,1.14715,1.44,2.25
2011.03.21 03:52:49.337,1.14697,1.14715,1.44,2.25
2011.03.21 03:52:49.668,1.14697,1.14715,1.44,2.25
2011.03.21 03:52:50.218,1.14699,1.14716,1.06,2.25
2011.03.21 03:52:50.659,1.14698,1.14716,1.06,4.13
2011.03.21 03:52:50.988,1.14695,1.14715,1.06,2.25
2011.03.21 03:52:54.344,1.14696,1.14715,1.13,1.50
2011.03.21 03:52:54.682,1.14699,1.14718,3.75,1.50
2011.03.21 03:52:54.799,1.14703,1.14722,3.38,1.50
2011.03.21 03:52:54.910,1.14704,1.14723,3.75,1.98
2011.03.21 03:52:57.099,1.14704,1.1472,1.44,1.50
2011.03.21 03:52:57.209,1.14704,1.1472,1.06,2.25
2011.03.21 03:52:57.429,1.14697,1.14717,1.81,2.25
2011.03.21 03:52:57.538,1.14697,1.14717,1.06,3.00
2011.03.21 03:52:58.090,1.14697,1.14713,1.06,1.50
2011.03.21 03:53:08.750,1.14693,1.14712,1.06,1.50
2011.03.21 03:53:09.137,1.14693,1.14712,1.06,1.50
2011.03.21 03:53:09.468,1.14693,1.14712,1.44,1.50
2011.03.21 03:53:09.580,1.14699,1.14713,2.63,1.50
2011.03.21 03:53:09.799,1.14699,1.14719,3.38,1.50
2011.03.21 03:53:10.019,1.14701,1.14722,4.44,3.00
2011.03.21 03:53:10.128,1.14703,1.14722,1.06,3.00
2011.03.21 03:53:10.679,1.14703,1.14722,1.06,3.00
2011.03.21 03:53:11.778,1.14703,1.14722,1.06,2.25
2011.03.21 03:53:12.318,1.14703,1.14722,1.06,3.00
2011.03.21 03:53:12.868,1.14703,1.14722,1.06,3.00
2011.03.21 03:53:13.758,1.14703,1.14722,1.06,2.25
2011.03.21 03:53:15.188,1.14703,1.14722,1.06,3.00
2011.03.21 03:53:15.737,1.14701,1.14719,3.31,1.50
2011.03.21 03:53:16.628,1.14699,1.1472,1.06,3.00
2011.03.21 03:53:17.188,1.14699,1.1472,1.06,3.00
2011.03.21 03:53:17.628,1.14699,1.1472,1.06,3.00
2011.03.21 03:53:18.068,1.14699,1.1472,1.06,3.00
2011.03.21 03:53:27.539,1.14698,1.14719,1.44,1.13
2011.03.21 03:53:29.458,1.14698,1.14719,2.19,2.25
2011.03.21 03:53:32.414,1.14699,1.14721,1.44,4.13
2011.03.21 03:53:35.908,1.14699,1.1472,1.44,1.50
2011.03.21 03:53:36.238,1.14699,1.1472,1.44,1.50
2011.03.21 03:53:37.569,1.14697,1.14718,1.44,1.50
2011.03.21 03:53:37.900,1.14697,1.14717,1.44,1.50
2011.03.21 03:53:38.009,1.14696,1.14715,1.13,1.50
2011.03.21 03:53:38.270,1.14695,1.14715,1.13,1.50
2011.03.21 03:53:38.488,1.14695,1.14715,3.38,1.50
2011.03.21 03:53:39.929,1.14695,1.14713,2.63,1.50
2011.03.21 03:53:40.261,1.14695,1.14711,3.00,1.50
2011.03.21 03:53:40.710,1.14694,1.14715,3.38,2.25
2011.03.21 03:53:43.084,1.14694,1.14715,3.38,1.50
2011.03.21 03:53:44.300,1.14694,1.14713,2.25,1.50
2011.03.21 03:53:44.739,1.14691,1.1471,1.81,1.50
2011.03.21 03:53:45.888,1.1469,1.14711,1.44,2.25
2011.03.21 03:53:46.508,1.14691,1.14711,1.44,1.50
2011.03.21 03:53:46.840,1.1469,1.14709,1.44,1.50
2011.03.21 03:53:50.648,1.14691,1.14711,1.44,1.50
2011.03.21 03:53:51.198,1.14693,1.14712,1.44,1.50
2011.03.21 03:53:51.310,1.14695,1.14715,1.81,1.50
2011.03.21 03:53:51.639,1.14696,1.14717,1.81,1.50
2011.03.21 03:53:51.970,1.14701,1.1472,1.44,1.50
2011.03.21 03:53:52.078,1.14702,1.14722,1.44,3.38
2011.03.21 03:53:52.627,1.14701,1.14721,2.19,1.50
2011.03.21 03:53:53.319,1.14701,1.1472,1.44,1.50
2011.03.21 03:53:53.871,1.14699,1.14719,1.44,1.50
2011.03.21 03:54:01.149,1.14701,1.1472,1.44,1.50
2011.03.21 03:54:27.589,1.14699,1.1472,2.19,1.50
2011.03.21 03:54:39.778,1.14701,1.1472,1.44,1.50
2011.03.21 03:54:40.823,1.14699,1.1472,2.19,1.50
2011.03.21 03:54:41.677,1.14699,1.14718,1.44,1.50
2011.03.21 03:54:42.998,1.14698,1.14716,1.44,1.50
2011.03.21 03:54:43.109,1.14696,1.14715,2.94,1.50
2011.03.21 03:54:43.328,1.14696,1.14712,1.50,3.00
2011.03.21 03:54:43.439,1.14693,1.14712,1.81,3.00
2011.03.21 03:54:44.778,1.14691,1.14712,1.13,3.00
2011.03.21 03:54:45.327,1.1469,1.14711,1.81,1.50
2011.03.21 03:54:46.680,1.1469,1.14711,1.44,1.50
2011.03.21 03:54:47.009,1.1469,1.14711,1.44,1.50
2011.03.21 03:54:47.228,1.14689,1.14711,2.56,1.50
2011.03.21 03:54:48.929,1.1469,1.14712,1.44,3.00
2011.03.21 03:54:49.148,1.1469,1.14711,1.44,1.50
2011.03.21 03:54:49.700,1.14689,1.14711,1.81,1.50
2011.03.21 03:54:56.416,1.14689,1.14709,1.44,1.50
2011.03.21 03:54:56.969,1.14691,1.14712,1.44,3.38
2011.03.21 03:54:57.080,1.1469,1.14712,1.44,3.38
2011.03.21 03:54:57.624,1.14691,1.14713,1.44,1.88
2011.03.21 03:54:58.393,1.14692,1.14713,1.44,1.88
2011.03.21 03:54:58.729,1.14694,1.14714,1.44,2.25
2011.03.21 03:54:58.949,1.14693,1.14715,2.19,1.50
2011.03.21 03:54:59.500,1.14695,1.14716,1.44,1.50
2011.03.21 03:55:01.910,1.14696,1.14716,1.06,1.50
2011.03.21 03:55:02.240,1.14697,1.14718,1.81,2.95
2011.03.21 03:55:02.458,1.14697,1.14718,1.81,2.95
2011.03.21 03:55:02.899,1.14701,1.14723,1.13,1.50
2011.03.21 03:55:03.228,1.14701,1.14722,1.13,1.50
2011.03.21 03:55:03.779,1.14701,1.1472,2.19,1.50
2011.03.21 03:55:07.889,1.14699,1.1472,1.44,1.50
2011.03.21 03:55:27.907,1.147,1.1472,1.44,2.25
2011.03.21 03:55:28.680,1.14699,1.14719,2.19,1.50
2011.03.21 03:55:32.280,1.14696,1.14719,1.81,1.50
2011.03.21 03:55:32.830,1.14696,1.14717,1.44,1.88
2011.03.21 03:55:33.428,1.14695,1.14715,1.44,1.50
2011.03.21 03:55:34.223,1.14695,1.14716,1.44,1.50
2011.03.21 03:55:34.828,1.14694,1.14715,1.44,1.50
2011.03.21 03:55:35.428,1.14694,1.14715,2.19,1.50
2011.03.21 03:55:39.439,1.14694,1.14715,2.19,1.50
2011.03.21 03:55:41.290,1.14698,1.14717,1.44,1.88
2011.03.21 03:55:41.400,1.14698,1.14717,1.44,1.50
2011.03.21 03:55:45.999,1.147,1.14719,1.44,1.50
2011.03.21 03:55:53.939,1.14699,1.14716,1.44,2.63
2011.03.21 03:55:54.489,1.14699,1.14718,1.44,3.38
2011.03.21 03:55:55.809,1.14699,1.14718,1.44,2.63
2011.03.21 03:55:55.918,1.14703,1.14722,1.44,3.75
2011.03.21 03:55:56.031,1.14703,1.14722,1.44,3.00
2011.03.21 03:55:56.359,1.14704,1.14724,1.44,1.13
2011.03.21 03:55:56.471,1.14704,1.14726,1.44,2.10
2011.03.21 03:55:56.799,1.14706,1.14728,1.44,1.23
2011.03.21 03:55:57.349,1.1471,1.14728,1.44,1.23
2011.03.21 03:55:57.679,1.14707,1.14726,1.44,1.13
2011.03.21 03:55:58.279,1.14704,1.14725,1.44,1.50
2011.03.21 03:55:59.510,1.14704,1.14725,1.44,1.50
2011.03.21 03:55:59.839,1.14702,1.14723,1.44,1.88
2011.03.21 03:56:00.392,1.14702,1.1472,1.44,1.13
2011.03.21 03:56:02.168,1.14698,1.1472,1.81,1.50
2011.03.21 03:56:02.391,1.14697,1.14716,3.00,2.63
2011.03.21 03:56:02.948,1.14693,1.14715,1.44,2.25
2011.03.21 03:56:03.059,1.14694,1.14711,1.44,1.13
2011.03.21 03:56:03.278,1.14691,1.1471,1.50,1.13
2011.03.21 03:56:03.499,1.1469,1.14708,1.13,1.50
2011.03.21 03:56:03.828,1.1469,1.14708,1.13,1.50
2011.03.21 03:56:06.000,1.14689,1.14708,3.00,1.50
2011.03.21 03:56:08.779,1.14686,1.14708,1.44,1.50
2011.03.21 03:56:09.001,1.1469,1.14711,1.44,3.38
2011.03.21 03:56:10.529,1.1469,1.14712,4.66,1.50
2011.03.21 03:56:10.639,1.14694,1.14714,1.44,1.88
2011.03.21 03:56:13.688,1.14696,1.14717,2.19,1.13
2011.03.21 03:56:14.128,1.14697,1.14718,1.44,3.38
2011.03.21 03:56:15.228,1.14697,1.14718,1.44,3.38
2011.03.21 03:56:18.550,1.14698,1.14718,1.44,3.38
2011.03.21 03:56:18.990,1.14699,1.14718,2.19,1.13
2011.03.21 03:56:21.338,1.14699,1.14717,1.44,1.13
2011.03.21 03:56:21.670,1.14699,1.14712,1.44,1.50
2011.03.21 03:56:22.325,1.14697,1.14713,1.44,1.50
2011.03.21 03:56:22.551,1.14694,1.14711,1.44,1.50
2011.03.21 03:56:22.770,1.14691,1.1471,1.44,1.13
2011.03.21 03:56:22.989,1.14687,1.14707,2.19,1.13
2011.03.21 03:56:23.210,1.14686,1.14706,1.44,1.50
2011.03.21 03:56:23.539,1.14686,1.14706,1.44,1.13
2011.03.21 03:56:28.409,1.14685,1.14706,1.44,1.88
2011.03.21 03:56:28.849,1.14686,1.14706,1.44,1.13
2011.03.21 03:56:29.182,1.1469,1.14707,1.50,1.50
2011.03.21 03:56:29.411,1.1469,1.14713,1.44,1.50
2011.03.21 03:56:29.529,1.14691,1.14713,1.88,1.50
2011.03.21 03:56:29.859,1.14694,1.14715,1.44,1.50
2011.03.21 03:56:32.740,1.14697,1.14718,1.13,2.25
2011.03.21 03:56:33.071,1.14699,1.14721,1.44,1.88
2011.03.21 03:56:33.408,1.147,1.1472,1.44,1.50
2011.03.21 03:56:34.069,1.147,1.1472,1.44,1.50
2011.03.21 03:56:34.730,1.14699,1.14719,1.44,1.50
2011.03.21 03:56:35.325,1.14699,1.14718,1.44,1.50
2011.03.21 03:56:36.278,1.14699,1.14718,1.44,1.88
2011.03.21 03:56:36.608,1.14695,1.14717,2.19,1.13
2011.03.21 03:56:37.198,1.14695,1.14715,2.19,1.50
2011.03.21 03:56:37.749,1.14695,1.14716,2.19,1.88
2011.03.21 03:56:40.512,1.14694,1.14715,1.81,1.50
2011.03.21 03:56:40.960,1.14694,1.14713,1.06,1.50
2011.03.21 03:56:41.400,1.1469,1.14711,1.44,1.50
2011.03.21 03:56:41.618,1.14687,1.14708,5.19,1.50
2011.03.21 03:56:42.138,1.14687,1.14708,4.44,1.50
2011.03.21 03:56:48.478,1.14687,1.14707,3.69,1.50
2011.03.21 03:56:58.118,1.14685,1.14707,4.88,1.50
2011.03.21 03:57:01.744,1.14686,1.14707,2.19,1.50
2011.03.21 03:57:01.861,1.14687,1.14708,1.44,1.50
2011.03.21 03:57:16.229,1.14689,1.14708,1.06,1.50
2011.03.21 03:57:19.729,1.14688,1.14708,1.06,1.50
2011.03.21 03:57:24.039,1.14689,1.14708,1.06,1.50
2011.03.21 03:57:25.090,1.14687,1.14707,1.44,1.13
2011.03.21 03:57:26.659,1.14687,1.14707,1.44,1.13
2011.03.21 03:57:27.438,1.14687,1.14707,1.44,1.13
2011.03.21 03:57:30.110,1.14684,1.14707,1.44,2.63
2011.03.21 03:57:30.329,1.14684,1.14707,1.44,2.63
2011.03.21 03:57:30.659,1.14685,1.14705,1.44,1.50
2011.03.21 03:57:33.329,1.14686,1.14705,1.06,1.50
2011.03.21 03:57:33.549,1.14687,1.14706,1.13,2.25
2011.03.21 03:57:38.140,1.14689,1.14706,1.13,1.50
2011.03.21 03:57:38.360,1.14685,1.14705,2.63,1.50
2011.03.21 03:57:39.241,1.14685,1.14705,4.88,1.50
2011.03.21 03:57:40.492,1.14686,1.14707,1.50,2.25
2011.03.21 03:57:40.617,1.14687,1.14705,2.63,1.50
2011.03.21 03:57:41.168,1.14689,1.14707,1.13,1.50
2011.03.21 03:57:41.609,1.14689,1.14709,1.13,1.50
2011.03.21 03:57:42.496,1.14688,1.14709,4.50,1.50
2011.03.21 03:57:42.719,1.14687,1.14707,1.44,1.50
2011.03.21 03:57:42.829,1.14686,1.14707,1.06,1.50
2011.03.21 03:57:46.148,1.14687,1.14707,1.06,1.50
2011.03.21 03:57:47.700,1.14687,1.14709,2.56,1.50
2011.03.21 03:57:48.139,1.14691,1.14713,1.44,1.88
2011.03.21 03:57:48.578,1.14691,1.14711,1.44,1.13
2011.03.21 03:57:49.961,1.14693,1.14713,1.06,1.50
2011.03.21 03:57:50.192,1.14694,1.14715,1.81,2.25
2011.03.21 03:57:50.761,1.14696,1.14715,1.44,1.50
2011.03.21 03:57:50.883,1.147,1.1472,1.44,1.50
2011.03.21 03:57:51.442,1.147,1.1472,1.44,1.50
2011.03.21 03:57:53.260,1.147,1.14713,1.44,1.13
2011.03.21 03:57:53.370,1.14699,1.14718,1.44,3.00
2011.03.21 03:57:53.481,1.14699,1.14717,1.44,3.00
2011.03.21 03:57:54.038,1.14697,1.14718,1.44,1.50
2011.03.21 03:57:59.591,1.14697,1.14718,1.44,1.50
2011.03.21 03:57:59.809,1.14699,1.14719,1.44,1.50
2011.03.21 03:58:00.029,1.14697,1.14718,1.44,1.50
2011.03.21 03:58:07.190,1.14697,1.14718,1.81,1.50
2011.03.21 03:58:07.739,1.147,1.1472,1.06,1.50
2011.03.21 03:58:17.810,1.147,1.1472,1.06,1.50
2011.03.21 03:58:18.360,1.14697,1.14718,1.44,1.88
2011.03.21 03:58:18.801,1.14694,1.14715,3.31,1.50
2011.03.21 03:58:19.710,1.14697,1.14715,1.13,1.50
2011.03.21 03:58:19.964,1.14699,1.14719,1.13,1.50
