2016.10.19 09:00:00.538,1.1376,1.13763,1.87,1.00
2016.10.19 09:00:00.591,1.1376,1.13764,1.50,1.00
2016.10.19 09:00:00.692,1.1376,1.13765,1.00,1.50
2016.10.19 09:00:00.744,1.13759,1.13765,3.56,1.00
2016.10.19 09:00:00.845,1.13759,1.13765,2.81,1.00
2016.10.19 09:00:00.896,1.13759,1.13765,2.06,1.50
2016.10.19 09:00:00.947,1.13759,1.13765,2.06,1.00
2016.10.19 09:00:00.999,1.13759,1.13765,2.06,1.50
2016.10.19 09:00:01.050,1.13759,1.13765,2.06,1.00
2016.10.19 09:00:01.101,1.13759,1.13765,2.06,1.50
2016.10.19 09:00:01.417,1.13759,1.13765,2.06,1.00
2016.10.19 09:00:01.468,1.13759,1.13764,1.87,1.00
2016.10.19 09:00:01.520,1.13759,1.13766,1.87,1.50
2016.10.19 09:00:01.571,1.13759,1.13765,1.87,1.00
2016.10.19 09:00:01.622,1.13759,1.13766,1.87,1.50
2016.10.19 09:00:01.673,1.13759,1.13765,1.87,1.00
2016.10.19 09:00:01.724,1.13759,1.13766,1.12,1.50
2016.10.19 09:00:01.835,1.13759,1.13765,1.12,1.00
2016.10.19 09:00:02.256,1.13759,1.13763,1.12,1.00
2016.10.19 09:00:02.309,1.13759,1.13763,1.31,1.00
2016.10.19 09:00:02.769,1.13759,1.13764,1.25,1.00
2016.10.19 09:00:02.871,1.13759,1.1376,1.50,1.00
2016.10.19 09:00:03.133,1.13757,1.1376,1.37,1.00
2016.10.19 09:00:03.184,1.13756,1.13759,1.00,1.00
2016.10.19 09:00:03.292,1.13756,1.1376,1.00,1.50
2016.10.19 09:00:03.370,1.13755,1.13759,1.20,1.00
2016.10.19 09:00:03.421,1.13755,1.1376,1.12,1.00
2016.10.19 09:00:03.472,1.13755,1.1376,2.81,1.50
2016.10.19 09:00:03.523,1.13755,1.1376,3.56,1.00
2016.10.19 09:00:03.574,1.13755,1.1376,3.94,1.00
2016.10.19 09:00:03.625,1.13758,1.1376,1.12,1.50
2016.10.19 09:00:03.676,1.13758,1.1376,1.12,1.00
2016.10.19 09:00:03.968,1.13758,1.13764,2.62,1.50
2016.10.19 09:00:04.019,1.13758,1.13764,3.00,1.00
2016.10.19 09:00:04.458,1.13758,1.13764,2.62,1.00
2016.10.19 09:00:04.509,1.13758,1.13764,2.25,1.00
2016.10.19 09:00:04.561,1.13758,1.13764,1.50,1.00
2016.10.19 09:00:04.662,1.13758,1.13764,2.25,1.00
2016.10.19 09:00:04.764,1.13758,1.13764,1.50,1.00
2016.10.19 09:00:04.865,1.13757,1.13764,4.69,1.00
2016.10.19 09:00:05.685,1.13757,1.13764,3.94,1.00
2016.10.19 09:00:05.786,1.13757,1.13764,4.69,1.00
2016.10.19 09:00:06.142,1.13757,1.13764,4.31,1.00
2016.10.19 09:00:06.215,1.13757,1.13763,1.87,1.00
2016.10.19 09:00:06.266,1.13756,1.13761,1.37,1.00
2016.10.19 09:00:06.318,1.13755,1.1376,3.00,1.00
2016.10.19 09:00:06.369,1.13755,1.13759,2.62,1.00
2016.10.19 09:00:06.420,1.13755,1.1376,1.87,1.50
2016.10.19 09:00:06.471,1.13755,1.1376,1.00,1.50
2016.10.19 09:00:06.813,1.13754,1.1376,1.87,1.50
2016.10.19 09:00:06.864,1.13754,1.13761,2.25,1.50
2016.10.19 09:00:06.966,1.13756,1.1376,1.00,1.00
2016.10.19 09:00:07.068,1.13756,1.13761,1.00,1.50
2016.10.19 09:00:07.119,1.13756,1.1376,1.00,1.00
2016.10.19 09:00:07.170,1.13756,1.13761,1.00,1.50
2016.10.19 09:00:07.221,1.13756,1.1376,1.00,1.00
2016.10.19 09:00:07.820,1.13755,1.13761,2.62,1.69
2016.10.19 09:00:08.114,1.13755,1.1376,2.62,1.00
2016.10.19 09:00:08.615,1.13755,1.13761,2.62,1.50
2016.10.19 09:00:08.666,1.13755,1.1376,2.62,1.00
2016.10.19 09:00:08.717,1.13755,1.13761,2.62,1.50
2016.10.19 09:00:08.768,1.13755,1.1376,3.75,1.00
2016.10.19 09:00:08.819,1.13755,1.13761,3.75,1.50
2016.10.19 09:00:08.870,1.13755,1.13761,2.25,1.50
2016.10.19 09:00:09.076,1.13755,1.1376,2.25,1.00
2016.10.19 09:00:09.570,1.13755,1.1376,1.50,1.00
2016.10.19 09:00:09.622,1.13755,1.1376,1.00,1.50
2016.10.19 09:00:09.673,1.13756,1.1376,1.00,1.50
2016.10.19 09:00:09.775,1.13755,1.13759,1.00,1.00
2016.10.19 09:00:09.930,1.13754,1.13758,3.00,1.00
2016.10.19 09:00:09.981,1.13754,1.13758,1.12,1.00
2016.10.19 09:00:10.032,1.13753,1.13758,1.50,1.00
2016.10.19 09:00:10.083,1.13752,1.13758,4.50,1.00
2016.10.19 09:00:10.134,1.13752,1.13758,3.75,1.00
2016.10.19 09:00:10.185,1.13752,1.13758,3.00,1.50
2016.10.19 09:00:10.236,1.13752,1.13758,1.50,1.50
2016.10.19 09:00:10.591,1.13752,1.13758,1.87,1.00
2016.10.19 09:00:10.642,1.13752,1.13758,1.50,1.00
2016.10.19 09:00:11.111,1.13752,1.13756,1.50,1.00
2016.10.19 09:00:11.176,1.13751,1.13755,1.50,1.00
2016.10.19 09:00:11.227,1.13751,1.13756,1.00,1.50
2016.10.19 09:00:11.605,1.13751,1.13755,1.00,1.00
2016.10.19 09:00:11.708,1.13751,1.13756,1.00,1.50
2016.10.19 09:00:11.862,1.13751,1.13755,1.00,1.00
2016.10.19 09:00:12.387,1.13751,1.13756,1.00,1.69
2016.10.19 09:00:12.924,1.13751,1.13755,1.00,1.00
2016.10.19 09:00:13.026,1.13751,1.13756,1.00,1.69
2016.10.19 09:00:13.077,1.1375,1.13755,1.50,1.00
2016.10.19 09:00:13.179,1.1375,1.13755,1.00,1.00
2016.10.19 09:00:13.230,1.1375,1.13756,1.00,1.50
2016.10.19 09:00:13.337,1.1375,1.13755,1.00,1.00
2016.10.19 09:00:13.695,1.1375,1.13756,1.00,1.50
2016.10.19 09:00:13.745,1.1375,1.13755,1.00,1.00
2016.10.19 09:00:13.928,1.1375,1.13756,1.00,1.50
2016.10.19 09:00:14.076,1.1375,1.13755,1.00,1.00
2016.10.19 09:00:14.127,1.1375,1.13756,1.00,1.50
2016.10.19 09:00:14.178,1.1375,1.13755,1.00,1.00
2016.10.19 09:00:14.648,1.1375,1.13755,1.00,1.50
2016.10.19 09:00:14.699,1.1375,1.13755,1.00,1.00
2016.10.19 09:00:14.751,1.1375,1.13755,1.00,1.50
2016.10.19 09:00:15.005,1.1375,1.13755,1.00,1.00
2016.10.19 09:00:15.076,1.1375,1.13755,1.00,1.50
2016.10.19 09:00:15.181,1.1375,1.13755,1.00,1.00
2016.10.19 09:00:15.232,1.1375,1.13755,1.00,1.50
2016.10.19 09:00:15.283,1.1375,1.13755,1.00,1.00
2016.10.19 09:00:15.973,1.13751,1.13757,1.50,1.50
2016.10.19 09:00:16.026,1.13751,1.13758,2.62,1.50
2016.10.19 09:00:16.078,1.13752,1.13759,1.87,2.06
2016.10.19 09:00:16.129,1.13752,1.13759,1.87,1.25
2016.10.19 09:00:16.190,1.13752,1.13756,1.37,1.00
2016.10.19 09:00:16.292,1.1375,1.13756,1.12,1.00
2016.10.19 09:00:16.344,1.1375,1.13756,1.00,1.00
2016.10.19 09:00:16.395,1.1375,1.13755,1.00,1.25
2016.10.19 09:00:16.446,1.1375,1.13755,1.00,1.25
2016.10.19 09:00:16.497,1.1375,1.13755,1.00,1.69
2016.10.19 09:00:16.759,1.13748,1.13755,1.87,1.69
2016.10.19 09:00:16.810,1.13748,1.13755,1.37,1.91
2016.10.19 09:00:16.861,1.13748,1.13755,1.37,3.41
2016.10.19 09:00:16.912,1.13748,1.13755,1.37,2.66
2016.10.19 09:00:16.963,1.13748,1.13755,1.37,3.41
2016.10.19 09:00:17.065,1.13748,1.13755,1.00,3.41
2016.10.19 09:00:17.167,1.13748,1.13755,1.00,3.56
2016.10.19 09:00:17.218,1.13748,1.13755,1.00,2.06
2016.10.19 09:00:17.269,1.13748,1.13753,1.00,1.00
2016.10.19 09:00:17.688,1.13745,1.13752,3.37,1.00
2016.10.19 09:00:17.739,1.13745,1.1375,1.13,1.00
2016.10.19 09:00:17.842,1.13745,1.13751,1.00,1.50
2016.10.19 09:00:17.893,1.13744,1.1375,2.72,1.00
2016.10.19 09:00:17.995,1.13744,1.13751,2.72,1.50
2016.10.19 09:00:18.148,1.13744,1.13751,1.00,1.50
2016.10.19 09:00:18.200,1.13744,1.1375,1.00,1.00
2016.10.19 09:00:18.252,1.13744,1.13749,1.00,1.00
2016.10.19 09:00:18.760,1.13743,1.13748,1.00,1.00
2016.10.19 09:00:19.390,1.13743,1.13748,1.00,1.19
2016.10.19 09:00:19.450,1.13741,1.13745,1.00,1.00
2016.10.19 09:00:19.603,1.1374,1.13746,1.00,2.44
2016.10.19 09:00:19.654,1.1374,1.13745,1.00,1.00
2016.10.19 09:00:19.706,1.13739,1.13746,1.00,3.94
2016.10.19 09:00:19.808,1.13739,1.13745,1.00,1.00
2016.10.19 09:00:19.859,1.13739,1.13746,1.00,4.69
2016.10.19 09:00:19.915,1.13739,1.13746,1.00,3.56
2016.10.19 09:00:20.513,1.13739,1.13746,1.50,3.37
2016.10.19 09:00:20.564,1.13739,1.13745,1.50,1.00
2016.10.19 09:00:20.716,1.13739,1.13746,1.00,2.62
2016.10.19 09:00:20.767,1.13739,1.13746,1.00,3.37
2016.10.19 09:00:20.818,1.13739,1.13745,1.00,1.50
2016.10.19 09:00:21.225,1.13739,1.13745,1.00,1.00
2016.10.19 09:00:21.276,1.13739,1.13745,1.00,1.50
2016.10.19 09:00:22.247,1.13739,1.13745,2.25,1.00
2016.10.19 09:00:22.298,1.13739,1.13745,3.00,1.00
2016.10.19 09:00:22.349,1.13739,1.13745,3.75,1.00
2016.10.19 09:00:22.400,1.13739,1.13745,3.00,1.00
2016.10.19 09:00:22.663,1.13739,1.13747,2.25,1.50
2016.10.19 09:00:22.780,1.13739,1.13746,2.25,1.00
2016.10.19 09:00:23.241,1.13739,1.13746,3.00,1.00
2016.10.19 09:00:23.669,1.13739,1.13747,3.00,1.00
2016.10.19 09:00:23.770,1.13741,1.13747,1.00,1.00
2016.10.19 09:00:24.828,1.13739,1.13745,3.47,1.00
2016.10.19 09:00:24.879,1.13739,1.13745,2.62,1.00
2016.10.19 09:00:24.930,1.13739,1.13745,1.87,1.50
2016.10.19 09:00:24.981,1.13739,1.13745,1.12,1.50
2016.10.19 09:00:25.033,1.13739,1.13745,1.00,1.50
2016.10.19 09:00:25.185,1.13739,1.13745,1.00,1.00
2016.10.19 09:00:25.287,1.13739,1.13745,1.00,1.50
2016.10.19 09:00:25.430,1.13738,1.13745,1.50,1.50
2016.10.19 09:00:25.785,1.13738,1.13745,1.50,1.00
2016.10.19 09:00:25.888,1.13738,1.13745,1.00,1.00
2016.10.19 09:00:25.939,1.13738,1.13745,1.00,1.50
2016.10.19 09:00:26.194,1.13738,1.13745,1.00,1.00
2016.10.19 09:00:26.245,1.13738,1.13745,1.00,1.50
2016.10.19 09:00:27.099,1.13738,1.13745,1.00,1.00
2016.10.19 09:00:27.411,1.13738,1.13745,1.50,1.50
2016.10.19 09:00:27.766,1.13738,1.13745,1.00,1.50
2016.10.19 09:00:27.817,1.13738,1.13745,1.00,2.25
2016.10.19 09:00:27.868,1.13738,1.13744,1.00,1.00
2016.10.19 09:00:27.920,1.13737,1.13744,1.50,1.00
2016.10.19 09:00:27.971,1.13737,1.13744,1.00,1.00
2016.10.19 09:00:28.532,1.13739,1.13744,1.00,1.00
2016.10.19 09:00:29.528,1.1374,1.13744,1.00,1.00
2016.10.19 09:00:29.580,1.1374,1.13745,1.00,2.25
2016.10.19 09:00:29.631,1.1374,1.13745,1.00,1.87
2016.10.19 09:00:29.682,1.1374,1.13745,1.50,1.00
2016.10.19 09:00:29.733,1.13742,1.13745,1.00,1.00
2016.10.19 09:00:30.061,1.13741,1.13747,2.25,1.00
2016.10.19 09:00:30.112,1.13741,1.13747,1.00,1.00
2016.10.19 09:00:30.163,1.13741,1.13748,1.50,1.50
2016.10.19 09:00:30.214,1.13742,1.13748,1.00,1.00
2016.10.19 09:00:30.265,1.13742,1.13748,1.87,1.00
2016.10.19 09:00:30.519,1.13743,1.13748,1.12,1.00
2016.10.19 09:00:30.890,1.13743,1.1375,1.12,1.50
2016.10.19 09:00:30.992,1.13743,1.1375,1.12,1.00
2016.10.19 09:00:31.043,1.13743,1.1375,1.12,2.25
2016.10.19 09:00:31.195,1.13742,1.13749,5.62,1.00
2016.10.19 09:00:31.246,1.13742,1.13749,4.87,1.00
2016.10.19 09:00:31.297,1.13743,1.13749,1.00,1.00
2016.10.19 09:00:31.399,1.13742,1.13749,2.62,1.00
2016.10.19 09:00:31.933,1.13742,1.13749,1.12,1.50
2016.10.19 09:00:31.984,1.13742,1.13747,1.12,1.00
2016.10.19 09:00:32.197,1.13742,1.13749,1.12,1.50
2016.10.19 09:00:32.248,1.13742,1.13749,1.12,2.10
2016.10.19 09:00:32.300,1.13742,1.13748,1.12,1.00
2016.10.19 09:00:32.642,1.13741,1.13749,3.56,2.10
2016.10.19 09:00:32.952,1.13741,1.13749,3.56,1.50
2016.10.19 09:00:33.003,1.13741,1.13749,2.81,1.50
2016.10.19 09:00:33.590,1.13741,1.13749,2.06,2.85
2016.10.19 09:00:33.642,1.13741,1.13749,1.69,3.60
2016.10.19 09:00:34.747,1.13741,1.13749,1.69,3.00
2016.10.19 09:00:35.039,1.13742,1.13749,1.00,1.50
2016.10.19 09:00:35.090,1.13742,1.13749,1.12,1.50
2016.10.19 09:00:35.607,1.13742,1.13749,1.87,1.50
2016.10.19 09:00:37.387,1.13741,1.13747,5.06,1.00
2016.10.19 09:00:37.539,1.13741,1.13747,4.31,1.00
2016.10.19 09:00:37.641,1.13741,1.13747,5.06,1.00
2016.10.19 09:00:38.604,1.13741,1.13747,2.44,1.00
2016.10.19 09:00:39.295,1.13741,1.13747,3.19,1.00
2016.10.19 09:00:39.397,1.13742,1.13747,1.00,1.00
2016.10.19 09:00:39.498,1.13741,1.13747,3.19,1.00
2016.10.19 09:00:40.158,1.13742,1.13749,1.50,2.25
2016.10.19 09:00:40.990,1.13742,1.13749,1.00,2.25
2016.10.19 09:00:41.041,1.13742,1.13749,1.50,2.25
2016.10.19 09:00:41.301,1.13743,1.13749,3.37,1.00
2016.10.19 09:00:41.355,1.13744,1.13751,3.37,1.69
2016.10.19 09:00:41.406,1.13744,1.13751,3.56,1.00
2016.10.19 09:00:41.457,1.13745,1.13752,1.00,3.00
2016.10.19 09:00:42.275,1.13745,1.13752,1.00,2.25
2016.10.19 09:00:42.838,1.13745,1.13752,1.00,1.50
2016.10.19 09:00:42.889,1.13745,1.13752,1.60,1.50
2016.10.19 09:00:42.940,1.13746,1.13752,1.00,1.00
2016.10.19 09:00:43.400,1.13745,1.13752,3.37,1.00
2016.10.19 09:00:43.451,1.13745,1.13752,3.37,1.35
2016.10.19 09:00:43.502,1.13745,1.13752,2.62,2.10
2016.10.19 09:00:43.554,1.13745,1.13752,2.62,1.35
2016.10.19 09:00:43.607,1.13745,1.13752,3.37,1.35
2016.10.19 09:00:43.658,1.13745,1.13752,3.37,1.00
2016.10.19 09:00:44.307,1.13745,1.13753,1.87,1.80
2016.10.19 09:00:44.358,1.13745,1.13753,2.70,2.55
2016.10.19 09:00:44.875,1.13746,1.13753,1.00,2.55
2016.10.19 09:00:49.811,1.13746,1.13753,1.00,1.00
2016.10.19 09:00:49.914,1.13745,1.13751,2.06,1.00
2016.10.19 09:00:49.965,1.13744,1.13751,5.06,1.50
2016.10.19 09:00:50.016,1.13744,1.1375,2.44,1.00
2016.10.19 09:00:50.067,1.13744,1.1375,2.06,1.87
2016.10.19 09:00:50.119,1.13743,1.13749,1.50,1.00
2016.10.19 09:00:50.221,1.13743,1.13749,1.00,1.50
2016.10.19 09:00:50.272,1.13742,1.13749,1.50,2.25
2016.10.19 09:00:50.323,1.13742,1.13749,1.00,2.25
2016.10.19 09:00:50.626,1.13742,1.13749,1.00,1.00
2016.10.19 09:00:55.241,1.13742,1.13749,1.25,1.00
2016.10.19 09:00:56.151,1.13742,1.13749,1.69,1.00
2016.10.19 09:00:57.408,1.13742,1.13749,1.69,1.37
2016.10.19 09:00:57.463,1.13739,1.13747,3.75,1.12
2016.10.19 09:00:57.516,1.13741,1.13747,1.31,1.00
2016.10.19 09:00:57.567,1.13742,1.13748,2.06,1.50
2016.10.19 09:00:57.618,1.13743,1.13749,3.19,1.37
2016.10.19 09:00:57.670,1.13747,1.13751,1.19,1.12
2016.10.19 09:00:57.723,1.13748,1.13752,1.25,1.37
2016.10.19 09:00:58.036,1.13748,1.13752,1.19,1.00
2016.10.19 09:00:58.087,1.13748,1.13753,1.69,1.00
2016.10.19 09:00:58.138,1.1375,1.13753,1.25,1.00
2016.10.19 09:00:58.189,1.13748,1.13753,1.69,1.00
2016.10.19 09:00:58.240,1.13748,1.13755,1.69,3.56
2016.10.19 09:00:58.292,1.13748,1.13755,2.06,3.56
2016.10.19 09:00:58.364,1.13749,1.13755,1.00,2.81
2016.10.19 09:00:58.859,1.13749,1.13755,1.00,3.56
2016.10.19 09:00:58.910,1.13749,1.13755,1.00,2.81
2016.10.19 09:00:58.962,1.13751,1.13755,1.00,3.56
2016.10.19 09:00:59.013,1.13751,1.13755,1.00,2.81
2016.10.19 09:00:59.064,1.13751,1.13755,1.00,3.56
2016.10.19 09:00:59.115,1.13751,1.13755,1.00,4.31
2016.10.19 09:00:59.166,1.1375,1.13755,1.00,3.56
2016.10.19 09:00:59.421,1.1375,1.13755,1.00,2.81
2016.10.19 09:01:00.123,1.1375,1.13755,1.00,2.06
2016.10.19 09:01:00.482,1.1375,1.13755,1.00,1.12
2016.10.19 09:01:00.805,1.1375,1.13755,1.25,1.12
2016.10.19 09:01:00.856,1.1375,1.13756,1.78,2.25
2016.10.19 09:01:00.907,1.1375,1.13756,1.78,1.50
2016.10.19 09:01:00.959,1.13751,1.13757,1.19,2.44
2016.10.19 09:01:01.010,1.13752,1.13757,1.19,1.50
2016.10.19 09:01:01.061,1.13756,1.13758,1.00,1.00
2016.10.19 09:01:01.112,1.13756,1.1376,1.00,2.62
2016.10.19 09:01:01.163,1.13756,1.13761,1.87,1.50
2016.10.19 09:01:01.214,1.13756,1.13763,1.87,2.62
2016.10.19 09:01:01.280,1.13756,1.13763,1.50,2.25
2016.10.19 09:01:01.331,1.13756,1.13763,1.87,1.50
2016.10.19 09:01:01.623,1.13756,1.13762,1.12,1.72
2016.10.19 09:01:01.674,1.13755,1.13762,2.25,1.87
2016.10.19 09:01:01.725,1.13755,1.13762,2.62,1.12
2016.10.19 09:01:01.776,1.13755,1.13762,2.25,1.12
2016.10.19 09:01:02.187,1.13755,1.13761,1.19,1.00
2016.10.19 09:01:02.242,1.13754,1.13761,1.19,4.35
2016.10.19 09:01:02.560,1.13754,1.1376,1.19,1.00
2016.10.19 09:01:02.610,1.13754,1.13761,1.19,4.35
2016.10.19 09:01:02.911,1.13753,1.13759,1.31,1.00
2016.10.19 09:01:02.962,1.13748,1.13751,1.50,1.50
2016.10.19 09:01:03.014,1.13748,1.1375,1.50,3.60
2016.10.19 09:01:03.066,1.13746,1.13748,1.87,1.50
2016.10.19 09:01:03.117,1.13745,1.13747,1.50,1.00
2016.10.19 09:01:03.175,1.13743,1.13748,1.25,1.00
2016.10.19 09:01:03.226,1.13745,1.13748,1.12,1.00
2016.10.19 09:01:03.607,1.13741,1.13748,1.25,3.00
2016.10.19 09:01:03.709,1.1374,1.13748,4.50,3.00
2016.10.19 09:01:03.924,1.1374,1.13748,4.50,3.75
2016.10.19 09:01:04.076,1.1374,1.13748,3.56,3.00
2016.10.19 09:01:04.127,1.1374,1.13748,2.81,3.00
2016.10.19 09:01:04.178,1.1374,1.13746,1.87,1.00
2016.10.19 09:01:04.559,1.1374,1.13746,2.62,1.00
2016.10.19 09:01:05.276,1.1374,1.13746,1.87,1.00
2016.10.19 09:01:05.327,1.1374,1.13746,2.62,1.00
2016.10.19 09:01:05.378,1.1374,1.13746,2.44,1.00
2016.10.19 09:01:05.429,1.13741,1.13746,1.00,1.00
2016.10.19 09:01:05.979,1.13741,1.13746,1.25,1.00
2016.10.19 09:01:06.031,1.1374,1.13746,1.87,1.00
2016.10.19 09:01:06.283,1.1374,1.13747,1.44,1.00
2016.10.19 09:01:06.544,1.1374,1.13747,1.25,1.00
2016.10.19 09:01:06.595,1.1374,1.13747,1.69,1.00
2016.10.19 09:01:06.647,1.1374,1.13747,1.87,1.00
2016.10.19 09:01:07.064,1.1374,1.13747,2.62,1.00
2016.10.19 09:01:07.116,1.1374,1.13747,1.87,1.00
2016.10.19 09:01:07.379,1.1374,1.13747,3.37,1.00
2016.10.19 09:01:08.210,1.13741,1.13747,1.00,1.00
2016.10.19 09:01:08.262,1.13743,1.13747,1.19,1.00
2016.10.19 09:01:08.314,1.13745,1.13748,1.00,1.00
2016.10.19 09:01:08.370,1.13745,1.1375,1.50,1.00
2016.10.19 09:01:08.421,1.13745,1.1375,1.00,1.00
2016.10.19 09:01:08.472,1.13746,1.13752,1.00,1.12
2016.10.19 09:01:08.524,1.13746,1.13752,1.00,1.12
2016.10.19 09:01:09.018,1.13746,1.13752,1.00,1.00
2016.10.19 09:01:09.332,1.13746,1.13753,2.44,1.87
2016.10.19 09:01:09.385,1.13746,1.13753,2.81,1.50
2016.10.19 09:01:10.954,1.13746,1.13753,3.56,1.50
2016.10.19 09:01:11.005,1.13746,1.13753,3.56,2.25
2016.10.19 09:01:11.510,1.13746,1.13753,3.56,1.50
2016.10.19 09:01:12.789,1.13747,1.13753,1.00,1.00
2016.10.19 09:01:12.992,1.13746,1.13749,2.81,1.00
2016.10.19 09:01:13.043,1.13746,1.1375,2.62,1.50
2016.10.19 09:01:13.095,1.13745,1.13747,2.62,2.10
2016.10.19 09:01:13.146,1.13746,1.13747,1.87,1.50
2016.10.19 09:01:13.198,1.13746,1.13747,1.87,1.00
2016.10.19 09:01:13.249,1.13745,1.13747,1.50,1.50
2016.10.19 09:01:13.301,1.13744,1.13747,1.12,1.50
2016.10.19 09:01:13.833,1.1374,1.13747,3.47,1.50
2016.10.19 09:01:13.884,1.13741,1.13748,1.00,1.50
2016.10.19 09:01:13.986,1.13741,1.13748,1.00,1.00
2016.10.19 09:01:14.183,1.13741,1.13748,1.00,1.50
2016.10.19 09:01:14.489,1.13741,1.13748,1.50,1.50
2016.10.19 09:01:15.145,1.13741,1.13747,1.50,1.00
2016.10.19 09:01:15.983,1.13741,1.13747,1.00,1.00
2016.10.19 09:01:16.528,1.13741,1.13748,1.00,1.50
2016.10.19 09:01:18.779,1.13741,1.13748,1.00,2.25
2016.10.19 09:01:19.714,1.13741,1.13746,1.00,1.00
2016.10.19 09:01:21.124,1.1374,1.13746,2.62,1.00
2016.10.19 09:01:21.525,1.1374,1.13746,1.87,1.00
2016.10.19 09:01:22.064,1.1374,1.13745,1.12,1.50
2016.10.19 09:01:22.115,1.1374,1.13745,1.12,2.25
2016.10.19 09:01:22.167,1.13738,1.13745,3.94,3.00
2016.10.19 09:01:22.218,1.13738,1.13745,3.00,3.00
2016.10.19 09:01:22.371,1.13738,1.13745,3.00,3.75
2016.10.19 09:01:22.422,1.13738,1.13745,2.25,2.25
2016.10.19 09:01:22.473,1.13738,1.13745,3.37,2.25
2016.10.19 09:01:22.525,1.13738,1.13745,3.37,3.75
2016.10.19 09:01:22.577,1.13738,1.13745,3.37,3.94
2016.10.19 09:01:22.628,1.13738,1.13744,1.50,1.25
2016.10.19 09:01:22.679,1.13737,1.13743,2.25,1.50
2016.10.19 09:01:22.730,1.13737,1.13743,1.00,1.50
2016.10.19 09:01:23.141,1.13737,1.13742,1.00,1.25
2016.10.19 09:01:23.192,1.13737,1.13743,1.00,3.04
2016.10.19 09:01:23.243,1.13737,1.13743,1.00,2.81
2016.10.19 09:01:23.294,1.13737,1.13743,1.00,2.06
2016.10.19 09:01:23.701,1.13737,1.13743,1.00,2.66
2016.10.19 09:01:24.230,1.13737,1.13743,1.00,2.47
2016.10.19 09:01:24.332,1.13737,1.13743,1.00,1.87
2016.10.19 09:01:24.485,1.13736,1.13743,1.69,1.87
2016.10.19 09:01:25.129,1.13737,1.13743,1.00,1.87
2016.10.19 09:01:25.682,1.13737,1.13743,1.00,1.12
2016.10.19 09:01:26.290,1.13736,1.13743,1.69,1.12
2016.10.19 09:01:26.867,1.13737,1.13743,1.00,1.12
2016.10.19 09:01:26.918,1.13737,1.13743,1.00,1.87
2016.10.19 09:01:26.969,1.13735,1.13742,2.81,1.00
2016.10.19 09:01:27.020,1.13735,1.13742,1.19,1.00
2016.10.19 09:01:27.071,1.13734,1.13742,2.06,3.22
2016.10.19 09:01:27.122,1.13734,1.13742,1.25,3.22
2016.10.19 09:01:27.173,1.13733,1.13741,3.56,1.60
2016.10.19 09:01:27.275,1.13733,1.13741,3.19,1.60
2016.10.19 09:01:27.326,1.13733,1.13741,2.81,1.60
2016.10.19 09:01:28.229,1.13733,1.13741,2.06,2.10
2016.10.19 09:01:28.485,1.13734,1.13741,1.25,2.85
2016.10.19 09:01:28.535,1.13734,1.13741,1.25,2.25
2016.10.19 09:01:29.160,1.13734,1.13741,1.25,1.50
2016.10.19 09:01:29.211,1.13734,1.13741,1.69,1.50
2016.10.19 09:01:29.312,1.13734,1.13741,1.69,1.00
2016.10.19 09:01:30.029,1.13734,1.13741,1.25,1.50
2016.10.19 09:01:30.080,1.13734,1.13741,1.25,2.10
2016.10.19 09:01:30.427,1.13734,1.13741,1.25,1.50
2016.10.19 09:01:30.478,1.13734,1.13741,1.69,1.50
2016.10.19 09:01:31.010,1.13734,1.13741,1.69,1.00
2016.10.19 09:01:31.061,1.13734,1.13741,1.69,1.35
2016.10.19 09:01:32.526,1.13734,1.13741,1.69,1.00
2016.10.19 09:01:32.808,1.13734,1.13741,1.69,1.35
2016.10.19 09:01:33.224,1.13734,1.13741,1.69,2.10
2016.10.19 09:01:33.990,1.13734,1.13741,1.25,1.50
2016.10.19 09:01:34.194,1.13734,1.13741,1.69,1.50
2016.10.19 09:01:34.398,1.13734,1.13741,1.25,1.50
2016.10.19 09:01:34.851,1.13734,1.13741,1.69,1.50
2016.10.19 09:01:35.054,1.13734,1.13741,1.69,1.00
2016.10.19 09:01:37.394,1.13734,1.13739,1.25,1.25
2016.10.19 09:01:37.453,1.13731,1.13739,2.62,3.79
2016.10.19 09:01:37.555,1.13731,1.13739,1.50,3.79
2016.10.19 09:01:37.657,1.13731,1.13739,2.62,3.79
2016.10.19 09:01:37.708,1.13732,1.13738,1.00,1.00
2016.10.19 09:01:38.798,1.13733,1.13739,1.50,1.00
2016.10.19 09:01:38.876,1.13733,1.1374,1.50,1.00
2016.10.19 09:01:39.028,1.13733,1.1374,1.00,1.00
2016.10.19 09:01:39.080,1.13733,1.1374,1.00,1.50
2016.10.19 09:01:39.749,1.13733,1.1374,1.00,2.25
2016.10.19 09:01:39.813,1.13733,1.1374,1.00,1.50
2016.10.19 09:01:40.367,1.13732,1.13738,2.62,1.00
2016.10.19 09:01:40.418,1.13732,1.13735,1.12,1.00
2016.10.19 09:01:40.520,1.13732,1.13734,1.00,1.00
2016.10.19 09:01:40.818,1.13725,1.13731,3.94,1.00
2016.10.19 09:01:40.871,1.13725,1.13731,4.50,1.00
2016.10.19 09:01:40.923,1.13725,1.1373,5.25,1.00
2016.10.19 09:01:40.974,1.13725,1.13733,6.00,1.00
2016.10.19 09:01:41.025,1.13726,1.13733,1.12,1.00
2016.10.19 09:01:41.076,1.13726,1.13734,1.87,2.62
2016.10.19 09:01:41.127,1.13727,1.13734,1.50,2.62
2016.10.19 09:01:41.178,1.13727,1.13734,2.25,2.25
2016.10.19 09:01:41.229,1.13727,1.13734,1.87,2.25
2016.10.19 09:01:41.488,1.13727,1.13734,3.19,2.25
2016.10.19 09:01:41.540,1.13727,1.13734,3.00,1.00
2016.10.19 09:01:41.743,1.13727,1.13735,3.00,2.25
2016.10.19 09:01:41.794,1.13727,1.13735,5.25,1.50
2016.10.19 09:01:41.947,1.13727,1.13734,6.00,1.00
2016.10.19 09:01:41.998,1.13727,1.13734,4.12,1.00
2016.10.19 09:01:42.049,1.13727,1.13734,2.81,1.00
2016.10.19 09:01:42.349,1.13727,1.13734,3.56,1.00
2016.10.19 09:01:42.401,1.13727,1.13734,2.81,1.00
2016.10.19 09:01:42.452,1.13727,1.13734,1.69,1.00
2016.10.19 09:01:43.129,1.13727,1.13733,1.69,1.00
2016.10.19 09:01:43.423,1.13727,1.13734,2.44,1.50
2016.10.19 09:01:43.575,1.13727,1.13734,1.69,2.25
2016.10.19 09:01:43.909,1.13727,1.13734,1.69,1.50
2016.10.19 09:01:43.960,1.13727,1.13733,1.25,1.00
2016.10.19 09:01:44.011,1.13726,1.13733,2.06,2.10
2016.10.19 09:01:44.061,1.13725,1.13733,2.62,1.50
2016.10.19 09:01:44.323,1.13725,1.13733,2.25,1.50
2016.10.19 09:01:44.374,1.13725,1.13731,1.87,1.00
2016.10.19 09:01:44.628,1.13725,1.13732,2.62,1.50
2016.10.19 09:01:44.730,1.13725,1.13732,2.62,1.00
2016.10.19 09:01:46.813,1.13725,1.13732,2.44,1.87
2016.10.19 09:01:46.864,1.13725,1.1373,1.00,1.00
2016.10.19 09:01:46.915,1.13724,1.13731,1.87,2.10
2016.10.19 09:01:47.069,1.13724,1.13731,1.12,2.10
2016.10.19 09:01:47.222,1.13724,1.1373,1.12,1.00
2016.10.19 09:01:47.325,1.13724,1.13731,1.12,1.50
2016.10.19 09:01:47.587,1.13731,1.13732,1.50,1.72
2016.10.19 09:01:47.640,1.13735,1.1374,1.50,1.00
2016.10.19 09:01:47.691,1.13735,1.1374,1.00,1.00
2016.10.19 09:01:47.793,1.13736,1.13742,1.00,2.25
2016.10.19 09:01:47.844,1.13735,1.13741,1.50,1.25
2016.10.19 09:01:47.895,1.13735,1.13741,1.50,1.54
2016.10.19 09:01:48.186,1.13735,1.13741,1.00,1.25
2016.10.19 09:01:48.238,1.13735,1.1374,1.00,1.00
2016.10.19 09:01:48.344,1.13734,1.1374,1.00,1.35
2016.10.19 09:01:48.447,1.13735,1.1374,1.00,1.00
2016.10.19 09:01:48.498,1.13734,1.1374,1.00,1.35
2016.10.19 09:01:48.650,1.13734,1.1374,1.00,1.00
2016.10.19 09:01:49.174,1.13735,1.1374,1.00,1.00
2016.10.19 09:01:49.336,1.13735,1.13741,1.50,1.69
2016.10.19 09:01:49.387,1.13735,1.13741,1.50,1.50
2016.10.19 09:01:49.438,1.13735,1.13742,1.50,2.44
2016.10.19 09:01:49.490,1.13735,1.13742,2.25,1.69
2016.10.19 09:01:49.542,1.13735,1.13742,2.35,1.25
2016.10.19 09:01:49.846,1.13735,1.13742,3.19,1.00
2016.10.19 09:01:49.947,1.13735,1.13742,3.94,1.00
2016.10.19 09:01:50.153,1.13737,1.13742,1.00,1.00
2016.10.19 09:01:50.205,1.13737,1.13742,1.00,1.25
2016.10.19 09:01:50.459,1.13737,1.13742,1.00,1.00
2016.10.19 09:01:50.728,1.13737,1.13743,1.00,1.25
2016.10.19 09:01:50.932,1.13737,1.13743,1.00,1.69
2016.10.19 09:01:50.983,1.13737,1.13743,1.00,2.29
2016.10.19 09:01:51.034,1.13737,1.13743,1.00,1.54
2016.10.19 09:01:51.085,1.13736,1.13743,1.12,2.10
2016.10.19 09:01:51.137,1.13739,1.13742,1.00,1.00
2016.10.19 09:01:51.615,1.13738,1.13744,1.00,2.10
2016.10.19 09:01:51.889,1.13737,1.13744,1.00,2.85
2016.10.19 09:01:51.940,1.13737,1.13744,1.00,3.04
2016.10.19 09:01:51.990,1.13737,1.13744,1.00,2.44
2016.10.19 09:01:52.143,1.13737,1.13744,1.00,3.19
2016.10.19 09:01:52.193,1.13737,1.13744,1.00,2.44
2016.10.19 09:01:52.244,1.13736,1.13743,1.12,1.00
2016.10.19 09:01:52.470,1.13736,1.13743,1.87,1.00
2016.10.19 09:01:52.572,1.13736,1.13743,1.12,1.54
2016.10.19 09:01:52.623,1.13736,1.13742,1.12,1.19
2016.10.19 09:01:52.674,1.13735,1.13741,3.19,1.54
2016.10.19 09:01:52.725,1.13735,1.13739,1.87,1.00
2016.10.19 09:01:52.776,1.13735,1.13739,1.00,1.00
2016.10.19 09:01:53.093,1.13734,1.13739,1.00,1.50
2016.10.19 09:01:53.549,1.13734,1.13739,1.00,1.00
2016.10.19 09:01:53.702,1.13733,1.13739,2.81,1.00
2016.10.19 09:01:54.042,1.13732,1.13739,7.69,1.00
2016.10.19 09:01:54.093,1.13732,1.13739,7.31,1.00
2016.10.19 09:01:54.144,1.13732,1.13739,5.44,1.00
2016.10.19 09:01:54.246,1.13732,1.13739,4.69,1.00
2016.10.19 09:01:55.510,1.13731,1.13735,1.50,1.50
2016.10.19 09:01:55.579,1.13729,1.13735,1.50,2.25
2016.10.19 09:01:55.630,1.13729,1.13735,1.50,1.50
2016.10.19 09:01:55.682,1.13729,1.13735,1.00,2.44
2016.10.19 09:01:55.733,1.13729,1.13735,1.00,1.25
2016.10.19 09:01:55.784,1.13729,1.13735,1.00,1.69
2016.10.19 09:01:55.886,1.13729,1.13735,1.00,1.25
2016.10.19 09:01:56.180,1.13728,1.13735,1.25,1.00
2016.10.19 09:01:56.696,1.13728,1.13734,1.25,1.00
2016.10.19 09:01:57.039,1.13727,1.13732,1.31,1.00
2016.10.19 09:01:57.090,1.13726,1.13732,4.87,1.00
2016.10.19 09:01:57.559,1.13726,1.13732,4.12,1.00
2016.10.19 09:01:58.034,1.13726,1.13732,3.37,1.00
2016.10.19 09:01:58.085,1.13726,1.13732,1.37,1.00
2016.10.19 09:01:58.675,1.13725,1.13732,3.56,1.00
2016.10.19 09:01:58.968,1.13725,1.13732,4.31,1.00
2016.10.19 09:01:59.020,1.13726,1.13732,1.12,1.00
2016.10.19 09:01:59.600,1.13726,1.13729,1.12,1.00
2016.10.19 09:01:59.975,1.13724,1.13726,2.62,1.00
2016.10.19 09:02:00.247,1.13722,1.13725,1.25,1.00
2016.10.19 09:02:00.298,1.13722,1.13726,1.25,1.50
2016.10.19 09:02:00.349,1.13722,1.13726,1.25,1.00
2016.10.19 09:02:00.401,1.13724,1.13726,1.00,1.00
2016.10.19 09:02:00.452,1.13725,1.13729,1.00,1.00
2016.10.19 09:02:00.503,1.13725,1.1373,1.00,2.62
2016.10.19 09:02:00.554,1.13726,1.13731,1.00,1.31
2016.10.19 09:02:00.605,1.13728,1.13731,1.00,1.00
2016.10.19 09:02:00.656,1.1373,1.13733,1.00,2.62
2016.10.19 09:02:00.961,1.1373,1.13733,1.50,1.87
2016.10.19 09:02:01.012,1.13731,1.13735,1.00,1.69
2016.10.19 09:02:01.063,1.13731,1.13735,1.00,1.19
2016.10.19 09:02:01.114,1.13731,1.13735,1.00,1.25
2016.10.19 09:02:01.371,1.13731,1.13733,1.00,1.00
2016.10.19 09:02:01.835,1.13729,1.13733,1.50,1.00
2016.10.19 09:02:01.900,1.1373,1.13733,1.00,1.00
2016.10.19 09:02:01.950,1.13729,1.13734,1.50,1.00
2016.10.19 09:02:02.001,1.1373,1.13734,1.00,1.00
2016.10.19 09:02:03.070,1.13729,1.13734,1.50,1.00
2016.10.19 09:02:03.172,1.1373,1.13734,1.00,1.00
2016.10.19 09:02:03.476,1.13729,1.13734,1.50,1.00
2016.10.19 09:02:03.647,1.1373,1.13734,1.00,1.00
2016.10.19 09:02:06.030,1.1373,1.13733,1.00,1.00
2016.10.19 09:02:06.173,1.13729,1.13733,1.50,1.00
2016.10.19 09:02:06.275,1.1373,1.13733,1.00,1.00
2016.10.19 09:02:06.944,1.13729,1.13733,1.50,1.00
2016.10.19 09:02:07.427,1.1373,1.13733,1.00,1.00
2016.10.19 09:02:07.478,1.13729,1.13733,1.50,1.00
2016.10.19 09:02:07.630,1.1373,1.13733,1.00,1.00
2016.10.19 09:02:07.815,1.13731,1.13733,1.00,1.00
2016.10.19 09:02:09.449,1.13731,1.13734,1.00,1.00
2016.10.19 09:02:11.841,1.13731,1.13733,1.00,1.00
2016.10.19 09:02:15.240,1.13732,1.13733,1.00,1.00
2016.10.19 09:02:15.901,1.13731,1.13733,1.00,1.00
2016.10.19 09:02:15.955,1.13731,1.13735,1.00,1.12
2016.10.19 09:02:16.057,1.13732,1.13735,1.00,1.00
2016.10.19 09:02:16.211,1.13731,1.13735,1.00,1.54
2016.10.19 09:02:16.262,1.13729,1.13733,1.87,1.35
2016.10.19 09:02:16.316,1.13729,1.13733,1.50,1.91
2016.10.19 09:02:16.368,1.13726,1.13732,1.87,1.87
2016.10.19 09:02:16.681,1.13726,1.1373,1.00,1.00
2016.10.19 09:02:17.934,1.13725,1.1373,1.00,1.00
2016.10.19 09:02:17.985,1.13725,1.13729,1.00,1.54
2016.10.19 09:02:18.036,1.13724,1.13729,1.00,2.66
2016.10.19 09:02:18.087,1.13725,1.13729,1.00,2.44
2016.10.19 09:02:18.138,1.13724,1.13729,1.00,2.81
2016.10.19 09:02:18.189,1.13725,1.13729,1.00,2.06
2016.10.19 09:02:18.240,1.13725,1.13729,1.00,1.31
2016.10.19 09:02:18.813,1.13725,1.13729,1.00,1.25
2016.10.19 09:02:19.233,1.13725,1.13729,1.25,1.25
2016.10.19 09:02:19.284,1.13726,1.13729,1.00,1.25
2016.10.19 09:02:19.336,1.13726,1.13729,1.00,1.00
2016.10.19 09:02:19.388,1.13727,1.1373,1.00,1.50
2016.10.19 09:02:19.694,1.13731,1.13735,1.00,3.19
2016.10.19 09:02:19.745,1.13731,1.13735,1.00,1.12
2016.10.19 09:02:19.797,1.13731,1.13737,1.00,3.19
2016.10.19 09:02:19.848,1.13731,1.13737,1.00,2.81
2016.10.19 09:02:19.899,1.13731,1.13737,1.00,2.44
2016.10.19 09:02:20.001,1.13731,1.13737,1.00,1.69
2016.10.19 09:02:20.156,1.13732,1.13737,1.00,1.25
2016.10.19 09:02:20.207,1.1373,1.13736,1.00,1.69
2016.10.19 09:02:20.258,1.13729,1.13735,4.50,1.25
2016.10.19 09:02:20.568,1.1373,1.13735,1.00,1.87
2016.10.19 09:02:20.619,1.13729,1.13734,1.00,1.00
2016.10.19 09:02:20.671,1.13727,1.13734,1.69,1.60
2016.10.19 09:02:20.723,1.13727,1.13735,1.69,6.04
2016.10.19 09:02:20.774,1.13727,1.13734,1.31,2.47
2016.10.19 09:02:20.825,1.13727,1.13734,1.25,2.85
2016.10.19 09:02:20.882,1.13729,1.13731,1.00,1.00
2016.10.19 09:02:20.935,1.13726,1.1373,1.19,1.60
2016.10.19 09:02:20.986,1.13725,1.13726,1.00,1.00
2016.10.19 09:02:21.289,1.13725,1.13728,1.00,1.35
2016.10.19 09:02:21.341,1.13726,1.13728,1.00,1.00
2016.10.19 09:02:22.188,1.13726,1.13731,1.00,1.50
2016.10.19 09:02:22.820,1.13726,1.13731,1.00,1.00
2016.10.19 09:02:23.221,1.13726,1.13732,1.00,1.50
2016.10.19 09:02:23.272,1.13727,1.13732,1.00,1.00
2016.10.19 09:02:23.520,1.13727,1.13733,1.00,3.04
2016.10.19 09:02:23.672,1.13727,1.13733,1.00,1.69
2016.10.19 09:02:24.070,1.13727,1.13733,1.00,2.29
2016.10.19 09:02:24.171,1.13727,1.13733,1.00,1.69
2016.10.19 09:02:27.025,1.13727,1.13733,1.00,1.19
2016.10.19 09:02:27.937,1.13727,1.13733,1.00,1.19
2016.10.19 09:02:28.227,1.13726,1.13733,1.00,1.54
2016.10.19 09:02:29.285,1.13728,1.13733,1.00,1.19
2016.10.19 09:02:29.336,1.13728,1.13732,1.00,1.25
2016.10.19 09:02:29.834,1.13728,1.13732,1.00,1.00
2016.10.19 09:02:29.936,1.13728,1.13732,1.00,1.19
2016.10.19 09:02:30.090,1.13728,1.13733,1.00,1.54
2016.10.19 09:02:30.363,1.13728,1.13733,1.00,1.19
2016.10.19 09:02:30.679,1.13728,1.13733,1.00,1.31
2016.10.19 09:02:30.926,1.13728,1.13733,1.00,2.06
2016.10.19 09:02:31.695,1.13731,1.13734,1.00,2.06
2016.10.19 09:02:31.757,1.13733,1.13734,1.00,1.00
2016.10.19 09:02:31.980,1.13733,1.13735,1.00,1.37
2016.10.19 09:02:32.032,1.13732,1.13738,1.00,1.31
2016.10.19 09:02:32.613,1.13732,1.13738,1.00,1.19
2016.10.19 09:02:33.166,1.13733,1.13738,1.00,1.19
2016.10.19 09:02:33.850,1.13733,1.13738,1.00,1.00
2016.10.19 09:02:33.952,1.13735,1.13738,1.00,1.00
2016.10.19 09:02:34.003,1.13731,1.13738,1.50,1.50
2016.10.19 09:02:34.385,1.13731,1.13738,1.00,1.50
2016.10.19 09:02:34.829,1.13731,1.13737,1.00,1.00
2016.10.19 09:02:35.135,1.13733,1.13737,1.00,1.00
2016.10.19 09:02:35.822,1.13734,1.13737,1.00,1.00
2016.10.19 09:02:35.873,1.13735,1.13739,1.00,2.44
2016.10.19 09:02:36.331,1.13735,1.13739,1.00,3.19
2016.10.19 09:02:36.852,1.13733,1.13739,1.00,2.44
2016.10.19 09:02:38.030,1.13733,1.13739,1.00,1.69
2016.10.19 09:02:39.020,1.13732,1.13738,1.00,1.00
2016.10.19 09:02:39.323,1.13732,1.13736,1.00,1.00
2016.10.19 09:02:39.425,1.13732,1.13735,1.00,1.69
2016.10.19 09:02:39.476,1.1373,1.13732,1.87,1.00
2016.10.19 09:02:39.527,1.1373,1.13732,1.00,1.00
2016.10.19 09:02:39.969,1.13729,1.13732,1.12,1.00
2016.10.19 09:02:40.051,1.13728,1.13732,1.50,1.00
2016.10.19 09:02:40.102,1.13728,1.13734,1.50,1.00
2016.10.19 09:02:40.452,1.13728,1.13734,1.50,1.50
2016.10.19 09:02:40.504,1.13729,1.13735,1.00,1.69
2016.10.19 09:02:40.555,1.13729,1.13735,1.00,1.50
2016.10.19 09:02:40.605,1.13729,1.13735,1.00,2.25
2016.10.19 09:02:40.656,1.13729,1.13735,1.00,2.62
2016.10.19 09:02:40.707,1.13729,1.13735,1.00,3.00
2016.10.19 09:02:40.758,1.13729,1.13735,1.00,3.37
2016.10.19 09:02:41.253,1.13728,1.13735,1.00,4.12
2016.10.19 09:02:41.620,1.13729,1.13735,1.00,1.00
2016.10.19 09:02:42.181,1.13729,1.13735,1.00,1.87
2016.10.19 09:02:42.684,1.13729,1.13735,1.00,2.25
2016.10.19 09:02:42.798,1.13727,1.13735,1.87,2.25
2016.10.19 09:02:43.829,1.13727,1.13736,1.87,8.06
2016.10.19 09:02:43.894,1.13728,1.13735,1.12,1.19
2016.10.19 09:02:44.199,1.13728,1.13735,1.12,2.06
2016.10.19 09:02:44.582,1.13728,1.13733,1.00,1.25
2016.10.19 09:02:44.633,1.13725,1.13733,2.72,1.87
2016.10.19 09:02:44.684,1.13725,1.13733,2.35,2.25
2016.10.19 09:02:44.736,1.13725,1.13733,2.32,2.06
2016.10.19 09:02:44.787,1.13725,1.13733,2.32,1.69
2016.10.19 09:02:45.042,1.13725,1.13733,1.50,1.69
2016.10.19 09:02:45.093,1.13725,1.13733,2.32,1.69
2016.10.19 09:02:45.503,1.13725,1.13733,2.32,1.25
2016.10.19 09:02:45.628,1.13725,1.13733,1.50,1.25
2016.10.19 09:02:45.679,1.13726,1.13733,1.00,1.25
2016.10.19 09:02:46.045,1.13726,1.13733,1.00,1.00
2016.10.19 09:02:46.147,1.13726,1.13734,1.00,3.94
2016.10.19 09:02:46.646,1.13726,1.13733,1.00,1.00
2016.10.19 09:02:47.098,1.13728,1.13733,1.00,1.00
2016.10.19 09:02:47.628,1.13728,1.13734,1.00,3.19
2016.10.19 09:02:47.730,1.13728,1.13734,1.00,2.44
2016.10.19 09:02:48.671,1.13728,1.13733,1.00,1.00
2016.10.19 09:02:49.610,1.13728,1.13734,1.00,1.12
2016.10.19 09:02:50.523,1.13729,1.13734,1.00,1.12
2016.10.19 09:02:50.574,1.1373,1.13734,1.00,1.12
2016.10.19 09:02:50.675,1.13729,1.13734,1.50,1.12
2016.10.19 09:02:50.726,1.1373,1.13735,1.00,1.50
2016.10.19 09:02:50.777,1.1373,1.13735,1.00,1.12
2016.10.19 09:02:51.031,1.13731,1.13735,1.00,1.00
2016.10.19 09:02:51.370,1.13731,1.13738,1.00,6.82
2016.10.19 09:02:51.421,1.13731,1.13738,1.00,6.37
2016.10.19 09:02:51.542,1.13731,1.13737,1.00,1.50
2016.10.19 09:02:51.944,1.13732,1.13738,1.00,4.12
2016.10.19 09:02:51.995,1.13733,1.13738,1.00,3.37
2016.10.19 09:02:52.774,1.13733,1.13735,1.00,1.00
2016.10.19 09:02:52.856,1.13731,1.13735,1.00,1.00
2016.10.19 09:02:52.907,1.13732,1.13736,1.00,1.12
2016.10.19 09:02:52.958,1.13735,1.13737,1.00,1.00
2016.10.19 09:02:53.060,1.13735,1.13738,1.00,2.62
2016.10.19 09:02:53.111,1.13735,1.13738,1.00,2.25
2016.10.19 09:02:53.213,1.13735,1.13738,1.00,1.12
2016.10.19 09:02:53.315,1.13735,1.13739,1.50,2.44
2016.10.19 09:02:53.612,1.13736,1.13739,1.00,2.44
2016.10.19 09:02:53.664,1.13737,1.13741,1.00,1.00
2016.10.19 09:02:53.923,1.1374,1.13741,1.00,1.00
2016.10.19 09:02:54.331,1.13739,1.13741,1.00,1.50
2016.10.19 09:02:54.383,1.13735,1.1374,3.94,1.00
2016.10.19 09:02:54.435,1.13735,1.1374,1.87,1.00
2016.10.19 09:02:54.695,1.13735,1.1374,1.00,4.87
2016.10.19 09:02:54.746,1.13734,1.13739,1.50,1.00
2016.10.19 09:02:54.797,1.13734,1.13739,1.50,1.50
2016.10.19 09:02:54.848,1.13731,1.13734,2.44,1.00
2016.10.19 09:02:54.900,1.13731,1.13733,1.25,1.00
2016.10.19 09:02:54.951,1.13731,1.13733,1.69,1.00
2016.10.19 09:02:55.104,1.13731,1.13733,1.50,1.00
2016.10.19 09:02:55.155,1.13731,1.13732,1.00,1.00
2016.10.19 09:02:55.626,1.13729,1.13731,1.00,1.00
2016.10.19 09:02:57.344,1.13729,1.13731,1.12,1.00
2016.10.19 09:02:57.395,1.13729,1.1373,1.87,1.00
2016.10.19 09:02:57.497,1.13728,1.1373,1.50,1.00
2016.10.19 09:02:57.744,1.1373,1.13731,1.00,1.00
2016.10.19 09:02:57.797,1.1373,1.13731,1.00,1.50
2016.10.19 09:02:57.848,1.13729,1.13731,2.25,1.00
2016.10.19 09:02:57.950,1.13731,1.13733,1.00,1.00
2016.10.19 09:02:58.002,1.1373,1.13732,1.12,1.50
2016.10.19 09:02:58.053,1.13731,1.13733,1.00,1.00
2016.10.19 09:02:58.104,1.1373,1.13731,1.12,1.00
2016.10.19 09:02:58.155,1.13729,1.13731,3.37,1.00
2016.10.19 09:02:58.206,1.13729,1.13731,3.37,1.00
2016.10.19 09:02:58.257,1.13729,1.13732,3.37,1.00
2016.10.19 09:02:58.308,1.1373,1.13732,1.12,1.50
2016.10.19 09:02:58.590,1.13729,1.13731,3.37,1.00
2016.10.19 09:02:58.692,1.1373,1.13732,1.12,1.00
2016.10.19 09:02:58.845,1.13731,1.13733,1.00,1.00
2016.10.19 09:02:59.524,1.13732,1.13734,1.50,1.00
2016.10.19 09:02:59.575,1.13732,1.13735,2.62,1.50
2016.10.19 09:02:59.626,1.13733,1.13735,1.00,1.50
2016.10.19 09:02:59.779,1.13733,1.13735,1.00,1.00
2016.10.19 09:02:59.932,1.13733,1.13735,1.00,1.50
2016.10.19 09:03:00.136,1.13733,1.13735,1.50,1.00
2016.10.19 09:03:00.187,1.13733,1.13735,1.50,1.50
2016.10.19 09:03:00.706,1.13734,1.13736,1.50,1.50
2016.10.19 09:03:00.762,1.13734,1.13737,1.50,1.00
2016.10.19 09:03:00.813,1.13735,1.13737,1.00,1.00
2016.10.19 09:03:00.864,1.13733,1.13737,3.00,1.00
2016.10.19 09:03:00.915,1.13733,1.13736,2.62,1.00
2016.10.19 09:03:00.966,1.13733,1.13736,3.37,1.00
2016.10.19 09:03:01.794,1.13733,1.13737,3.37,1.00
2016.10.19 09:03:01.895,1.13733,1.13737,2.62,1.00
2016.10.19 09:03:02.502,1.13733,1.13735,1.50,1.00
2016.10.19 09:03:02.604,1.13732,1.13735,3.00,1.50
2016.10.19 09:03:02.772,1.13732,1.13735,2.25,1.50
2016.10.19 09:03:02.823,1.13732,1.13735,2.25,1.00
2016.10.19 09:03:02.975,1.13732,1.13735,2.25,1.50
2016.10.19 09:03:03.275,1.13732,1.13735,3.75,1.50
2016.10.19 09:03:03.326,1.13732,1.13735,4.87,1.50
2016.10.19 09:03:03.377,1.13732,1.13735,4.87,1.00
2016.10.19 09:03:03.479,1.13732,1.13735,4.87,1.50
2016.10.19 09:03:03.690,1.13732,1.13735,4.87,1.00
2016.10.19 09:03:03.742,1.13733,1.13735,1.00,1.50
2016.10.19 09:03:03.845,1.13733,1.13735,1.00,1.00
2016.10.19 09:03:04.202,1.13733,1.13735,2.62,1.50
2016.10.19 09:03:04.253,1.13733,1.13735,2.25,1.00
2016.10.19 09:03:04.304,1.13733,1.13735,1.50,1.00
2016.10.19 09:03:04.355,1.13733,1.13736,1.50,1.50
2016.10.19 09:03:04.406,1.13733,1.13735,1.00,1.00
2016.10.19 09:03:04.457,1.13733,1.13735,1.50,1.00
2016.10.19 09:03:04.508,1.13733,1.13735,1.00,1.00
2016.10.19 09:03:04.662,1.13732,1.13735,2.62,1.00
2016.10.19 09:03:04.764,1.13732,1.13735,1.87,1.00
2016.10.19 09:03:05.387,1.13732,1.13735,3.37,1.00
2016.10.19 09:03:05.458,1.13732,1.13735,4.12,1.00
2016.10.19 09:03:05.509,1.13732,1.13735,4.12,1.00
2016.10.19 09:03:05.662,1.13732,1.13734,3.37,1.00
2016.10.19 09:03:05.763,1.13732,1.13734,2.25,1.00
2016.10.19 09:03:05.814,1.13732,1.13734,1.50,1.00
2016.10.19 09:03:05.866,1.13732,1.13733,1.00,1.00
2016.10.19 09:03:06.187,1.1373,1.13733,5.72,1.00
2016.10.19 09:03:06.238,1.13731,1.13733,1.00,1.00
2016.10.19 09:03:06.397,1.13731,1.13733,1.00,1.00
2016.10.19 09:03:06.448,1.13731,1.13733,1.87,1.00
2016.10.19 09:03:06.521,1.13731,1.13734,1.87,1.00
2016.10.19 09:03:06.572,1.1373,1.13733,2.81,1.00
2016.10.19 09:03:06.623,1.1373,1.13732,1.87,1.00
2016.10.19 09:03:06.904,1.13728,1.13731,3.07,1.50
2016.10.19 09:03:06.955,1.13728,1.13731,1.50,1.00
2016.10.19 09:03:07.006,1.13728,1.1373,2.25,1.00
2016.10.19 09:03:07.057,1.13728,1.13731,1.12,1.50
2016.10.19 09:03:07.187,1.13728,1.1373,1.12,1.00
2016.10.19 09:03:07.238,1.13728,1.13731,2.25,1.50
2016.10.19 09:03:07.288,1.13728,1.1373,2.25,1.00
2016.10.19 09:03:07.339,1.13728,1.13731,2.25,1.50
2016.10.19 09:03:07.390,1.13728,1.1373,1.50,1.00
2016.10.19 09:03:08.111,1.13727,1.1373,5.06,1.00
2016.10.19 09:03:08.167,1.13727,1.13731,4.69,1.50
2016.10.19 09:03:08.218,1.13727,1.1373,4.69,1.00
2016.10.19 09:03:08.269,1.13727,1.1373,5.44,1.00
2016.10.19 09:03:08.320,1.13727,1.13731,5.44,1.50
2016.10.19 09:03:08.371,1.13728,1.1373,2.44,1.00
2016.10.19 09:03:08.423,1.13728,1.13733,4.69,1.00
2016.10.19 09:03:08.474,1.1373,1.13734,2.91,1.00
2016.10.19 09:03:08.525,1.1373,1.13734,3.56,1.00
2016.10.19 09:03:08.814,1.13732,1.13734,1.50,1.00
2016.10.19 09:03:08.866,1.13732,1.13734,1.00,1.00
2016.10.19 09:03:08.917,1.13731,1.13735,2.06,1.50
2016.10.19 09:03:08.969,1.13731,1.13734,1.69,1.00
2016.10.19 09:03:09.607,1.13731,1.13734,1.31,1.00
2016.10.19 09:03:09.659,1.1373,1.13733,1.69,1.00
2016.10.19 09:03:09.867,1.13729,1.13733,3.75,1.00
2016.10.19 09:03:10.071,1.13729,1.13733,3.00,1.00
2016.10.19 09:03:10.175,1.13729,1.13733,3.75,1.00
2016.10.19 09:03:10.489,1.13729,1.13733,2.06,1.00
2016.10.19 09:03:10.644,1.13729,1.13732,2.44,1.00
2016.10.19 09:03:10.746,1.13729,1.13732,3.19,1.00
2016.10.19 09:03:10.849,1.13729,1.13732,1.31,1.00
2016.10.19 09:03:10.950,1.13729,1.13732,1.19,1.00
2016.10.19 09:03:11.368,1.13729,1.13732,1.25,1.00
2016.10.19 09:03:11.571,1.13729,1.13732,1.00,1.00
2016.10.19 09:03:11.674,1.13729,1.13732,2.81,1.00
2016.10.19 09:03:11.973,1.13731,1.13733,2.25,1.00
2016.10.19 09:03:12.024,1.13731,1.13734,2.62,1.00
2016.10.19 09:03:12.075,1.13731,1.13733,1.00,1.00
2016.10.19 09:03:12.127,1.13729,1.13732,1.12,1.00
2016.10.19 09:03:12.230,1.13728,1.13732,4.31,1.00
2016.10.19 09:03:12.549,1.13728,1.13733,3.94,1.00
2016.10.19 09:03:12.600,1.13728,1.13731,3.94,1.00
2016.10.19 09:03:12.652,1.13728,1.13731,2.81,1.00
2016.10.19 09:03:12.703,1.13728,1.13734,2.81,1.00
2016.10.19 09:03:13.055,1.13728,1.13733,1.87,1.00
2016.10.19 09:03:13.432,1.13728,1.13734,3.00,1.00
2016.10.19 09:03:13.485,1.13728,1.13733,2.25,1.00
2016.10.19 09:03:13.536,1.13727,1.13731,2.62,1.00
2016.10.19 09:03:13.588,1.13727,1.13731,1.50,1.00
2016.10.19 09:03:13.641,1.13727,1.13733,1.50,1.00
2016.10.19 09:03:13.693,1.13727,1.13731,1.50,1.50
2016.10.19 09:03:13.744,1.13727,1.13729,1.87,1.00
2016.10.19 09:03:13.796,1.13727,1.13729,2.06,1.00
2016.10.19 09:03:14.088,1.13727,1.13729,2.44,1.00
2016.10.19 09:03:14.140,1.13727,1.13729,1.50,1.00
2016.10.19 09:03:14.288,1.13726,1.13728,1.12,1.50
2016.10.19 09:03:14.349,1.13724,1.13726,1.50,1.00
2016.10.19 09:03:14.400,1.13724,1.13727,1.00,1.00
2016.10.19 09:03:14.452,1.13722,1.13725,3.00,1.50
2016.10.19 09:03:14.505,1.13722,1.13724,1.87,1.00
2016.10.19 09:03:14.780,1.13722,1.13725,2.25,1.00
2016.10.19 09:03:14.835,1.13722,1.13726,1.69,2.25
2016.10.19 09:03:14.886,1.13722,1.13726,1.69,1.50
2016.10.19 09:03:14.988,1.13721,1.13724,1.69,1.00
2016.10.19 09:03:15.039,1.13721,1.13723,1.25,1.00
2016.10.19 09:03:15.090,1.1372,1.13723,2.25,1.00
2016.10.19 09:03:15.141,1.1372,1.13723,1.00,1.00
2016.10.19 09:03:15.740,1.1372,1.13723,1.19,1.00
2016.10.19 09:03:15.791,1.13719,1.13723,4.50,1.00
2016.10.19 09:03:15.895,1.13719,1.13723,4.31,1.00
2016.10.19 09:03:15.961,1.13719,1.13723,3.94,1.00
2016.10.19 09:03:16.063,1.13719,1.13723,3.19,1.00
2016.10.19 09:03:16.421,1.13719,1.13723,2.06,1.00
2016.10.19 09:03:17.331,1.13719,1.13723,2.25,1.00
2016.10.19 09:03:17.484,1.13719,1.13722,1.50,1.00
2016.10.19 09:03:17.535,1.13718,1.13721,4.50,1.00
2016.10.19 09:03:17.587,1.13719,1.13722,1.31,1.00
2016.10.19 09:03:17.639,1.13718,1.1372,1.19,1.00
2016.10.19 09:03:17.690,1.13717,1.13719,1.00,1.50
2016.10.19 09:03:18.053,1.13714,1.13718,1.31,1.00
2016.10.19 09:03:18.105,1.13713,1.13718,3.75,1.00
2016.10.19 09:03:18.360,1.13713,1.13718,2.62,1.00
2016.10.19 09:03:19.032,1.13713,1.13717,2.44,1.00
2016.10.19 09:03:19.134,1.13713,1.13716,3.19,1.00
2016.10.19 09:03:19.185,1.13713,1.13716,3.37,1.00
2016.10.19 09:03:20.377,1.13713,1.13716,3.00,1.00
2016.10.19 09:03:20.430,1.13713,1.13716,2.62,1.00
2016.10.19 09:03:20.532,1.13713,1.13716,2.25,1.00
2016.10.19 09:03:20.582,1.13713,1.13716,1.87,1.00
2016.10.19 09:03:20.684,1.13713,1.13716,2.62,1.00
2016.10.19 09:03:20.735,1.13714,1.13716,1.00,1.00
2016.10.19 09:03:20.786,1.13714,1.1372,1.78,1.00
2016.10.19 09:03:21.128,1.13715,1.1372,1.78,1.50
2016.10.19 09:03:21.184,1.13715,1.1372,1.50,1.50
2016.10.19 09:03:21.336,1.13715,1.1372,1.00,1.00
2016.10.19 09:03:21.438,1.13715,1.1372,1.00,1.50
2016.10.19 09:03:21.489,1.13715,1.1372,1.12,1.50
2016.10.19 09:03:21.866,1.13715,1.1372,1.12,1.00
2016.10.19 09:03:22.021,1.13715,1.1372,1.12,1.50
2016.10.19 09:03:22.178,1.13715,1.1372,1.00,1.50
2016.10.19 09:03:22.229,1.13715,1.1372,1.25,1.00
2016.10.19 09:03:22.280,1.13715,1.1372,1.25,1.50
2016.10.19 09:03:22.716,1.13716,1.1372,1.00,1.00
2016.10.19 09:03:22.771,1.13717,1.13722,1.19,1.00
2016.10.19 09:03:22.822,1.13717,1.13722,2.44,1.50
2016.10.19 09:03:22.874,1.13717,1.13722,2.44,1.00
2016.10.19 09:03:22.925,1.13718,1.13722,1.25,1.00
2016.10.19 09:03:23.077,1.13718,1.13722,1.25,1.50
2016.10.19 09:03:23.760,1.13719,1.13722,1.12,1.00
2016.10.19 09:03:23.811,1.1372,1.13724,1.57,1.00
2016.10.19 09:03:23.913,1.1372,1.13724,1.10,1.00
2016.10.19 09:03:23.992,1.1372,1.13724,1.00,1.50
2016.10.19 09:03:24.043,1.13719,1.13724,3.37,1.50
2016.10.19 09:03:24.537,1.13719,1.13724,1.87,1.50
2016.10.19 09:03:24.590,1.13719,1.13724,1.50,1.50
2016.10.19 09:03:24.716,1.13719,1.13724,1.50,1.00
2016.10.19 09:03:24.768,1.13719,1.13724,2.62,1.00
2016.10.19 09:03:25.022,1.13719,1.13724,2.81,1.00
2016.10.19 09:03:25.737,1.13719,1.13724,2.62,1.00
2016.10.19 09:03:26.512,1.13719,1.13725,2.62,1.50
2016.10.19 09:03:26.579,1.13719,1.13723,2.62,1.00
2016.10.19 09:03:28.310,1.13719,1.13723,1.87,1.00
2016.10.19 09:03:28.375,1.13719,1.13722,1.50,1.00
2016.10.19 09:03:28.477,1.13719,1.13722,1.12,1.00
2016.10.19 09:03:28.870,1.13719,1.13723,1.12,1.50
2016.10.19 09:03:29.892,1.13719,1.13723,1.12,1.00
2016.10.19 09:03:30.095,1.13719,1.13722,1.87,1.00
2016.10.19 09:03:31.277,1.13719,1.13722,1.00,1.00
2016.10.19 09:03:31.380,1.13718,1.13721,1.50,1.00
2016.10.19 09:03:31.687,1.13718,1.13721,1.12,1.00
2016.10.19 09:03:32.269,1.13718,1.13721,1.00,1.00
2016.10.19 09:03:32.578,1.13717,1.1372,1.69,1.00
2016.10.19 09:03:32.681,1.13717,1.13722,1.69,1.00
2016.10.19 09:03:32.834,1.13717,1.13722,2.44,1.00
2016.10.19 09:03:33.522,1.13717,1.13722,1.25,1.00
2016.10.19 09:03:33.712,1.13717,1.13722,1.69,1.00
2016.10.19 09:03:34.443,1.13719,1.13723,1.00,1.00
2016.10.19 09:03:35.033,1.13719,1.13723,1.50,1.00
2016.10.19 09:03:36.465,1.13719,1.13722,2.25,1.00
2016.10.19 09:03:36.516,1.13719,1.13722,1.50,1.00
2016.10.19 09:03:37.244,1.13719,1.13722,1.00,1.00
2016.10.19 09:03:38.076,1.13719,1.13722,1.50,1.00
2016.10.19 09:03:38.667,1.13719,1.13722,2.25,1.00
2016.10.19 09:03:38.819,1.13719,1.13725,2.25,2.25
2016.10.19 09:03:39.226,1.13719,1.13725,1.50,2.25
2016.10.19 09:03:39.288,1.13719,1.13725,1.50,1.50
2016.10.19 09:03:39.726,1.13719,1.13725,1.00,1.50
2016.10.19 09:03:39.827,1.1372,1.13725,1.00,1.50
2016.10.19 09:03:39.929,1.13719,1.13725,1.50,1.50
2016.10.19 09:03:40.723,1.1372,1.13725,1.00,1.50
2016.10.19 09:03:40.775,1.13719,1.13725,1.50,1.50
2016.10.19 09:03:40.879,1.1372,1.13725,1.00,1.50
2016.10.19 09:03:41.362,1.13719,1.13725,1.00,1.50
2016.10.19 09:03:41.414,1.13719,1.13724,1.00,1.00
2016.10.19 09:03:41.864,1.13719,1.13725,2.62,1.00
2016.10.19 09:03:41.917,1.1372,1.13725,1.00,1.00
2016.10.19 09:03:41.969,1.1372,1.13726,1.10,1.00
2016.10.19 09:03:42.080,1.13719,1.13726,5.25,1.00
2016.10.19 09:03:42.196,1.1372,1.13726,1.00,1.00
2016.10.19 09:03:42.299,1.1372,1.13727,2.32,3.56
2016.10.19 09:03:42.593,1.1372,1.13727,2.32,3.19
2016.10.19 09:03:42.644,1.1372,1.13727,1.50,1.69
2016.10.19 09:03:42.695,1.1372,1.13727,2.25,1.50
2016.10.19 09:03:42.957,1.1372,1.13727,3.00,1.50
2016.10.19 09:03:43.059,1.1372,1.13727,1.50,1.50
2016.10.19 09:03:43.110,1.1372,1.13727,2.25,1.50
2016.10.19 09:03:43.161,1.1372,1.13727,1.50,1.50
2016.10.19 09:03:43.473,1.1372,1.13727,2.25,1.50
2016.10.19 09:03:43.524,1.1372,1.13727,1.50,1.50
2016.10.19 09:03:43.626,1.1372,1.13726,1.00,1.00
2016.10.19 09:03:43.677,1.1372,1.13726,2.25,1.00
2016.10.19 09:03:43.729,1.1372,1.13726,1.50,1.00
2016.10.19 09:03:43.781,1.1372,1.13726,1.25,1.00
2016.10.19 09:03:43.835,1.13721,1.13727,1.00,1.00
2016.10.19 09:03:43.886,1.13721,1.13728,1.00,1.50
2016.10.19 09:03:44.351,1.1372,1.13727,1.50,1.50
2016.10.19 09:03:44.402,1.13719,1.13727,1.37,3.00
2016.10.19 09:03:44.454,1.13718,1.13727,5.81,3.75
2016.10.19 09:03:44.506,1.13722,1.13726,1.00,1.00
2016.10.19 09:03:44.814,1.13722,1.13727,1.00,1.50
2016.10.19 09:03:45.829,1.13722,1.13727,1.00,1.00
2016.10.19 09:03:45.931,1.13724,1.13727,1.00,1.00
2016.10.19 09:03:45.982,1.13724,1.13727,1.50,1.00
2016.10.19 09:03:46.328,1.13725,1.13727,1.00,1.00
2016.10.19 09:03:46.431,1.13725,1.13729,1.00,2.62
2016.10.19 09:03:46.729,1.13724,1.13729,1.50,1.87
2016.10.19 09:03:46.780,1.13725,1.13729,1.00,1.87
2016.10.19 09:03:46.831,1.13725,1.13729,1.50,1.87
2016.10.19 09:03:47.300,1.13725,1.13729,1.50,2.25
2016.10.19 09:03:47.625,1.13725,1.13729,1.00,2.25
2016.10.19 09:03:47.997,1.13726,1.13729,1.00,1.50
2016.10.19 09:03:48.048,1.13726,1.13729,1.00,1.00
2016.10.19 09:03:48.342,1.13726,1.13729,1.00,1.00
2016.10.19 09:03:49.730,1.13725,1.13728,1.50,1.25
2016.10.19 09:03:49.781,1.13725,1.13728,1.00,1.25
2016.10.19 09:03:49.832,1.13722,1.13727,1.87,1.50
2016.10.19 09:03:49.883,1.13722,1.13727,1.12,1.50
2016.10.19 09:03:49.935,1.13723,1.13727,1.00,1.00
2016.10.19 09:03:50.088,1.13725,1.13728,1.50,1.00
2016.10.19 09:03:50.386,1.13725,1.13728,1.50,1.19
2016.10.19 09:03:50.495,1.13725,1.13728,1.00,1.19
2016.10.19 09:03:50.546,1.13723,1.13728,1.00,1.69
2016.10.19 09:03:50.649,1.13723,1.13727,1.00,1.25
2016.10.19 09:03:51.298,1.13724,1.13727,1.00,1.25
2016.10.19 09:03:51.353,1.13725,1.13727,1.00,1.00
2016.10.19 09:03:52.491,1.13724,1.13727,1.00,1.00
2016.10.19 09:03:52.644,1.13725,1.13728,1.00,1.50
2016.10.19 09:03:52.745,1.13724,1.13728,1.00,1.00
2016.10.19 09:03:53.679,1.13725,1.13728,1.00,1.00
2016.10.19 09:03:54.328,1.13724,1.13728,1.00,1.00
2016.10.19 09:03:54.626,1.13724,1.1373,1.00,4.87
2016.10.19 09:03:55.480,1.13725,1.1373,1.00,5.62
2016.10.19 09:03:55.551,1.13725,1.1373,1.00,4.87
2016.10.19 09:03:55.602,1.13725,1.13729,1.00,1.00
2016.10.19 09:03:56.179,1.13726,1.13729,1.00,1.00
2016.10.19 09:03:56.433,1.13726,1.13728,1.00,1.00
2016.10.19 09:03:56.935,1.13729,1.13733,1.50,1.50
2016.10.19 09:03:56.986,1.13734,1.13737,1.00,1.69
2016.10.19 09:03:57.037,1.13735,1.13738,1.00,2.25
2016.10.19 09:03:57.088,1.13736,1.13738,1.00,1.12
2016.10.19 09:03:57.139,1.13738,1.13741,1.00,1.50
2016.10.19 09:03:57.190,1.13739,1.13741,1.00,1.00
2016.10.19 09:03:57.242,1.13739,1.13742,1.00,1.31
2016.10.19 09:03:57.293,1.13739,1.13743,1.00,3.19
2016.10.19 09:03:57.344,1.1374,1.13743,1.00,1.12
2016.10.19 09:03:58.022,1.13741,1.13743,1.00,1.00
2016.10.19 09:03:58.225,1.13741,1.13745,1.00,1.12
2016.10.19 09:03:58.276,1.1374,1.13745,1.50,1.87
2016.10.19 09:03:58.731,1.1374,1.13744,1.50,1.00
2016.10.19 09:03:58.884,1.1374,1.13744,1.00,1.50
2016.10.19 09:03:58.935,1.13739,1.13744,1.00,2.85
2016.10.19 09:03:58.986,1.13737,1.13743,1.12,3.37
2016.10.19 09:03:59.037,1.13736,1.13743,1.87,4.50
2016.10.19 09:03:59.088,1.13736,1.13742,1.00,1.87
2016.10.19 09:03:59.139,1.13736,1.13742,1.00,3.00
2016.10.19 09:03:59.190,1.13736,1.13741,1.00,1.00
2016.10.19 09:03:59.493,1.13736,1.13743,1.00,3.37
2016.10.19 09:03:59.545,1.13736,1.13743,1.00,2.62
2016.10.19 09:03:59.697,1.13738,1.13743,1.25,1.87
2016.10.19 09:03:59.799,1.13738,1.13743,1.00,1.87
2016.10.19 09:03:59.850,1.1374,1.13743,1.50,1.12
2016.10.19 09:03:59.901,1.1374,1.13744,1.50,3.56
2016.10.19 09:03:59.952,1.1374,1.13744,1.00,2.81
2016.10.19 09:04:00.003,1.1374,1.13744,1.50,2.62
2016.10.19 09:04:00.105,1.1374,1.13744,1.00,2.62
2016.10.19 09:04:00.156,1.1374,1.13744,1.50,1.87
2016.10.19 09:04:00.450,1.1374,1.13744,1.50,1.12
2016.10.19 09:04:00.655,1.13741,1.13745,1.00,1.87
2016.10.19 09:04:00.758,1.13741,1.13745,1.00,1.00
2016.10.19 09:04:00.809,1.1374,1.13745,1.50,1.00
2016.10.19 09:04:01.166,1.1374,1.13745,1.00,1.00
2016.10.19 09:04:01.617,1.1374,1.13745,1.50,1.00
2016.10.19 09:04:01.872,1.1374,1.13745,1.00,1.00
2016.10.19 09:04:01.923,1.1374,1.13745,1.50,1.00
2016.10.19 09:04:02.920,1.1374,1.13745,1.50,1.87
2016.10.19 09:04:03.021,1.1374,1.13745,1.00,1.87
2016.10.19 09:04:03.123,1.1374,1.13745,1.50,1.87
2016.10.19 09:04:03.428,1.1374,1.13745,1.00,1.87
2016.10.19 09:04:03.622,1.1374,1.13745,1.50,1.87
2016.10.19 09:04:03.927,1.1374,1.13745,1.00,1.87
2016.10.19 09:04:04.411,1.1374,1.13745,1.50,1.87
2016.10.19 09:04:04.665,1.1374,1.13745,1.50,1.12
2016.10.19 09:04:04.716,1.1374,1.13745,1.00,1.12
2016.10.19 09:04:04.767,1.1374,1.13745,1.50,1.12
2016.10.19 09:04:05.952,1.13743,1.13746,1.00,4.12
2016.10.19 09:04:06.003,1.13743,1.13746,1.00,3.37
2016.10.19 09:04:06.156,1.13743,1.13746,1.00,3.00
2016.10.19 09:04:06.413,1.13742,1.13746,1.00,2.25
2016.10.19 09:04:07.329,1.13743,1.13746,1.00,2.25
2016.10.19 09:04:07.380,1.13744,1.13746,1.00,1.50
2016.10.19 09:04:07.533,1.13743,1.13747,1.00,1.50
2016.10.19 09:04:07.584,1.13742,1.13746,1.00,1.00
2016.10.19 09:04:07.788,1.13742,1.13747,1.00,2.25
2016.10.19 09:04:07.942,1.13742,1.13745,1.00,1.00
2016.10.19 09:04:13.799,1.1374,1.13745,1.00,1.00
2016.10.19 09:04:14.661,1.1374,1.13745,1.50,1.00
2016.10.19 09:04:15.503,1.13739,1.13742,1.00,1.00
2016.10.19 09:04:15.554,1.13739,1.1374,1.00,1.00
2016.10.19 09:04:15.706,1.13736,1.1374,1.37,1.00
2016.10.19 09:04:16.325,1.13736,1.13741,1.00,1.50
2016.10.19 09:04:16.478,1.13738,1.13742,1.00,1.00
2016.10.19 09:04:16.793,1.13738,1.13743,1.00,1.50
2016.10.19 09:04:17.162,1.13738,1.13742,1.00,1.00
2016.10.19 09:04:17.367,1.13738,1.13743,1.00,1.00
2016.10.19 09:04:19.329,1.13737,1.13742,1.00,1.00
2016.10.19 09:04:19.995,1.13738,1.13742,1.00,1.00
2016.10.19 09:04:20.046,1.13736,1.13742,1.87,1.00
2016.10.19 09:04:20.762,1.13736,1.13743,1.00,3.75
2016.10.19 09:04:20.813,1.13737,1.13743,1.00,2.25
2016.10.19 09:04:21.605,1.13737,1.13743,1.00,1.50
2016.10.19 09:04:22.452,1.13737,1.13743,1.00,1.00
2016.10.19 09:04:22.897,1.13737,1.13741,1.00,1.00
2016.10.19 09:04:23.202,1.13739,1.13741,1.00,1.00
2016.10.19 09:04:23.253,1.1374,1.13741,1.00,1.00
2016.10.19 09:04:23.996,1.1374,1.13742,1.00,1.00
2016.10.19 09:04:24.150,1.13739,1.13742,1.50,1.00
2016.10.19 09:04:24.254,1.1374,1.13742,1.00,1.00
2016.10.19 09:04:24.356,1.1374,1.13742,1.50,1.00
2016.10.19 09:04:24.408,1.1374,1.13743,1.00,1.00
2016.10.19 09:04:24.459,1.1374,1.13743,1.50,1.00
2016.10.19 09:04:25.227,1.1374,1.13743,1.00,1.00
2016.10.19 09:04:25.428,1.1374,1.13743,1.50,1.00
2016.10.19 09:04:25.479,1.1374,1.13743,1.00,1.00
2016.10.19 09:04:25.581,1.1374,1.13743,1.50,1.00
2016.10.19 09:04:26.151,1.1374,1.13743,1.00,1.00
2016.10.19 09:04:26.325,1.1374,1.13743,1.50,1.00
2016.10.19 09:04:26.445,1.1374,1.13742,1.00,1.00
2016.10.19 09:04:27.042,1.13739,1.13742,1.00,1.00
2016.10.19 09:04:28.267,1.1374,1.13742,1.00,1.00
2016.10.19 09:04:28.318,1.1374,1.13742,1.19,1.00
2016.10.19 09:04:28.369,1.13739,1.13742,2.06,1.00
2016.10.19 09:04:29.022,1.1374,1.13742,1.19,1.00
2016.10.19 09:04:29.074,1.13742,1.13745,1.00,1.00
2016.10.19 09:04:29.125,1.13742,1.13745,1.19,1.00
2016.10.19 09:04:29.278,1.13742,1.13747,1.19,3.07
2016.10.19 09:04:29.329,1.13742,1.13747,1.19,2.70
2016.10.19 09:04:29.431,1.13742,1.13747,1.19,1.50
2016.10.19 09:04:29.775,1.13742,1.13745,1.69,1.00
2016.10.19 09:04:29.978,1.13745,1.13746,1.00,1.00
2016.10.19 09:04:30.029,1.13744,1.13746,1.69,1.00
2016.10.19 09:04:30.131,1.13745,1.13746,1.00,1.00
2016.10.19 09:04:30.369,1.13745,1.13748,1.00,1.50
2016.10.19 09:04:30.776,1.13745,1.13748,1.50,1.00
2016.10.19 09:04:30.878,1.13746,1.13748,1.00,1.00
2016.10.19 09:04:30.929,1.13748,1.13749,1.25,1.00
2016.10.19 09:04:30.981,1.13748,1.13751,1.25,1.69
2016.10.19 09:04:31.032,1.13748,1.13752,1.25,1.50
2016.10.19 09:04:31.979,1.13748,1.13752,1.25,1.00
2016.10.19 09:04:32.030,1.13748,1.13752,1.00,1.00
2016.10.19 09:04:32.335,1.13748,1.13752,1.00,1.25
2016.10.19 09:04:32.647,1.13747,1.1375,1.00,1.00
2016.10.19 09:04:32.952,1.13746,1.13748,1.00,1.00
2016.10.19 09:04:33.469,1.13746,1.1375,1.00,1.00
2016.10.19 09:04:33.723,1.13746,1.1375,1.00,1.50
2016.10.19 09:04:35.326,1.13746,1.13748,1.00,1.00
2016.10.19 09:04:36.171,1.13745,1.13751,1.50,3.75
2016.10.19 09:04:36.272,1.13745,1.13751,1.50,4.50
2016.10.19 09:04:36.376,1.13745,1.13751,1.50,5.25
2016.10.19 09:04:36.481,1.13745,1.13748,1.50,1.00
2016.10.19 09:04:37.019,1.13745,1.13749,1.50,1.00
2016.10.19 09:04:37.131,1.13745,1.13749,1.00,1.00
2016.10.19 09:04:37.182,1.13745,1.13749,1.50,1.00
2016.10.19 09:04:37.693,1.13745,1.13747,1.00,1.00
2016.10.19 09:04:38.049,1.13744,1.13747,1.50,1.00
2016.10.19 09:04:38.201,1.13745,1.13747,1.00,1.00
2016.10.19 09:04:38.252,1.13744,1.13747,1.50,1.00
2016.10.19 09:04:38.303,1.13745,1.13747,1.00,1.00
2016.10.19 09:04:38.354,1.13744,1.13747,1.50,1.00
2016.10.19 09:04:38.476,1.13745,1.13747,1.00,1.00
2016.10.19 09:04:39.032,1.13744,1.13747,1.50,1.00
2016.10.19 09:04:39.135,1.13745,1.13747,1.00,1.00
2016.10.19 09:04:39.186,1.13744,1.13747,1.50,1.00
2016.10.19 09:04:39.276,1.13745,1.13747,1.00,1.00
2016.10.19 09:04:39.854,1.13744,1.13747,1.50,1.00
2016.10.19 09:04:39.905,1.13745,1.13747,1.00,1.00
2016.10.19 09:04:40.500,1.13744,1.13747,1.50,1.00
2016.10.19 09:04:40.585,1.13745,1.13747,1.00,1.00
2016.10.19 09:04:40.636,1.13743,1.13747,1.00,1.00
2016.10.19 09:04:40.687,1.13743,1.13747,1.00,1.50
2016.10.19 09:04:40.738,1.13742,1.13745,1.00,1.00
2016.10.19 09:04:41.196,1.13742,1.13747,1.00,1.50
2016.10.19 09:04:41.277,1.13742,1.13748,1.00,2.25
2016.10.19 09:04:41.379,1.13742,1.13748,1.00,1.50
2016.10.19 09:04:41.482,1.13743,1.13748,1.00,1.00
2016.10.19 09:04:41.583,1.13743,1.13749,1.00,3.00
2016.10.19 09:04:42.223,1.13743,1.13749,1.00,2.25
2016.10.19 09:04:42.274,1.13745,1.13749,1.50,1.50
2016.10.19 09:04:42.325,1.13745,1.1375,1.00,1.12
2016.10.19 09:04:42.377,1.13747,1.13751,1.00,3.19
2016.10.19 09:04:42.429,1.13748,1.13751,1.00,1.62
2016.10.19 09:04:42.740,1.13748,1.13754,1.00,2.44
2016.10.19 09:04:43.231,1.13748,1.13754,1.00,1.25
2016.10.19 09:04:43.284,1.1375,1.13755,1.50,3.19
2016.10.19 09:04:43.335,1.1375,1.13755,1.50,2.25
2016.10.19 09:04:43.697,1.1375,1.13755,1.50,1.50
2016.10.19 09:04:43.814,1.1375,1.13755,1.00,1.50
2016.10.19 09:04:43.865,1.1375,1.13755,1.50,1.50
2016.10.19 09:04:43.916,1.1375,1.13755,1.00,1.50
2016.10.19 09:04:43.967,1.1375,1.13755,1.50,1.50
2016.10.19 09:04:44.185,1.1375,1.13755,1.00,1.50
2016.10.19 09:04:44.236,1.1375,1.13755,1.00,1.00
2016.10.19 09:04:44.338,1.1375,1.13755,1.50,1.00
2016.10.19 09:04:44.719,1.1375,1.13755,1.00,1.00
2016.10.19 09:04:45.289,1.1375,1.13755,1.50,1.00
2016.10.19 09:04:45.829,1.1375,1.13754,1.50,1.00
2016.10.19 09:04:46.173,1.1375,1.13754,1.00,1.00
2016.10.19 09:04:46.427,1.1375,1.13754,1.50,1.00
2016.10.19 09:04:46.529,1.1375,1.13752,1.50,1.00
2016.10.19 09:04:46.580,1.13748,1.13752,1.00,1.00
2016.10.19 09:04:46.631,1.13747,1.13752,3.00,1.00
2016.10.19 09:04:46.917,1.13747,1.13752,2.25,1.00
2016.10.19 09:04:46.971,1.13747,1.13752,1.00,1.00
2016.10.19 09:04:48.189,1.13746,1.13749,2.25,1.00
2016.10.19 09:04:48.240,1.13746,1.13748,1.12,1.00
2016.10.19 09:04:48.296,1.13746,1.13748,1.00,1.00
2016.10.19 09:04:50.216,1.13745,1.13748,1.87,1.00
2016.10.19 09:04:50.267,1.13745,1.13748,1.50,1.00
2016.10.19 09:04:50.472,1.13744,1.13747,3.37,1.00
2016.10.19 09:04:50.727,1.13744,1.13747,2.62,1.00
2016.10.19 09:04:51.143,1.13744,1.13746,1.12,1.00
2016.10.19 09:04:51.194,1.13744,1.13746,1.12,1.50
2016.10.19 09:04:51.246,1.13743,1.13744,1.00,1.00
2016.10.19 09:04:51.298,1.13742,1.13744,1.50,1.00
2016.10.19 09:04:51.349,1.13741,1.13744,1.37,1.00
2016.10.19 09:04:51.400,1.13741,1.13743,1.00,1.00
2016.10.19 09:04:51.451,1.13741,1.13743,1.87,1.00
2016.10.19 09:04:51.553,1.13741,1.13743,1.00,1.00
2016.10.19 09:04:51.842,1.1374,1.13743,2.25,1.00
2016.10.19 09:04:51.918,1.1374,1.13743,1.50,1.00
2016.10.19 09:04:51.969,1.13741,1.13743,1.50,1.00
2016.10.19 09:04:52.021,1.13741,1.13743,1.69,1.00
2016.10.19 09:04:52.173,1.1374,1.13743,6.28,1.00
2016.10.19 09:04:52.225,1.1374,1.13744,6.94,1.00
2016.10.19 09:04:52.326,1.1374,1.13743,6.56,1.00
2016.10.19 09:04:52.626,1.13743,1.13744,1.50,1.00
2016.10.19 09:04:52.678,1.13743,1.13745,1.50,1.00
2016.10.19 09:04:53.092,1.13743,1.13745,1.12,1.00
2016.10.19 09:04:54.012,1.13743,1.13745,1.31,1.00
2016.10.19 09:04:54.063,1.13742,1.13745,4.31,1.00
2016.10.19 09:04:54.114,1.13744,1.13746,1.25,1.00
2016.10.19 09:04:54.165,1.13744,1.13748,3.19,1.00
2016.10.19 09:04:54.217,1.13745,1.13748,1.19,1.00
2016.10.19 09:04:54.268,1.13746,1.13748,1.31,1.00
2016.10.19 09:04:54.614,1.13745,1.13748,3.94,1.00
2016.10.19 09:04:55.122,1.13745,1.13749,3.94,1.00
2016.10.19 09:04:55.600,1.13745,1.1375,3.94,1.50
2016.10.19 09:04:55.651,1.13745,1.13749,5.06,1.00
2016.10.19 09:04:55.863,1.13746,1.13749,1.19,1.00
2016.10.19 09:04:55.965,1.13746,1.1375,2.44,1.00
2016.10.19 09:04:56.016,1.13747,1.1375,1.19,1.00
2016.10.19 09:04:56.067,1.13747,1.1375,1.56,1.00
2016.10.19 09:04:56.118,1.13747,1.13752,1.56,1.00
2016.10.19 09:04:56.219,1.13747,1.13752,2.06,1.00
2016.10.19 09:04:56.605,1.13747,1.1375,2.81,1.50
2016.10.19 09:04:56.656,1.13747,1.13749,2.06,1.00
2016.10.19 09:04:57.019,1.13747,1.13749,2.06,1.00
2016.10.19 09:04:57.222,1.13747,1.1375,2.06,1.50
2016.10.19 09:04:57.781,1.13747,1.1375,2.06,1.00
2016.10.19 09:04:57.836,1.13747,1.1375,2.06,1.50
2016.10.19 09:04:58.300,1.13747,1.1375,2.06,1.00
2016.10.19 09:04:58.866,1.13747,1.13749,2.06,1.00
2016.10.19 09:04:59.254,1.13747,1.13749,1.25,1.00
2016.10.19 09:04:59.305,1.13746,1.13748,1.19,1.00
2016.10.19 09:04:59.652,1.13745,1.13748,3.94,1.00
2016.10.19 09:04:59.756,1.13745,1.13748,4.69,1.00
2016.10.19 09:04:59.858,1.13745,1.13748,3.94,1.00
2016.10.19 09:04:59.960,1.13745,1.13748,4.69,1.00
2016.10.19 09:05:00.062,1.13745,1.13748,3.94,1.00
2016.10.19 09:05:00.113,1.13745,1.13748,4.69,1.00
2016.10.19 09:05:00.164,1.13745,1.13748,3.94,1.00
2016.10.19 09:05:00.266,1.13745,1.13747,2.62,1.00
2016.10.19 09:05:00.553,1.13743,1.13746,2.25,1.00
2016.10.19 09:05:00.629,1.13743,1.13747,1.87,1.00
2016.10.19 09:05:00.681,1.13743,1.13747,3.37,1.00
2016.10.19 09:05:00.732,1.13744,1.13747,1.12,1.00
2016.10.19 09:05:00.783,1.13744,1.13747,1.50,1.00
2016.10.19 09:05:00.835,1.13744,1.13747,1.87,1.00
2016.10.19 09:05:01.401,1.13744,1.13746,1.87,1.00
2016.10.19 09:05:02.518,1.13746,1.13749,1.00,1.00
2016.10.19 09:05:02.591,1.13746,1.13748,2.44,1.00
2016.10.19 09:05:02.747,1.13746,1.13748,3.56,1.00
2016.10.19 09:05:02.849,1.13746,1.13748,2.44,1.00
2016.10.19 09:05:03.204,1.13746,1.13748,2.25,1.00
2016.10.19 09:05:03.255,1.13746,1.13748,2.62,1.00
2016.10.19 09:05:03.306,1.13746,1.13748,3.00,1.00
2016.10.19 09:05:03.731,1.13746,1.1375,3.00,1.50
2016.10.19 09:05:03.833,1.13746,1.13749,2.62,1.00
2016.10.19 09:05:04.087,1.13746,1.13749,4.12,1.00
2016.10.19 09:05:04.139,1.13746,1.13749,3.00,1.00
2016.10.19 09:05:04.294,1.13746,1.13749,2.25,1.00
2016.10.19 09:05:05.400,1.13746,1.13749,2.44,1.00
2016.10.19 09:05:05.726,1.13746,1.13748,1.31,1.00
2016.10.19 09:05:05.777,1.13746,1.13748,1.12,1.00
2016.10.19 09:05:05.828,1.13745,1.13748,4.31,1.00
2016.10.19 09:05:05.879,1.13745,1.13747,2.06,1.00
2016.10.19 09:05:05.930,1.13745,1.13747,1.31,1.00
2016.10.19 09:05:05.981,1.13745,1.13747,1.25,1.00
2016.10.19 09:05:06.290,1.13745,1.13747,1.00,1.00
2016.10.19 09:05:06.442,1.13744,1.13747,2.44,1.00
2016.10.19 09:05:06.544,1.13743,1.13746,3.75,1.00
2016.10.19 09:05:06.596,1.13743,1.13745,1.87,1.00
2016.10.19 09:05:06.647,1.13742,1.13745,2.25,1.00
2016.10.19 09:05:06.750,1.13742,1.13745,1.00,1.00
2016.10.19 09:05:07.075,1.13741,1.13744,1.69,1.00
2016.10.19 09:05:08.008,1.13741,1.13744,1.00,1.00
2016.10.19 09:05:08.550,1.13741,1.13743,1.00,1.00
2016.10.19 09:05:08.601,1.1374,1.13743,2.81,1.00
2016.10.19 09:05:09.775,1.1374,1.13743,2.06,1.00
2016.10.19 09:05:09.829,1.13739,1.13742,3.19,1.00
2016.10.19 09:05:09.880,1.13739,1.13741,2.06,1.00
2016.10.19 09:05:10.032,1.13739,1.13741,1.69,1.00
2016.10.19 09:05:10.427,1.13737,1.13739,1.50,1.50
2016.10.19 09:05:10.479,1.13737,1.13738,1.00,1.50
2016.10.19 09:05:10.531,1.13735,1.13737,1.00,1.00
2016.10.19 09:05:10.582,1.13734,1.13736,2.44,1.00
2016.10.19 09:05:10.937,1.13734,1.13736,2.44,1.50
2016.10.19 09:05:10.988,1.13734,1.13735,2.44,1.00
2016.10.19 09:05:11.305,1.13732,1.13734,1.00,1.00
2016.10.19 09:05:11.360,1.13732,1.13735,1.00,1.50
2016.10.19 09:05:11.462,1.13732,1.13735,1.00,1.00
2016.10.19 09:05:11.513,1.13732,1.13736,1.00,1.00
2016.10.19 09:05:11.564,1.13732,1.13737,1.00,1.00
2016.10.19 09:05:11.616,1.13733,1.13736,1.12,1.00
2016.10.19 09:05:11.667,1.13735,1.13737,1.00,1.00
2016.10.19 09:05:12.123,1.13734,1.13737,1.00,1.00
2016.10.19 09:05:12.175,1.13733,1.13736,2.25,1.00
2016.10.19 09:05:12.429,1.13733,1.13736,1.50,1.00
2016.10.19 09:05:13.224,1.13733,1.13736,1.19,1.00
2016.10.19 09:05:13.884,1.13733,1.13736,1.25,1.00
2016.10.19 09:05:14.170,1.13733,1.13736,1.69,1.00
2016.10.19 09:05:14.785,1.13733,1.13737,1.69,1.00
2016.10.19 09:05:14.937,1.13733,1.13737,2.81,1.00
2016.10.19 09:05:14.988,1.13733,1.13737,4.31,1.00
2016.10.19 09:05:15.333,1.13734,1.13737,1.69,1.00
2016.10.19 09:05:15.541,1.13734,1.13736,1.25,1.00
2016.10.19 09:05:15.747,1.13734,1.13736,1.00,1.00
2016.10.19 09:05:16.032,1.13734,1.13736,1.00,1.50
2016.10.19 09:05:16.083,1.13733,1.13735,3.19,1.00
2016.10.19 09:05:16.438,1.13733,1.13735,3.19,1.50
2016.10.19 09:05:16.743,1.13733,1.13735,3.19,1.00
2016.10.19 09:05:16.947,1.13733,1.13735,3.19,1.50
2016.10.19 09:05:18.021,1.13733,1.13735,3.19,1.00
2016.10.19 09:05:18.253,1.13733,1.13735,2.44,1.00
2016.10.19 09:05:18.576,1.13733,1.13735,2.44,1.50
2016.10.19 09:05:19.362,1.13733,1.13735,1.69,1.50
2016.10.19 09:05:19.413,1.13733,1.13735,1.69,1.00
2016.10.19 09:05:19.646,1.13733,1.13736,1.69,1.50
2016.10.19 09:05:19.697,1.13733,1.13737,1.69,1.00
2016.10.19 09:05:20.384,1.13733,1.13736,1.25,1.00
2016.10.19 09:05:20.487,1.13733,1.13735,1.25,1.50
2016.10.19 09:05:20.589,1.13733,1.13735,1.00,1.00
2016.10.19 09:05:20.895,1.13733,1.13736,1.19,1.00
2016.10.19 09:05:21.845,1.13733,1.13737,1.00,1.00
2016.10.19 09:05:21.938,1.13733,1.13735,1.00,1.00
2016.10.19 09:05:22.040,1.13733,1.13735,1.00,1.50
2016.10.19 09:05:22.142,1.13732,1.13735,2.44,1.50
2016.10.19 09:05:22.244,1.13732,1.13735,2.44,1.00
2016.10.19 09:05:22.346,1.13732,1.13735,2.44,1.50
2016.10.19 09:05:22.397,1.13732,1.13735,1.69,1.50
2016.10.19 09:05:22.448,1.13732,1.13735,1.25,1.50
2016.10.19 09:05:22.600,1.13732,1.13735,1.25,1.00
2016.10.19 09:05:22.651,1.13732,1.13735,1.00,1.00
2016.10.19 09:05:22.971,1.13732,1.13734,1.00,1.50
2016.10.19 09:05:23.039,1.13728,1.13731,1.09,1.00
2016.10.19 09:05:23.144,1.13728,1.13731,1.09,1.00
2016.10.19 09:05:23.246,1.13728,1.1373,1.25,1.00
2016.10.19 09:05:23.965,1.13727,1.1373,1.19,1.00
2016.10.19 09:05:24.016,1.13726,1.1373,4.01,1.00
2016.10.19 09:05:24.067,1.13726,1.13728,2.62,1.00
2016.10.19 09:05:24.169,1.13724,1.13728,4.50,1.00
2016.10.19 09:05:24.221,1.13724,1.13728,4.12,1.00
2016.10.19 09:05:24.272,1.13724,1.13727,1.00,1.00
2016.10.19 09:05:24.891,1.13724,1.13727,1.19,1.00
2016.10.19 09:05:25.095,1.13723,1.13727,2.81,1.00
2016.10.19 09:05:25.247,1.13723,1.13726,2.06,1.00
2016.10.19 09:05:25.350,1.13722,1.13726,3.19,1.00
2016.10.19 09:05:25.622,1.13722,1.13726,2.81,1.00
2016.10.19 09:05:25.673,1.13723,1.13727,1.25,1.00
2016.10.19 09:05:25.775,1.13723,1.13727,2.06,1.00
2016.10.19 09:05:25.826,1.13724,1.13727,1.00,1.00
2016.10.19 09:05:26.400,1.13723,1.13727,1.12,1.00
2016.10.19 09:05:27.298,1.13723,1.13727,1.31,1.00
2016.10.19 09:05:28.105,1.13723,1.13725,1.31,1.00
2016.10.19 09:05:28.156,1.13723,1.13725,2.06,1.50
2016.10.19 09:05:28.411,1.13723,1.13725,2.06,1.00
2016.10.19 09:05:28.610,1.13723,1.13725,2.06,1.50
2016.10.19 09:05:29.072,1.13723,1.13725,1.31,1.50
2016.10.19 09:05:29.499,1.13723,1.13725,1.31,1.00
2016.10.19 09:05:29.549,1.13723,1.13726,1.31,1.50
2016.10.19 09:05:29.651,1.13723,1.13725,1.31,1.00
2016.10.19 09:05:29.702,1.13723,1.13726,1.31,1.50
2016.10.19 09:05:29.753,1.13723,1.13725,1.31,1.00
2016.10.19 09:05:29.804,1.13723,1.13726,1.31,1.00
2016.10.19 09:05:29.855,1.13723,1.13727,2.06,1.00
2016.10.19 09:05:29.906,1.13723,1.13727,2.81,1.00
2016.10.19 09:05:29.957,1.13723,1.13727,3.19,1.00
2016.10.19 09:05:30.642,1.13724,1.13727,1.69,1.00
2016.10.19 09:05:30.695,1.13725,1.13728,1.00,1.00
2016.10.19 09:05:34.819,1.13724,1.13728,1.50,1.00
2016.10.19 09:05:34.870,1.13724,1.13728,1.00,1.00
2016.10.19 09:05:34.921,1.13724,1.13726,1.00,1.00
2016.10.19 09:05:35.023,1.13723,1.13725,1.00,1.00
2016.10.19 09:05:35.074,1.13721,1.13724,1.69,1.00
2016.10.19 09:05:35.367,1.1372,1.13723,2.44,1.00
2016.10.19 09:05:35.419,1.1372,1.13723,1.50,1.00
2016.10.19 09:05:35.934,1.1372,1.13724,1.50,1.00
2016.10.19 09:05:36.347,1.1372,1.13724,1.00,1.00
2016.10.19 09:05:37.088,1.1372,1.13724,1.19,1.00
2016.10.19 09:05:37.412,1.1372,1.13724,1.41,1.00
2016.10.19 09:05:37.463,1.1372,1.13724,1.31,1.00
2016.10.19 09:05:37.616,1.13722,1.13724,1.00,1.00
2016.10.19 09:05:37.978,1.13721,1.13724,1.25,1.00
2016.10.19 09:05:38.079,1.13721,1.13724,1.00,1.00
2016.10.19 09:05:38.893,1.13721,1.13724,1.12,1.00
2016.10.19 09:05:39.046,1.13721,1.13724,1.00,1.00
2016.10.19 09:05:40.935,1.13721,1.13725,1.50,1.50
2016.10.19 09:05:41.196,1.13722,1.13725,1.00,1.50
2016.10.19 09:05:41.248,1.13722,1.13725,2.06,1.00
2016.10.19 09:05:41.300,1.13722,1.13726,2.06,1.50
2016.10.19 09:05:41.401,1.13722,1.13725,1.31,1.00
2016.10.19 09:05:41.503,1.13722,1.13726,1.31,1.50
2016.10.19 09:05:41.554,1.13722,1.13725,1.31,1.00
2016.10.19 09:05:41.605,1.13722,1.13725,1.69,1.00
2016.10.19 09:05:41.707,1.13723,1.13725,1.19,1.00
2016.10.19 09:05:41.758,1.13723,1.13727,1.19,1.00
2016.10.19 09:05:42.115,1.13723,1.13728,1.69,1.50
2016.10.19 09:05:42.198,1.13723,1.13728,3.19,1.00
2016.10.19 09:05:42.614,1.13723,1.13729,4.31,1.00
2016.10.19 09:05:43.005,1.13723,1.13729,5.06,1.00
2016.10.19 09:05:43.056,1.13724,1.13729,2.06,1.00
2016.10.19 09:05:43.354,1.13725,1.13729,1.19,1.00
2016.10.19 09:05:43.463,1.13726,1.1373,1.19,1.50
2016.10.19 09:05:43.565,1.13726,1.1373,1.19,1.00
2016.10.19 09:05:43.616,1.13726,1.1373,2.06,1.00
2016.10.19 09:05:43.668,1.13726,1.13732,2.06,1.00
2016.10.19 09:05:43.925,1.13726,1.13732,1.56,1.00
2016.10.19 09:05:44.268,1.13726,1.13732,2.59,1.00
2016.10.19 09:05:44.320,1.13726,1.1373,2.06,1.00
2016.10.19 09:05:44.900,1.13726,1.1373,1.69,1.00
2016.10.19 09:05:45.331,1.13726,1.13731,2.06,1.00
2016.10.19 09:05:45.382,1.13727,1.13731,1.31,1.00
2016.10.19 09:05:45.591,1.13727,1.1373,1.19,1.00
2016.10.19 09:05:46.137,1.13727,1.13731,1.19,1.00
2016.10.19 09:05:46.290,1.13727,1.13731,1.31,1.50
2016.10.19 09:05:46.968,1.13727,1.1373,1.19,1.00
2016.10.19 09:05:47.176,1.13726,1.13731,1.69,1.50
2016.10.19 09:05:47.227,1.13726,1.1373,1.69,1.00
2016.10.19 09:05:47.401,1.13726,1.13731,1.69,1.50
2016.10.19 09:05:47.453,1.13726,1.1373,1.69,1.00
2016.10.19 09:05:47.614,1.13726,1.13731,1.69,1.50
2016.10.19 09:05:47.716,1.13726,1.1373,1.69,1.00
2016.10.19 09:05:48.199,1.13727,1.13731,1.25,1.50
2016.10.19 09:05:48.301,1.13727,1.1373,1.25,1.00
2016.10.19 09:05:48.494,1.13727,1.13731,1.31,1.50
2016.10.19 09:05:48.750,1.13727,1.13731,1.31,1.50
2016.10.19 09:05:48.801,1.13727,1.13731,1.25,1.50
2016.10.19 09:05:48.852,1.13727,1.1373,1.25,1.00
2016.10.19 09:05:49.125,1.13727,1.13731,1.25,1.50
2016.10.19 09:05:49.467,1.13727,1.1373,1.25,1.00
2016.10.19 09:05:50.014,1.13727,1.1373,1.19,1.00
2016.10.19 09:05:50.117,1.13727,1.13731,1.00,1.50
2016.10.19 09:05:50.169,1.13726,1.13729,2.44,1.00
2016.10.19 09:05:50.221,1.13726,1.1373,2.81,1.00
2016.10.19 09:05:50.273,1.13726,1.1373,2.81,1.50
2016.10.19 09:05:50.325,1.13726,1.1373,2.06,1.50
2016.10.19 09:05:50.377,1.13726,1.1373,2.81,1.00
2016.10.19 09:05:50.846,1.13726,1.1373,2.06,1.50
2016.10.19 09:05:50.917,1.13727,1.13732,2.06,1.00
2016.10.19 09:05:50.969,1.13727,1.13733,3.94,2.25
2016.10.19 09:05:51.020,1.13728,1.13735,1.12,4.12
2016.10.19 09:05:51.072,1.13728,1.13733,1.12,1.00
2016.10.19 09:05:51.123,1.13729,1.13734,1.12,1.00
2016.10.19 09:05:51.225,1.13728,1.13735,2.44,1.50
2016.10.19 09:05:51.569,1.13728,1.13732,2.44,1.00
2016.10.19 09:05:51.620,1.13729,1.13732,1.12,1.00
2016.10.19 09:05:52.110,1.13728,1.13732,2.59,1.00
2016.10.19 09:05:52.161,1.13728,1.13734,2.59,1.00
2016.10.19 09:05:52.212,1.13728,1.13734,3.94,1.00
2016.10.19 09:05:52.364,1.13728,1.13732,3.94,1.00
2016.10.19 09:05:52.415,1.13728,1.13732,2.44,1.00
2016.10.19 09:05:52.466,1.13728,1.13732,1.56,1.00
2016.10.19 09:05:52.925,1.13728,1.13731,1.19,1.00
2016.10.19 09:05:53.191,1.13728,1.1373,1.00,1.00
2016.10.19 09:05:53.243,1.13723,1.13725,1.19,1.00
2016.10.19 09:05:53.294,1.13723,1.13726,1.19,1.00
2016.10.19 09:05:53.367,1.13723,1.13725,1.25,1.00
2016.10.19 09:05:53.418,1.13722,1.13725,3.37,1.00
2016.10.19 09:05:53.520,1.13722,1.13725,2.44,1.00
2016.10.19 09:05:53.571,1.13722,1.13725,2.44,1.50
2016.10.19 09:05:54.203,1.13721,1.13725,2.06,1.50
2016.10.19 09:05:54.255,1.13721,1.13724,1.31,1.00
2016.10.19 09:05:54.629,1.13721,1.13725,1.31,1.50
2016.10.19 09:05:54.681,1.13721,1.13724,1.31,1.00
2016.10.19 09:05:54.732,1.13721,1.13725,1.31,1.50
2016.10.19 09:05:54.784,1.13721,1.13724,1.31,1.00
2016.10.19 09:05:55.144,1.13719,1.13721,2.44,1.00
2016.10.19 09:05:55.195,1.13718,1.13721,2.06,1.00
2016.10.19 09:05:55.248,1.13718,1.13723,1.69,1.00
2016.10.19 09:05:55.299,1.13718,1.1372,1.69,1.00
2016.10.19 09:05:55.350,1.13718,1.13722,1.69,1.00
2016.10.19 09:05:55.401,1.13718,1.13721,1.69,1.00
2016.10.19 09:05:55.452,1.13718,1.13722,1.69,1.00
2016.10.19 09:05:55.503,1.13718,1.13721,1.69,1.50
2016.10.19 09:05:55.554,1.13718,1.13721,1.69,1.00
2016.10.19 09:05:55.605,1.13718,1.13721,1.69,1.00
2016.10.19 09:05:55.656,1.13718,1.1372,1.69,1.00
2016.10.19 09:05:56.144,1.13717,1.13721,5.44,1.00
2016.10.19 09:05:56.246,1.13717,1.1372,4.31,1.00
2016.10.19 09:05:56.348,1.13718,1.13722,1.19,1.50
2016.10.19 09:05:56.420,1.13718,1.13721,1.19,1.00
2016.10.19 09:05:56.728,1.13718,1.13722,1.19,1.50
2016.10.19 09:05:56.789,1.13718,1.13721,1.19,1.00
2016.10.19 09:05:57.155,1.13721,1.13723,1.19,1.00
2016.10.19 09:05:57.258,1.13721,1.13725,1.56,1.50
2016.10.19 09:05:57.310,1.1372,1.13725,7.60,1.00
2016.10.19 09:05:57.413,1.13721,1.13725,2.06,1.00
2016.10.19 09:05:57.464,1.13722,1.13725,1.19,1.00
2016.10.19 09:05:57.516,1.13722,1.13726,1.69,1.00
2016.10.19 09:05:58.269,1.13722,1.13726,2.06,1.00
2016.10.19 09:05:58.784,1.13722,1.13726,1.69,1.00
2016.10.19 09:05:58.835,1.13722,1.13727,2.06,1.00
2016.10.19 09:05:59.658,1.13722,1.13727,2.81,1.00
2016.10.19 09:05:59.709,1.13723,1.13727,1.19,1.00
2016.10.19 09:06:00.223,1.13723,1.13726,1.19,1.00
2016.10.19 09:06:01.288,1.13723,1.13728,1.19,1.00
2016.10.19 09:06:01.339,1.13723,1.13726,1.19,1.00
2016.10.19 09:06:01.390,1.13723,1.13726,1.19,1.00
2016.10.19 09:06:01.441,1.13723,1.13729,1.69,1.00
2016.10.19 09:06:01.794,1.13723,1.1373,1.69,3.56
2016.10.19 09:06:01.870,1.13723,1.13729,1.69,1.00
2016.10.19 09:06:02.446,1.13723,1.13729,1.25,1.00
2016.10.19 09:06:02.548,1.13723,1.13729,1.19,1.00
2016.10.19 09:06:03.143,1.13723,1.13728,1.19,1.00
2016.10.19 09:06:03.651,1.13723,1.13728,1.00,1.00
2016.10.19 09:06:04.233,1.13723,1.13728,1.19,1.00
2016.10.19 09:06:04.810,1.13723,1.13727,1.19,1.00
2016.10.19 09:06:06.262,1.13723,1.13727,1.00,1.00
2016.10.19 09:06:06.364,1.13723,1.13727,1.31,1.00
2016.10.19 09:06:06.715,1.13723,1.13727,1.00,1.00
2016.10.19 09:06:06.870,1.13723,1.13729,2.06,1.00
2016.10.19 09:06:07.134,1.13723,1.13729,3.34,1.00
2016.10.19 09:06:07.291,1.13723,1.13729,2.59,1.00
2016.10.19 09:06:07.342,1.13723,1.13728,1.69,1.00
2016.10.19 09:06:07.765,1.13723,1.13729,2.81,1.00
2016.10.19 09:06:07.817,1.13724,1.13728,1.56,1.00
2016.10.19 09:06:07.868,1.13724,1.13728,1.19,1.00
2016.10.19 09:06:07.919,1.13724,1.13728,1.69,1.00
2016.10.19 09:06:07.970,1.13724,1.1373,1.69,1.69
2016.10.19 09:06:08.021,1.13724,1.1373,1.69,1.50
2016.10.19 09:06:08.174,1.13724,1.1373,2.06,1.50
2016.10.19 09:06:08.734,1.13724,1.1373,1.31,1.50
2016.10.19 09:06:08.942,1.13724,1.1373,1.31,1.00
2016.10.19 09:06:08.994,1.13724,1.1373,1.31,1.50
2016.10.19 09:06:09.096,1.13724,1.1373,1.31,1.00
2016.10.19 09:06:09.147,1.13724,1.1373,1.69,1.50
2016.10.19 09:06:09.355,1.13724,1.13729,1.69,1.00
2016.10.19 09:06:09.663,1.13724,1.13729,1.31,1.00
2016.10.19 09:06:09.764,1.13724,1.13729,1.69,1.00
2016.10.19 09:06:10.041,1.13724,1.13729,1.31,1.00
2016.10.19 09:06:10.160,1.13724,1.13729,1.69,1.00
2016.10.19 09:06:10.262,1.13724,1.13729,1.31,1.00
2016.10.19 09:06:10.364,1.13724,1.1373,1.69,1.00
2016.10.19 09:06:10.415,1.13724,1.1373,2.44,1.50
2016.10.19 09:06:10.466,1.13724,1.1373,2.06,1.00
2016.10.19 09:06:11.063,1.13726,1.13732,5.81,1.00
2016.10.19 09:06:11.137,1.13726,1.13734,5.06,1.00
2016.10.19 09:06:11.188,1.13726,1.13734,4.31,1.00
2016.10.19 09:06:11.239,1.13727,1.13734,1.69,1.00
2016.10.19 09:06:11.290,1.13727,1.13734,2.06,1.00
2016.10.19 09:06:11.445,1.13727,1.13734,2.81,1.00
2016.10.19 09:06:13.024,1.13728,1.13735,1.00,1.00
2016.10.19 09:06:13.076,1.13728,1.13736,1.19,3.75
2016.10.19 09:06:13.177,1.13728,1.13735,1.00,1.00
2016.10.19 09:06:13.228,1.13728,1.13736,1.00,3.75
2016.10.19 09:06:13.429,1.13728,1.13735,1.00,1.00
2016.10.19 09:06:13.832,1.13728,1.13735,1.19,1.00
2016.10.19 09:06:14.219,1.13728,1.13735,1.25,1.00
2016.10.19 09:06:14.271,1.13728,1.13736,1.31,3.75
2016.10.19 09:06:14.397,1.13728,1.13735,1.31,1.00
2016.10.19 09:06:15.194,1.13727,1.13735,3.94,1.00
2016.10.19 09:06:15.347,1.13727,1.13735,2.06,1.00
2016.10.19 09:06:15.399,1.13727,1.13735,1.69,1.00
2016.10.19 09:06:15.690,1.13727,1.13735,2.06,1.00
2016.10.19 09:06:15.842,1.13727,1.13736,1.69,5.25
2016.10.19 09:06:16.132,1.13727,1.13735,2.81,1.00
2016.10.19 09:06:16.183,1.13727,1.13736,3.19,3.75
2016.10.19 09:06:16.234,1.13727,1.13735,3.56,1.00
2016.10.19 09:06:16.285,1.13727,1.13736,3.56,3.00
2016.10.19 09:06:16.336,1.13727,1.13735,3.19,1.00
2016.10.19 09:06:16.386,1.13727,1.13736,3.19,3.00
2016.10.19 09:06:16.488,1.13727,1.13735,3.19,1.00
2016.10.19 09:06:16.539,1.13727,1.13735,4.09,1.00
2016.10.19 09:06:16.922,1.13727,1.13736,4.84,3.75
2016.10.19 09:06:17.023,1.13727,1.13736,4.69,3.75
2016.10.19 09:06:17.074,1.13727,1.13735,4.31,1.00
2016.10.19 09:06:17.125,1.13727,1.13736,4.46,3.75
2016.10.19 09:06:17.176,1.13727,1.13736,4.84,3.75
2016.10.19 09:06:17.766,1.13729,1.13736,1.19,1.50
2016.10.19 09:06:18.079,1.13731,1.13738,1.12,1.50
2016.10.19 09:06:18.138,1.13731,1.13738,1.31,1.50
2016.10.19 09:06:19.326,1.13734,1.1374,1.19,1.69
2016.10.19 09:06:19.378,1.13734,1.1374,1.31,1.00
2016.10.19 09:06:19.429,1.13734,1.13741,2.53,2.62
2016.10.19 09:06:19.481,1.13735,1.1374,2.16,1.00
2016.10.19 09:06:19.532,1.13735,1.13743,2.81,2.06
2016.10.19 09:06:19.583,1.13735,1.13743,3.19,1.00
2016.10.19 09:06:19.634,1.13735,1.13743,4.03,1.00
2016.10.19 09:06:19.736,1.13735,1.13743,3.94,1.00
2016.10.19 09:06:19.883,1.13735,1.13743,4.03,1.00
2016.10.19 09:06:20.168,1.13735,1.13743,3.28,1.00
2016.10.19 09:06:20.227,1.13736,1.13744,1.69,4.12
2016.10.19 09:06:20.329,1.13736,1.13744,1.69,3.37
2016.10.19 09:06:20.691,1.13736,1.13744,2.44,2.62
2016.10.19 09:06:21.276,1.13736,1.13741,1.69,1.00
2016.10.19 09:06:21.378,1.13736,1.1374,1.00,2.62
2016.10.19 09:06:21.430,1.13735,1.1374,1.87,3.37
2016.10.19 09:06:21.481,1.13733,1.1374,3.94,4.35
2016.10.19 09:06:21.532,1.13733,1.1374,2.44,4.35
2016.10.19 09:06:21.583,1.13733,1.13739,1.12,1.00
2016.10.19 09:06:21.634,1.13733,1.13739,1.00,1.00
2016.10.19 09:06:21.685,1.13732,1.1374,1.69,5.25
2016.10.19 09:06:21.999,1.13732,1.13739,2.14,1.12
2016.10.19 09:06:22.562,1.13732,1.13739,2.81,1.12
2016.10.19 09:06:22.664,1.13732,1.13739,1.69,1.12
2016.10.19 09:06:22.715,1.13732,1.13739,1.69,1.12
2016.10.19 09:06:23.809,1.13733,1.13739,1.25,1.12
2016.10.19 09:06:24.231,1.13733,1.1374,1.25,1.12
2016.10.19 09:06:24.575,1.13735,1.1374,1.19,1.12
2016.10.19 09:06:24.630,1.13735,1.13741,1.69,1.87
2016.10.19 09:06:24.682,1.13736,1.13741,1.25,1.12
2016.10.19 09:06:24.733,1.13736,1.13743,1.25,3.00
2016.10.19 09:06:24.784,1.13736,1.13743,1.25,2.25
2016.10.19 09:06:24.835,1.13736,1.13743,1.25,1.87
2016.10.19 09:06:24.886,1.13736,1.13743,1.25,1.50
2016.10.19 09:06:25.090,1.13735,1.13742,3.75,1.00
2016.10.19 09:06:25.141,1.13735,1.13742,1.50,2.10
2016.10.19 09:06:25.192,1.13735,1.13741,1.00,1.00
2016.10.19 09:06:25.470,1.13735,1.13741,1.00,3.22
2016.10.19 09:06:25.521,1.13735,1.13741,1.00,1.50
2016.10.19 09:06:25.572,1.13733,1.13741,2.62,2.25
2016.10.19 09:06:25.773,1.13733,1.13741,2.62,3.00
2016.10.19 09:06:25.925,1.13733,1.13741,2.62,3.37
2016.10.19 09:06:26.176,1.13733,1.1374,2.62,1.00
2016.10.19 09:06:26.816,1.13733,1.1374,1.87,1.00
2016.10.19 09:06:26.867,1.13733,1.1374,1.87,1.50
2016.10.19 09:06:27.129,1.13733,1.13739,1.87,1.00
2016.10.19 09:06:27.180,1.13733,1.13739,1.69,1.00
2016.10.19 09:06:27.231,1.13733,1.1374,1.69,3.00
2016.10.19 09:06:27.281,1.13733,1.1374,1.69,3.75
2016.10.19 09:06:27.332,1.13733,1.1374,1.69,3.00
2016.10.19 09:06:27.952,1.13732,1.1374,2.89,1.50
2016.10.19 09:06:28.005,1.13734,1.1374,1.00,1.00
2016.10.19 09:06:30.352,1.13733,1.13737,1.00,1.00
2016.10.19 09:06:30.454,1.13731,1.13737,3.37,1.00
2016.10.19 09:06:30.505,1.13731,1.13737,1.87,1.50
2016.10.19 09:06:30.557,1.13731,1.13736,1.25,1.50
2016.10.19 09:06:30.608,1.1373,1.13736,1.25,1.50
2016.10.19 09:06:30.659,1.13731,1.13736,1.25,1.50
2016.10.19 09:06:30.760,1.13731,1.13736,1.25,2.25
2016.10.19 09:06:31.061,1.13732,1.13736,1.00,2.25
2016.10.19 09:06:31.113,1.13732,1.13738,1.00,1.87
2016.10.19 09:06:31.164,1.13732,1.13738,1.00,1.50
2016.10.19 09:06:31.215,1.13732,1.13738,1.00,2.25
2016.10.19 09:06:31.553,1.1373,1.13738,3.07,2.25
2016.10.19 09:06:31.985,1.1373,1.13738,2.25,2.25
2016.10.19 09:06:32.413,1.1373,1.13738,1.69,2.25
2016.10.19 09:06:32.464,1.1373,1.13738,2.81,3.00
2016.10.19 09:06:32.515,1.13731,1.13738,1.00,1.50
2016.10.19 09:06:32.566,1.1373,1.13737,1.69,1.00
2016.10.19 09:06:32.668,1.1373,1.13737,2.44,1.00
2016.10.19 09:06:32.770,1.1373,1.13737,1.50,1.00
2016.10.19 09:06:33.780,1.1373,1.13737,2.25,1.00
2016.10.19 09:06:33.882,1.1373,1.13737,2.25,1.50
2016.10.19 09:06:33.978,1.13731,1.13737,1.00,1.50
2016.10.19 09:06:34.081,1.13731,1.13737,1.00,1.00
2016.10.19 09:06:34.431,1.13731,1.13738,1.50,2.25
2016.10.19 09:06:34.801,1.13731,1.13738,1.00,2.25
2016.10.19 09:06:34.954,1.13731,1.13737,1.00,1.00
2016.10.19 09:06:35.334,1.13731,1.13737,1.50,1.00
2016.10.19 09:06:35.487,1.13731,1.13737,1.69,1.00
2016.10.19 09:06:36.139,1.13731,1.13737,2.44,1.00
2016.10.19 09:06:38.074,1.13731,1.13738,2.44,1.50
2016.10.19 09:06:39.221,1.13732,1.13738,1.00,1.50
2016.10.19 09:06:39.272,1.13732,1.13737,1.00,1.00
2016.10.19 09:06:40.400,1.13735,1.13738,1.00,1.00
2016.10.19 09:06:41.299,1.13734,1.13738,1.50,1.00
2016.10.19 09:06:41.350,1.13735,1.13738,1.00,1.00
2016.10.19 09:06:41.645,1.13735,1.13739,1.00,2.25
2016.10.19 09:06:41.923,1.13734,1.13739,1.50,2.25
2016.10.19 09:06:42.219,1.13735,1.13739,1.00,2.25
2016.10.19 09:06:42.852,1.13734,1.13739,1.00,2.25
2016.10.19 09:06:43.369,1.13733,1.13739,1.00,2.62
2016.10.19 09:06:43.420,1.13734,1.13739,1.00,3.37
2016.10.19 09:06:44.025,1.13733,1.13739,1.00,3.37
2016.10.19 09:06:45.356,1.13732,1.13739,1.00,3.37
2016.10.19 09:06:45.959,1.13731,1.13738,1.50,1.54
2016.10.19 09:06:46.010,1.13731,1.13737,1.00,2.62
2016.10.19 09:06:46.061,1.13731,1.13737,1.00,5.10
2016.10.19 09:06:46.112,1.13731,1.13737,1.00,4.35
2016.10.19 09:06:46.399,1.13731,1.13737,1.00,4.72
2016.10.19 09:06:46.451,1.13731,1.13736,1.00,1.00
2016.10.19 09:06:47.075,1.1373,1.13736,1.25,1.00
2016.10.19 09:06:47.177,1.13729,1.13736,4.69,1.00
2016.10.19 09:06:47.661,1.1373,1.13736,1.25,1.00
2016.10.19 09:06:47.764,1.13729,1.13736,4.69,1.00
2016.10.19 09:06:48.032,1.1373,1.13736,1.25,1.00
2016.10.19 09:06:48.083,1.13731,1.13737,1.25,3.37
2016.10.19 09:06:48.134,1.13731,1.13737,1.69,2.25
2016.10.19 09:06:48.185,1.13731,1.13737,1.50,1.50
2016.10.19 09:06:48.472,1.13731,1.13737,1.50,1.00
2016.10.19 09:06:48.678,1.13731,1.13737,1.00,1.00
2016.10.19 09:06:48.883,1.13731,1.13738,1.00,3.94
2016.10.19 09:06:49.512,1.13731,1.13738,1.00,3.19
2016.10.19 09:06:49.563,1.13731,1.13738,1.00,3.94
2016.10.19 09:06:51.107,1.13731,1.13738,1.50,3.94
2016.10.19 09:06:52.413,1.13731,1.13738,2.25,3.19
2016.10.19 09:06:52.464,1.13731,1.13737,2.25,1.00
2016.10.19 09:06:52.515,1.13731,1.13737,2.25,1.50
2016.10.19 09:06:52.816,1.13731,1.13737,1.95,1.00
2016.10.19 09:06:52.868,1.13731,1.13738,1.95,3.19
2016.10.19 09:06:53.526,1.13731,1.13738,1.95,2.44
2016.10.19 09:06:53.708,1.13731,1.13738,1.50,2.44
2016.10.19 09:06:54.314,1.13731,1.13738,2.25,1.25
2016.10.19 09:06:54.369,1.13733,1.13738,1.00,1.25
2016.10.19 09:06:54.420,1.13733,1.13738,1.00,1.31
2016.10.19 09:06:54.471,1.13733,1.13738,1.00,1.25
2016.10.19 09:06:55.508,1.13734,1.13738,1.00,1.00
2016.10.19 09:06:55.559,1.13734,1.1374,1.00,3.19
2016.10.19 09:06:56.124,1.13733,1.1374,1.00,3.19
2016.10.19 09:06:56.175,1.13733,1.1374,1.50,3.19
2016.10.19 09:06:57.062,1.13733,1.1374,1.50,3.94
2016.10.19 09:06:57.216,1.13733,1.1374,2.25,3.19
2016.10.19 09:06:57.267,1.13733,1.1374,2.25,3.94
2016.10.19 09:06:57.421,1.13733,1.1374,2.25,3.19
2016.10.19 09:06:57.472,1.13733,1.1374,2.25,3.94
2016.10.19 09:06:57.780,1.13734,1.1374,1.00,3.94
2016.10.19 09:06:58.424,1.13733,1.1374,1.50,4.31
2016.10.19 09:06:58.491,1.13733,1.1374,1.00,5.06
2016.10.19 09:06:58.573,1.13733,1.1374,1.00,4.31
2016.10.19 09:06:59.427,1.13733,1.1374,1.00,5.06
2016.10.19 09:06:59.600,1.13733,1.1374,1.00,4.31
2016.10.19 09:06:59.701,1.13733,1.1374,1.00,3.56
2016.10.19 09:07:00.080,1.13733,1.1374,1.00,4.31
2016.10.19 09:07:00.394,1.13733,1.13739,1.00,1.50
2016.10.19 09:07:00.445,1.13733,1.13739,1.00,2.25
2016.10.19 09:07:00.851,1.13733,1.13739,1.00,3.00
2016.10.19 09:07:00.967,1.13733,1.13739,1.00,1.87
2016.10.19 09:07:01.854,1.13733,1.13739,1.25,1.12
2016.10.19 09:07:02.489,1.13733,1.13739,1.00,1.12
2016.10.19 09:07:03.089,1.13733,1.1374,1.00,5.06
2016.10.19 09:07:03.141,1.13733,1.1374,1.19,4.31
2016.10.19 09:07:03.439,1.13733,1.13739,1.19,1.00
2016.10.19 09:07:04.109,1.13733,1.1374,1.69,3.56
2016.10.19 09:07:04.160,1.13735,1.1374,1.00,2.06
2016.10.19 09:07:04.262,1.13738,1.1374,1.00,1.00
2016.10.19 09:07:04.314,1.13736,1.1374,1.19,1.00
2016.10.19 09:07:04.365,1.13736,1.1374,1.69,1.00
2016.10.19 09:07:04.469,1.13736,1.13743,1.69,1.00
2016.10.19 09:07:04.855,1.13736,1.13743,1.69,1.50
2016.10.19 09:07:04.952,1.13738,1.13743,1.19,1.00
2016.10.19 09:07:05.003,1.13738,1.13744,1.19,3.00
2016.10.19 09:07:05.105,1.13738,1.13744,1.19,2.25
2016.10.19 09:07:05.156,1.13738,1.13744,1.00,1.12
2016.10.19 09:07:05.412,1.13737,1.13744,1.50,1.12
2016.10.19 09:07:05.463,1.13737,1.13743,1.50,1.00
2016.10.19 09:07:05.813,1.13735,1.13744,4.31,3.00
2016.10.19 09:07:05.865,1.13735,1.13744,3.56,3.75
2016.10.19 09:07:05.916,1.13735,1.13744,4.31,3.75
2016.10.19 09:07:05.967,1.13735,1.13743,4.31,1.00
2016.10.19 09:07:06.068,1.13735,1.13744,3.56,3.00
2016.10.19 09:07:06.170,1.13735,1.13744,4.31,3.00
2016.10.19 09:07:06.221,1.13735,1.13744,3.56,3.00
2016.10.19 09:07:06.272,1.13735,1.13744,4.31,3.00
2016.10.19 09:07:06.323,1.13735,1.13744,3.56,3.00
2016.10.19 09:07:06.374,1.13735,1.13743,3.56,1.00
2016.10.19 09:07:06.425,1.13735,1.13743,4.31,1.00
2016.10.19 09:07:06.476,1.13735,1.13743,3.56,1.00
2016.10.19 09:07:06.527,1.13735,1.13743,4.31,1.00
2016.10.19 09:07:06.578,1.13736,1.13743,1.00,1.00
2016.10.19 09:07:08.633,1.13736,1.13743,1.00,1.50
2016.10.19 09:07:09.369,1.13736,1.13743,1.00,1.00
2016.10.19 09:07:10.042,1.13738,1.13743,1.87,1.50
2016.10.19 09:07:10.093,1.13741,1.13748,1.19,1.25
2016.10.19 09:07:10.195,1.1374,1.13748,5.06,1.25
2016.10.19 09:07:10.246,1.1374,1.13748,4.31,1.25
2016.10.19 09:07:10.296,1.13742,1.13748,1.19,1.25
2016.10.19 09:07:10.347,1.13742,1.13749,1.19,3.19
2016.10.19 09:07:10.398,1.13742,1.13749,1.19,1.87
2016.10.19 09:07:10.551,1.13742,1.13749,1.19,2.62
2016.10.19 09:07:11.081,1.13742,1.13749,1.19,3.19
2016.10.19 09:07:11.183,1.13742,1.13749,1.19,4.31
2016.10.19 09:07:11.610,1.13742,1.13748,1.19,1.00
2016.10.19 09:07:11.661,1.13744,1.13748,1.00,1.00
2016.10.19 09:07:11.712,1.13745,1.13748,1.50,1.00
2016.10.19 09:07:11.814,1.13745,1.13748,1.00,1.00
2016.10.19 09:07:12.390,1.1375,1.13756,3.00,2.47
2016.10.19 09:07:12.442,1.13755,1.13758,1.00,1.69
2016.10.19 09:07:12.493,1.13755,1.13758,1.00,1.12
2016.10.19 09:07:12.544,1.13757,1.13759,1.00,1.37
2016.10.19 09:07:12.595,1.13757,1.13762,1.00,3.56
2016.10.19 09:07:12.646,1.13757,1.13762,1.00,1.62
2016.10.19 09:07:12.698,1.13756,1.13762,1.00,1.00
2016.10.19 09:07:13.119,1.13757,1.13761,1.00,1.00
2016.10.19 09:07:13.323,1.13754,1.13759,1.69,1.00
2016.10.19 09:07:13.387,1.13755,1.13759,1.00,1.00
2016.10.19 09:07:13.439,1.13754,1.13759,1.50,1.00
2016.10.19 09:07:13.492,1.13755,1.13759,1.00,1.00
2016.10.19 09:07:13.543,1.13754,1.13759,1.50,1.00
2016.10.19 09:07:13.595,1.13755,1.13759,1.00,1.00
2016.10.19 09:07:13.646,1.13754,1.13759,1.50,1.00
2016.10.19 09:07:13.942,1.13755,1.13761,1.12,2.62
2016.10.19 09:07:13.994,1.13758,1.13761,1.00,1.00
2016.10.19 09:07:14.045,1.13758,1.13765,1.00,7.12
2016.10.19 09:07:14.097,1.13758,1.13765,1.00,6.37
2016.10.19 09:07:14.148,1.13758,1.13765,1.25,6.37
2016.10.19 09:07:14.251,1.13758,1.13763,1.25,1.00
2016.10.19 09:07:14.455,1.13759,1.13764,1.00,1.00
2016.10.19 09:07:14.765,1.13761,1.13767,1.00,1.12
2016.10.19 09:07:14.820,1.13761,1.13768,1.00,1.00
2016.10.19 09:07:15.128,1.13761,1.13769,1.19,3.19
2016.10.19 09:07:15.334,1.13761,1.13769,2.06,3.19
2016.10.19 09:07:15.704,1.13761,1.13768,1.69,1.50
2016.10.19 09:07:15.755,1.13762,1.13768,1.25,1.50
2016.10.19 09:07:15.807,1.13764,1.13768,1.50,1.50
2016.10.19 09:07:15.858,1.13765,1.13769,1.00,1.25
2016.10.19 09:07:15.910,1.13765,1.13769,1.00,1.00
2016.10.19 09:07:15.961,1.13765,1.1377,1.25,3.75
2016.10.19 09:07:16.012,1.13765,1.1377,1.25,3.00
2016.10.19 09:07:16.063,1.13765,1.1377,1.19,1.87
2016.10.19 09:07:16.114,1.13764,1.1377,2.06,1.87
2016.10.19 09:07:16.165,1.13765,1.1377,1.19,1.87
2016.10.19 09:07:16.216,1.13764,1.1377,2.06,1.12
2016.10.19 09:07:16.267,1.13765,1.1377,1.19,1.12
2016.10.19 09:07:16.318,1.13765,1.13771,1.19,3.00
2016.10.19 09:07:16.619,1.13765,1.13771,1.00,3.00
2016.10.19 09:07:16.670,1.13764,1.13771,1.50,1.87
2016.10.19 09:07:16.823,1.13765,1.13771,1.00,1.87
2016.10.19 09:07:17.112,1.13765,1.13771,1.25,1.50
2016.10.19 09:07:17.214,1.13764,1.13771,1.69,1.50
2016.10.19 09:07:17.527,1.13765,1.13771,1.25,1.50
2016.10.19 09:07:17.953,1.13764,1.13771,1.69,1.00
2016.10.19 09:07:18.055,1.13765,1.13771,1.19,1.00
2016.10.19 09:07:18.156,1.13765,1.13771,1.00,1.00
2016.10.19 09:07:18.411,1.13764,1.13771,1.69,1.00
2016.10.19 09:07:18.515,1.13765,1.13771,1.00,1.00
2016.10.19 09:07:18.667,1.13764,1.13771,1.69,1.00
2016.10.19 09:07:18.975,1.13765,1.1377,1.00,1.00
2016.10.19 09:07:19.178,1.13765,1.1377,1.50,1.00
2016.10.19 09:07:19.282,1.13765,1.1377,1.00,1.00
2016.10.19 09:07:19.333,1.13765,1.1377,1.50,1.00
2016.10.19 09:07:19.727,1.13765,1.1377,1.00,1.00
2016.10.19 09:07:20.158,1.13765,1.1377,1.50,1.00
2016.10.19 09:07:20.585,1.13765,1.1377,1.00,1.00
2016.10.19 09:07:20.636,1.13765,1.1377,1.50,1.00
2016.10.19 09:07:20.739,1.13765,1.1377,1.00,1.00
2016.10.19 09:07:20.790,1.13765,1.1377,1.50,1.00
2016.10.19 09:07:20.841,1.13765,1.13771,1.50,1.00
2016.10.19 09:07:20.892,1.13766,1.13771,1.00,1.00
2016.10.19 09:07:21.448,1.13768,1.13772,1.00,1.87
2016.10.19 09:07:21.499,1.13766,1.13771,1.31,1.50
2016.10.19 09:07:21.550,1.13765,1.1377,1.00,1.00
2016.10.19 09:07:21.601,1.13764,1.13769,1.69,1.00
2016.10.19 09:07:21.653,1.13764,1.13768,1.00,1.00
2016.10.19 09:07:21.704,1.13761,1.13766,2.25,1.00
2016.10.19 09:07:21.755,1.1376,1.13766,2.81,1.69
2016.10.19 09:07:21.806,1.1376,1.13766,2.06,1.25
2016.10.19 09:07:21.857,1.1376,1.13766,1.69,1.00
2016.10.19 09:07:22.219,1.1376,1.13767,1.19,1.50
2016.10.19 09:07:22.270,1.1376,1.13766,1.19,1.00
2016.10.19 09:07:22.321,1.1376,1.13767,1.19,3.56
2016.10.19 09:07:22.372,1.1376,1.13767,1.19,3.19
2016.10.19 09:07:22.423,1.1376,1.13767,1.69,3.19
2016.10.19 09:07:22.748,1.1376,1.13767,1.00,3.19
2016.10.19 09:07:22.799,1.1376,1.13766,1.00,1.00
2016.10.19 09:07:22.850,1.13759,1.13766,2.25,1.00
2016.10.19 09:07:22.901,1.13759,1.13766,1.50,1.00
2016.10.19 09:07:22.952,1.1376,1.13766,1.00,1.00
2016.10.19 09:07:23.003,1.13759,1.13766,1.50,1.00
2016.10.19 09:07:23.054,1.1376,1.13766,1.00,1.00
2016.10.19 09:07:23.324,1.1376,1.13766,1.00,1.50
2016.10.19 09:07:23.526,1.13759,1.13766,2.25,1.50
2016.10.19 09:07:23.628,1.1376,1.13766,1.00,1.50
2016.10.19 09:07:23.679,1.1376,1.13766,1.00,2.25
2016.10.19 09:07:23.730,1.1376,1.13766,1.00,1.50
2016.10.19 09:07:24.647,1.13759,1.13766,3.00,1.50
2016.10.19 09:07:24.698,1.13759,1.13766,2.25,1.50
2016.10.19 09:07:24.749,1.1376,1.13766,1.00,1.50
2016.10.19 09:07:24.800,1.13759,1.13766,2.25,2.25
2016.10.19 09:07:24.902,1.1376,1.13766,1.00,2.25
2016.10.19 09:07:24.953,1.1376,1.13765,1.00,1.00
2016.10.19 09:07:25.004,1.13759,1.13765,2.25,1.00
2016.10.19 09:07:25.055,1.1376,1.13765,1.00,1.50
2016.10.19 09:07:25.106,1.1376,1.13765,1.00,2.25
2016.10.19 09:07:25.626,1.13759,1.13765,1.00,2.25
2016.10.19 09:07:26.029,1.13759,1.13765,1.00,1.50
2016.10.19 09:07:26.379,1.13759,1.13765,1.00,2.25
2016.10.19 09:07:26.578,1.13759,1.13764,1.00,1.00
2016.10.19 09:07:27.180,1.13758,1.13764,1.87,1.00
2016.10.19 09:07:27.231,1.13758,1.13764,1.50,1.00
2016.10.19 09:07:30.068,1.13758,1.13761,1.00,1.00
2016.10.19 09:07:30.119,1.13758,1.13763,1.00,2.06
2016.10.19 09:07:30.171,1.13756,1.1376,1.12,1.25
2016.10.19 09:07:30.752,1.13754,1.1376,1.00,1.25
2016.10.19 09:07:30.959,1.13753,1.1376,1.50,1.69
2016.10.19 09:07:31.177,1.13753,1.13758,1.00,1.00
2016.10.19 09:07:31.380,1.13753,1.13755,1.00,1.00
2016.10.19 09:07:31.676,1.13752,1.13754,1.00,1.00
2016.10.19 09:07:31.728,1.13747,1.13754,2.81,1.00
2016.10.19 09:07:31.779,1.13747,1.13755,2.44,1.50
2016.10.19 09:07:31.830,1.13747,1.13755,2.06,1.50
2016.10.19 09:07:31.932,1.13747,1.13754,1.31,1.00
2016.10.19 09:07:32.136,1.13748,1.13755,1.25,1.12
2016.10.19 09:07:32.187,1.13748,1.13755,1.19,1.00
2016.10.19 09:07:32.490,1.13747,1.13756,2.81,5.06
2016.10.19 09:07:32.542,1.13747,1.13756,2.81,3.94
2016.10.19 09:07:32.594,1.13749,1.13756,1.00,2.81
2016.10.19 09:07:32.646,1.13749,1.13756,1.00,2.06
2016.10.19 09:07:32.697,1.1375,1.13756,1.00,1.31
2016.10.19 09:07:32.748,1.13749,1.13756,1.50,1.12
2016.10.19 09:07:32.851,1.1375,1.13756,1.00,1.12
2016.10.19 09:07:33.453,1.13751,1.13758,1.00,1.31
2016.10.19 09:07:33.525,1.13751,1.13759,1.50,3.56
2016.10.19 09:07:33.576,1.13751,1.13759,1.50,3.19
2016.10.19 09:07:33.627,1.13751,1.13759,2.62,3.19
2016.10.19 09:07:33.831,1.13751,1.13759,2.62,2.44
2016.10.19 09:07:33.882,1.13751,1.13757,2.62,1.00
2016.10.19 09:07:33.934,1.13751,1.13757,1.50,1.00
2016.10.19 09:07:33.986,1.13751,1.13757,1.00,1.00
2016.10.19 09:07:34.037,1.1375,1.13757,3.00,1.50
2016.10.19 09:07:34.088,1.1375,1.13757,1.50,1.19
2016.10.19 09:07:34.347,1.1375,1.13755,1.00,1.31
2016.10.19 09:07:34.399,1.13747,1.13753,1.00,1.00
2016.10.19 09:07:34.451,1.13747,1.13754,1.87,1.00
2016.10.19 09:07:34.554,1.13747,1.13755,1.00,3.19
2016.10.19 09:07:34.606,1.13747,1.13755,1.12,2.44
2016.10.19 09:07:34.657,1.13747,1.13755,2.25,2.44
2016.10.19 09:07:35.168,1.13747,1.13755,2.25,1.50
2016.10.19 09:07:35.586,1.13748,1.13756,2.81,1.50
2016.10.19 09:07:35.637,1.1375,1.13756,1.00,1.50
2016.10.19 09:07:35.858,1.13749,1.13756,1.25,1.50
2016.10.19 09:07:35.972,1.1375,1.13756,1.00,1.50
2016.10.19 09:07:36.125,1.1375,1.13756,1.00,1.00
2016.10.19 09:07:36.938,1.13749,1.13756,1.69,1.00
2016.10.19 09:07:37.104,1.13749,1.13756,1.25,1.00
2016.10.19 09:07:37.155,1.1375,1.13756,1.00,1.00
2016.10.19 09:07:37.698,1.13748,1.13754,2.06,1.00
2016.10.19 09:07:37.800,1.13748,1.13755,1.87,2.25
2016.10.19 09:07:37.851,1.13748,1.13754,1.50,1.00
2016.10.19 09:07:37.902,1.13748,1.13754,1.00,1.00
2016.10.19 09:07:38.471,1.13748,1.13754,1.19,1.00
2016.10.19 09:07:38.523,1.1375,1.13755,1.00,1.50
2016.10.19 09:07:38.625,1.1375,1.13756,1.00,2.25
2016.10.19 09:07:38.676,1.13749,1.13756,2.44,1.50
2016.10.19 09:07:38.727,1.1375,1.13757,1.25,1.31
2016.10.19 09:07:38.778,1.1375,1.13757,1.69,1.25
2016.10.19 09:07:38.829,1.1375,1.13757,1.25,1.25
2016.10.19 09:07:38.880,1.1375,1.13757,1.69,1.25
2016.10.19 09:07:39.033,1.1375,1.13757,1.25,1.25
2016.10.19 09:07:39.085,1.1375,1.13755,1.69,1.00
2016.10.19 09:07:39.669,1.1375,1.13756,1.25,1.50
2016.10.19 09:07:39.720,1.1375,1.13756,1.25,1.00
2016.10.19 09:07:39.822,1.13749,1.13756,1.31,1.00
2016.10.19 09:07:39.924,1.1375,1.13756,1.00,1.00
2016.10.19 09:07:40.708,1.1375,1.13755,1.00,1.00
2016.10.19 09:07:40.761,1.13749,1.13755,1.31,1.50
2016.10.19 09:07:40.812,1.1375,1.13755,1.00,1.50
2016.10.19 09:07:41.363,1.1375,1.13755,1.25,1.50
2016.10.19 09:07:41.793,1.1375,1.13755,1.25,1.00
2016.10.19 09:07:42.048,1.13748,1.13756,3.00,2.25
2016.10.19 09:07:42.099,1.13748,1.13754,2.25,1.00
2016.10.19 09:07:42.203,1.13748,1.13754,1.69,1.00
2016.10.19 09:07:42.806,1.13749,1.13755,1.00,1.00
2016.10.19 09:07:42.859,1.13749,1.13756,1.00,3.00
2016.10.19 09:07:42.911,1.13749,1.13756,1.00,2.25
2016.10.19 09:07:43.064,1.13749,1.13756,1.25,2.25
2016.10.19 09:07:43.167,1.13749,1.13755,1.00,1.00
2016.10.19 09:07:44.001,1.13749,1.13754,1.00,1.00
2016.10.19 09:07:44.052,1.13749,1.13754,1.00,1.50
2016.10.19 09:07:44.102,1.13749,1.13754,1.00,1.00
2016.10.19 09:07:44.305,1.13748,1.13755,1.69,1.50
2016.10.19 09:07:44.407,1.13748,1.13754,1.69,1.00
2016.10.19 09:07:44.460,1.13748,1.13754,1.31,1.00
2016.10.19 09:07:44.510,1.13748,1.13754,1.25,1.00
2016.10.19 09:07:44.713,1.13746,1.13754,5.06,1.00
2016.10.19 09:07:44.986,1.13746,1.13754,3.94,1.00
2016.10.19 09:07:45.038,1.13746,1.13754,3.56,1.50
2016.10.19 09:07:45.139,1.13746,1.13753,3.56,1.00
2016.10.19 09:07:46.443,1.13746,1.13753,2.25,1.00
2016.10.19 09:07:47.628,1.13746,1.13754,2.25,2.25
2016.10.19 09:07:47.730,1.13746,1.13754,2.44,2.25
2016.10.19 09:07:47.832,1.13746,1.13754,2.25,2.25
2016.10.19 09:07:48.787,1.13746,1.13754,2.62,2.25
2016.10.19 09:07:48.915,1.13746,1.13754,1.87,2.25
2016.10.19 09:07:49.327,1.13746,1.13754,1.87,1.12
2016.10.19 09:07:49.379,1.13747,1.13754,1.12,1.12
2016.10.19 09:07:49.430,1.13747,1.13754,1.12,1.00
2016.10.19 09:07:50.801,1.1375,1.13755,1.00,3.37
2016.10.19 09:07:50.852,1.1375,1.13755,1.00,1.00
2016.10.19 09:07:51.198,1.1375,1.13756,1.00,1.00
2016.10.19 09:07:51.732,1.1375,1.13756,1.00,3.00
2016.10.19 09:07:51.784,1.1375,1.13754,1.00,1.00
2016.10.19 09:07:52.254,1.1375,1.13756,1.00,2.62
2016.10.19 09:07:52.385,1.1375,1.13756,1.00,3.37
2016.10.19 09:07:52.436,1.13749,1.13756,1.00,4.12
2016.10.19 09:07:52.719,1.1375,1.13756,1.00,3.75
2016.10.19 09:07:52.769,1.1375,1.13756,1.00,3.00
2016.10.19 09:07:53.078,1.13748,1.13754,1.31,1.00
2016.10.19 09:07:53.889,1.13748,1.13754,1.25,1.00
2016.10.19 09:07:53.941,1.13748,1.13754,1.25,1.50
2016.10.19 09:07:54.043,1.13748,1.13754,1.25,1.00
2016.10.19 09:07:54.094,1.13747,1.13754,1.69,1.00
2016.10.19 09:07:54.145,1.13747,1.13754,1.69,1.87
2016.10.19 09:07:54.247,1.13747,1.13754,1.69,2.62
2016.10.19 09:07:54.489,1.13747,1.13754,1.31,2.62
2016.10.19 09:07:55.047,1.13747,1.13753,1.19,1.00
2016.10.19 09:07:57.173,1.13746,1.13753,2.06,1.00
