2017.03.13 14:00:00.303,1.22377,1.22381,1.00,1.25
2017.03.13 14:00:00.355,1.22375,1.22381,1.25,2.81
2017.03.13 14:00:00.860,1.22375,1.22381,1.25,5.06
2017.03.13 14:00:01.364,1.22374,1.22379,1.19,1.12
2017.03.13 14:00:01.667,1.22377,1.22379,1.00,1.12
2017.03.13 14:00:01.769,1.22374,1.2238,2.06,2.25
2017.03.13 14:00:02.428,1.22374,1.22379,1.19,1.00
2017.03.13 14:00:02.960,1.22374,1.2238,1.69,1.00
2017.03.13 14:00:04.295,1.22376,1.2238,1.00,1.00
2017.03.13 14:00:08.439,1.22376,1.22379,1.00,1.00
2017.03.13 14:00:10.041,1.22377,1.22379,1.00,1.00
2017.03.13 14:00:10.142,1.22379,1.2238,1.00,1.00
2017.03.13 14:00:10.647,1.22378,1.22381,1.50,1.12
2017.03.13 14:00:11.540,1.22378,1.22382,1.50,1.00
2017.03.13 14:00:11.947,1.2238,1.22382,1.00,4.12
2017.03.13 14:00:11.999,1.22377,1.2238,1.50,1.00
2017.03.13 14:00:12.203,1.22379,1.22382,1.00,2.06
2017.03.13 14:00:12.709,1.22378,1.22381,1.50,2.06
2017.03.13 14:00:13.547,1.22376,1.22381,3.00,2.44
2017.03.13 14:00:14.052,1.22377,1.22381,1.00,1.69
2017.03.13 14:00:14.204,1.22376,1.22378,1.50,1.00
2017.03.13 14:00:14.407,1.22373,1.22378,1.50,2.06
2017.03.13 14:00:14.595,1.22375,1.22377,1.00,1.00
2017.03.13 14:00:15.457,1.22374,1.22377,1.50,1.00
2017.03.13 14:00:15.883,1.22376,1.22379,2.25,1.69
2017.03.13 14:00:16.188,1.22379,1.22381,2.62,1.00
2017.03.13 14:00:16.441,1.2238,1.22383,1.00,1.00
2017.03.13 14:00:17.190,1.22379,1.22383,1.50,1.00
2017.03.13 14:00:17.910,1.22379,1.22383,1.00,1.50
2017.03.13 14:00:18.518,1.22376,1.22381,2.44,1.25
2017.03.13 14:00:18.728,1.22374,1.22378,1.00,1.31
2017.03.13 14:00:19.233,1.22375,1.22377,1.00,1.25
2017.03.13 14:00:19.798,1.22372,1.22377,2.62,1.69
2017.03.13 14:00:20.099,1.22372,1.22375,1.50,1.00
2017.03.13 14:00:21.060,1.22371,1.22375,1.69,1.00
2017.03.13 14:00:21.364,1.22371,1.22372,1.00,1.00
2017.03.13 14:00:21.415,1.22368,1.22372,4.50,1.37
2017.03.13 14:00:21.953,1.22368,1.2237,1.00,1.12
2017.03.13 14:00:22.458,1.22367,1.22369,1.50,1.00
2017.03.13 14:00:22.711,1.22366,1.22368,2.62,1.37
2017.03.13 14:00:22.914,1.22365,1.22367,2.25,1.00
2017.03.13 14:00:23.015,1.22367,1.22368,1.00,1.50
2017.03.13 14:00:23.733,1.22366,1.22367,1.00,1.50
2017.03.13 14:00:24.239,1.22365,1.22366,1.00,1.00
2017.03.13 14:00:24.543,1.22363,1.22364,1.50,1.00
2017.03.13 14:00:24.884,1.22365,1.22367,1.00,2.44
2017.03.13 14:00:24.935,1.22365,1.22367,1.00,2.44
2017.03.13 14:00:25.188,1.22363,1.22365,1.87,1.87
2017.03.13 14:00:25.239,1.22363,1.22364,1.50,1.87
2017.03.13 14:00:25.443,1.22361,1.22363,1.00,1.50
2017.03.13 14:00:25.950,1.2236,1.22362,1.87,1.50
2017.03.13 14:00:26.629,1.2236,1.22362,1.00,1.50
2017.03.13 14:00:27.327,1.22359,1.22362,2.62,1.69
2017.03.13 14:00:27.645,1.22361,1.22363,1.37,2.25
2017.03.13 14:00:28.052,1.22359,1.22362,1.87,3.56
2017.03.13 14:00:28.204,1.22359,1.22361,1.50,1.37
2017.03.13 14:00:29.063,1.22358,1.22361,2.44,1.50
2017.03.13 14:00:29.569,1.22359,1.2236,1.50,2.44
2017.03.13 14:00:29.823,1.22361,1.22362,1.12,1.12
2017.03.13 14:00:30.177,1.22363,1.22365,1.12,1.00
2017.03.13 14:00:30.379,1.22361,1.22364,3.37,1.00
2017.03.13 14:00:30.886,1.2236,1.22363,2.62,1.00
2017.03.13 14:00:31.392,1.22361,1.22364,1.12,1.00
2017.03.13 14:00:31.847,1.22362,1.22366,1.37,1.50
2017.03.13 14:00:32.316,1.22364,1.22368,1.87,1.37
2017.03.13 14:00:32.367,1.22364,1.22368,1.37,1.12
2017.03.13 14:00:32.418,1.22363,1.22368,1.25,4.12
2017.03.13 14:00:32.520,1.22364,1.22368,1.87,1.37
2017.03.13 14:00:32.672,1.22363,1.22369,1.69,3.75
2017.03.13 14:00:33.027,1.22363,1.22368,1.25,2.25
2017.03.13 14:00:34.150,1.22362,1.22367,1.69,2.06
2017.03.13 14:00:34.605,1.22363,1.22368,1.25,3.00
2017.03.13 14:00:34.908,1.22362,1.22366,1.69,1.00
2017.03.13 14:00:35.110,1.22362,1.22368,1.69,6.75
2017.03.13 14:00:35.262,1.22363,1.22365,1.25,1.00
2017.03.13 14:00:35.614,1.22362,1.22367,1.69,1.50
2017.03.13 14:00:36.120,1.22362,1.22366,1.69,1.00
2017.03.13 14:00:36.625,1.22362,1.22367,1.00,1.31
2017.03.13 14:00:37.467,1.2236,1.22366,2.06,1.50
2017.03.13 14:00:37.973,1.2236,1.22365,1.69,1.50
2017.03.13 14:00:38.480,1.22361,1.22366,1.00,1.50
2017.03.13 14:00:38.981,1.2236,1.22365,1.50,1.50
2017.03.13 14:00:39.500,1.22361,1.22365,1.00,1.50
2017.03.13 14:00:40.932,1.22361,1.22364,1.00,1.50
2017.03.13 14:00:41.134,1.2236,1.22366,3.19,1.12
2017.03.13 14:00:41.236,1.2236,1.22364,1.69,1.00
2017.03.13 14:00:41.631,1.22358,1.22363,1.00,1.69
2017.03.13 14:00:42.137,1.22358,1.22362,1.50,1.00
2017.03.13 14:00:42.656,1.22359,1.22363,1.50,1.25
2017.03.13 14:00:42.707,1.22358,1.2236,1.00,1.00
2017.03.13 14:00:43.012,1.22352,1.22357,6.19,1.31
2017.03.13 14:00:43.519,1.22352,1.22358,3.94,1.69
2017.03.13 14:00:44.025,1.22352,1.22356,1.50,1.25
2017.03.13 14:00:44.553,1.22353,1.22356,1.00,1.00
2017.03.13 14:00:45.079,1.22353,1.22357,1.00,1.69
2017.03.13 14:00:46.159,1.22352,1.22357,1.87,1.69
2017.03.13 14:00:47.350,1.22351,1.22357,3.37,1.25
2017.03.13 14:00:47.856,1.22351,1.22357,2.25,1.19
2017.03.13 14:00:48.059,1.22353,1.22358,1.00,2.81
2017.03.13 14:00:48.564,1.22352,1.22355,1.50,1.25
2017.03.13 14:00:49.121,1.22351,1.22355,1.00,1.00
2017.03.13 14:00:51.915,1.2235,1.22355,5.25,1.00
2017.03.13 14:00:53.278,1.22349,1.22354,1.50,1.00
2017.03.13 14:00:53.582,1.22347,1.22351,1.56,1.50
2017.03.13 14:00:53.871,1.22347,1.22351,1.25,1.69
2017.03.13 14:00:54.378,1.22346,1.22351,1.50,1.12
2017.03.13 14:00:54.883,1.22346,1.22352,3.94,2.25
2017.03.13 14:00:55.430,1.22346,1.22352,2.25,1.37
2017.03.13 14:00:57.226,1.22346,1.22352,1.69,3.00
2017.03.13 14:00:59.700,1.22345,1.22349,1.19,1.50
2017.03.13 14:01:00.207,1.22345,1.22352,2.44,3.75
2017.03.13 14:01:00.969,1.22345,1.2235,1.25,1.31
2017.03.13 14:01:01.370,1.22345,1.2235,2.62,1.50
2017.03.13 14:01:02.259,1.22345,1.2235,1.12,1.50
2017.03.13 14:01:02.923,1.22344,1.22347,1.19,1.50
2017.03.13 14:01:03.226,1.22343,1.22349,7.12,1.00
2017.03.13 14:01:03.731,1.22343,1.22348,3.75,1.00
2017.03.13 14:01:04.238,1.22344,1.22349,2.81,1.69
2017.03.13 14:01:04.746,1.22344,1.22348,2.25,1.00
2017.03.13 14:01:05.254,1.22345,1.22349,1.19,1.25
2017.03.13 14:01:05.457,1.22345,1.22349,1.69,2.06
2017.03.13 14:01:05.609,1.22348,1.22351,1.00,1.56
2017.03.13 14:01:05.863,1.22348,1.22351,1.00,1.25
2017.03.13 14:01:06.160,1.22347,1.22351,1.00,2.06
2017.03.13 14:01:06.667,1.22346,1.2235,1.69,2.06
2017.03.13 14:01:07.300,1.22346,1.22348,1.69,1.00
2017.03.13 14:01:07.606,1.22343,1.22347,3.19,1.31
2017.03.13 14:01:07.936,1.22342,1.22345,1.69,1.50
2017.03.13 14:01:09.768,1.22341,1.22345,2.06,1.69
2017.03.13 14:01:14.163,1.22338,1.22343,3.00,1.00
2017.03.13 14:01:14.669,1.22338,1.22343,2.62,1.00
2017.03.13 14:01:15.181,1.22338,1.22344,2.25,1.25
2017.03.13 14:01:15.686,1.22338,1.22343,2.25,1.50
2017.03.13 14:01:16.270,1.22338,1.22343,2.25,1.50
2017.03.13 14:01:16.816,1.22338,1.22343,1.87,1.69
2017.03.13 14:01:17.322,1.2234,1.22343,1.00,1.25
2017.03.13 14:01:17.872,1.22339,1.22343,1.25,1.25
2017.03.13 14:01:20.428,1.2234,1.22343,1.00,1.00
2017.03.13 14:01:20.766,1.22341,1.22345,1.12,1.25
2017.03.13 14:01:20.918,1.22339,1.22341,1.12,1.00
2017.03.13 14:01:21.165,1.22336,1.22341,1.31,1.50
2017.03.13 14:01:21.937,1.22336,1.22342,2.81,3.19
2017.03.13 14:01:22.038,1.22338,1.22342,1.00,2.44
2017.03.13 14:01:22.544,1.22338,1.22343,2.62,1.50
2017.03.13 14:01:23.348,1.22338,1.22342,1.12,1.00
2017.03.13 14:01:24.162,1.22337,1.22342,1.00,1.00
2017.03.13 14:01:24.566,1.22333,1.22337,8.44,1.12
2017.03.13 14:01:24.769,1.22331,1.22336,1.25,1.31
2017.03.13 14:01:25.285,1.22331,1.22334,1.69,1.00
2017.03.13 14:01:25.841,1.2233,1.22335,3.56,1.25
2017.03.13 14:01:25.892,1.2233,1.22333,2.44,1.50
2017.03.13 14:01:26.044,1.2233,1.22335,2.44,1.25
2017.03.13 14:01:26.600,1.2233,1.22335,1.19,1.56
2017.03.13 14:01:26.651,1.22328,1.22333,3.19,1.19
2017.03.13 14:01:26.701,1.22328,1.22333,3.19,1.56
2017.03.13 14:01:27.107,1.22325,1.2233,2.44,1.56
2017.03.13 14:01:27.412,1.22324,1.2233,1.69,2.06
2017.03.13 14:01:27.665,1.22324,1.22329,2.81,1.56
2017.03.13 14:01:27.879,1.22324,1.22329,2.44,2.06
2017.03.13 14:01:28.233,1.22324,1.22326,1.87,1.00
2017.03.13 14:01:28.435,1.22323,1.22325,1.00,1.00
2017.03.13 14:01:28.537,1.22325,1.22327,1.69,1.00
2017.03.13 14:01:28.588,1.22327,1.22328,1.00,1.00
2017.03.13 14:01:29.073,1.22328,1.22333,1.00,3.94
2017.03.13 14:01:29.328,1.22329,1.22334,1.00,2.25
2017.03.13 14:01:29.834,1.22326,1.22332,5.06,1.50
2017.03.13 14:01:30.339,1.22326,1.22331,1.69,1.25
2017.03.13 14:01:31.844,1.22329,1.22331,1.00,1.25
2017.03.13 14:01:32.460,1.22328,1.22331,1.69,1.00
2017.03.13 14:01:32.814,1.22325,1.2233,2.06,1.25
2017.03.13 14:01:34.452,1.22323,1.22329,2.81,1.50
2017.03.13 14:01:34.503,1.22322,1.22327,5.06,1.00
2017.03.13 14:01:34.605,1.22322,1.22325,2.44,1.00
2017.03.13 14:01:35.112,1.22321,1.22324,1.69,1.00
2017.03.13 14:01:35.469,1.22321,1.22326,1.25,1.00
2017.03.13 14:01:36.095,1.2232,1.22325,2.06,1.00
2017.03.13 14:01:36.627,1.22321,1.22326,1.25,1.50
2017.03.13 14:01:36.779,1.22323,1.22326,1.00,1.50
2017.03.13 14:01:36.931,1.22321,1.22326,1.31,1.12
2017.03.13 14:01:37.438,1.22321,1.22325,1.25,1.50
2017.03.13 14:01:37.984,1.22319,1.22324,2.44,1.50
2017.03.13 14:01:38.512,1.22319,1.22323,2.44,1.00
2017.03.13 14:01:38.922,1.22319,1.22323,1.12,1.00
2017.03.13 14:01:39.495,1.2232,1.22324,1.00,1.00
2017.03.13 14:01:39.950,1.22322,1.22325,1.00,1.12
2017.03.13 14:01:41.414,1.22322,1.22324,1.50,1.00
2017.03.13 14:01:41.733,1.2232,1.22325,1.69,1.87
2017.03.13 14:01:42.389,1.2232,1.22324,1.25,1.00
2017.03.13 14:01:42.904,1.2232,1.22325,1.69,1.87
2017.03.13 14:01:43.535,1.22318,1.2232,2.62,1.00
2017.03.13 14:01:43.738,1.22315,1.2232,2.06,2.44
2017.03.13 14:01:43.840,1.22315,1.22317,1.69,1.00
2017.03.13 14:01:44.347,1.22314,1.22318,1.50,1.00
2017.03.13 14:01:44.863,1.22314,1.22319,1.50,1.12
2017.03.13 14:01:45.210,1.2231,1.22314,1.25,1.00
2017.03.13 14:01:45.715,1.22308,1.22311,1.31,1.00
2017.03.13 14:01:46.338,1.22308,1.22312,1.31,1.00
2017.03.13 14:01:48.160,1.22308,1.22313,1.69,1.00
2017.03.13 14:01:48.570,1.22312,1.22314,1.00,1.50
2017.03.13 14:01:48.621,1.22311,1.22315,1.69,1.12
2017.03.13 14:01:49.127,1.22312,1.22316,1.00,1.25
2017.03.13 14:01:49.632,1.22311,1.22316,1.31,1.25
2017.03.13 14:01:50.606,1.22312,1.22317,1.12,1.00
2017.03.13 14:01:50.708,1.22314,1.22317,1.00,1.00
2017.03.13 14:01:51.214,1.22313,1.22317,1.00,1.00
2017.03.13 14:01:51.740,1.22313,1.22318,1.50,1.87
2017.03.13 14:01:53.273,1.22313,1.22317,1.25,1.00
2017.03.13 14:01:53.581,1.22311,1.22315,2.06,1.25
2017.03.13 14:01:53.986,1.22313,1.22317,1.19,1.31
2017.03.13 14:01:54.917,1.22313,1.22318,2.44,1.69
2017.03.13 14:01:56.142,1.22312,1.22318,4.31,1.56
2017.03.13 14:01:57.516,1.22312,1.22317,2.06,1.56
2017.03.13 14:01:58.783,1.2231,1.22314,2.44,1.00
2017.03.13 14:01:59.345,1.22309,1.22312,2.44,1.31
2017.03.13 14:01:59.581,1.22309,1.22314,1.00,1.25
2017.03.13 14:02:00.105,1.2231,1.22314,1.00,1.19
2017.03.13 14:02:00.813,1.22309,1.22314,2.62,1.19
2017.03.13 14:02:01.329,1.22309,1.22314,1.87,1.56
2017.03.13 14:02:01.879,1.2231,1.22315,1.00,2.06
2017.03.13 14:02:03.143,1.2231,1.22315,1.00,1.69
2017.03.13 14:02:03.244,1.22309,1.22314,4.12,1.56
2017.03.13 14:02:04.618,1.2231,1.22314,1.00,1.31
2017.03.13 14:02:05.532,1.22311,1.22315,1.87,1.31
2017.03.13 14:02:06.071,1.22312,1.22315,1.00,1.31
2017.03.13 14:02:06.717,1.22311,1.22316,1.50,1.56
2017.03.13 14:02:07.110,1.22312,1.22317,1.87,3.00
2017.03.13 14:02:07.615,1.22313,1.22317,1.00,2.25
2017.03.13 14:02:07.936,1.22313,1.22317,1.00,1.81
2017.03.13 14:02:09.369,1.22313,1.22317,1.50,3.00
2017.03.13 14:02:09.621,1.22313,1.22316,1.00,2.06
2017.03.13 14:02:10.157,1.22312,1.22316,1.12,1.56
2017.03.13 14:02:10.258,1.22311,1.22316,1.87,1.69
2017.03.13 14:02:10.720,1.22312,1.22317,4.12,1.31
2017.03.13 14:02:11.225,1.22312,1.22315,1.00,1.00
2017.03.13 14:02:11.731,1.22311,1.22314,1.25,1.00
2017.03.13 14:02:12.035,1.22313,1.22316,2.25,1.69
2017.03.13 14:02:12.574,1.22313,1.22316,1.00,1.00
2017.03.13 14:02:12.892,1.22311,1.22314,1.12,1.19
2017.03.13 14:02:13.197,1.22311,1.22316,3.37,2.81
2017.03.13 14:02:13.399,1.22311,1.22316,3.37,1.56
2017.03.13 14:02:13.737,1.22312,1.22316,2.62,2.06
2017.03.13 14:02:13.838,1.22312,1.22316,2.62,2.06
2017.03.13 14:02:14.361,1.22311,1.22315,1.00,1.56
2017.03.13 14:02:14.766,1.22309,1.22311,3.75,1.00
2017.03.13 14:02:14.868,1.22308,1.22311,1.12,1.50
2017.03.13 14:02:15.384,1.22308,1.22312,1.00,1.87
2017.03.13 14:02:16.041,1.22308,1.22312,2.25,2.06
2017.03.13 14:02:16.520,1.22311,1.22312,1.00,1.31
2017.03.13 14:02:16.622,1.22309,1.22313,1.87,1.56
2017.03.13 14:02:17.227,1.22308,1.22313,3.75,1.31
2017.03.13 14:02:17.285,1.2231,1.22314,1.50,2.81
2017.03.13 14:02:17.487,1.22308,1.2231,1.12,1.00
2017.03.13 14:02:17.538,1.22307,1.22309,2.06,1.00
2017.03.13 14:02:17.589,1.22309,1.22312,1.00,1.87
2017.03.13 14:02:17.792,1.2231,1.22315,1.50,6.00
2017.03.13 14:02:19.432,1.22311,1.22314,1.50,1.50
2017.03.13 14:02:19.948,1.22312,1.22314,1.00,1.50
2017.03.13 14:02:22.031,1.22313,1.22317,1.00,3.56
2017.03.13 14:02:22.899,1.22314,1.22317,1.00,2.06
2017.03.13 14:02:22.950,1.22313,1.22318,1.87,4.12
2017.03.13 14:02:23.456,1.22313,1.22318,3.00,4.87
2017.03.13 14:02:23.961,1.22314,1.22318,1.50,1.87
2017.03.13 14:02:24.211,1.22313,1.22318,1.50,4.50
2017.03.13 14:02:24.316,1.22311,1.22316,1.00,1.56
2017.03.13 14:02:24.720,1.22313,1.22317,1.00,1.81
2017.03.13 14:02:25.023,1.22315,1.22319,1.00,3.19
2017.03.13 14:02:25.074,1.22315,1.22319,1.00,1.87
2017.03.13 14:02:25.125,1.22317,1.22319,1.12,1.87
2017.03.13 14:02:25.446,1.22314,1.22319,7.87,1.87
2017.03.13 14:02:25.852,1.22316,1.22322,2.25,3.94
2017.03.13 14:02:26.055,1.2232,1.22322,1.00,2.81
2017.03.13 14:02:26.674,1.22319,1.22322,1.00,2.06
2017.03.13 14:02:27.068,1.22318,1.22323,1.50,2.62
2017.03.13 14:02:28.546,1.22318,1.22322,1.00,1.81
2017.03.13 14:02:28.662,1.22316,1.22322,3.75,2.25
2017.03.13 14:02:28.865,1.22317,1.22319,1.00,1.87
2017.03.13 14:02:28.916,1.22314,1.22319,2.62,2.62
2017.03.13 14:02:29.225,1.22313,1.22319,2.62,4.50
2017.03.13 14:02:29.629,1.22315,1.22319,1.50,3.00
2017.03.13 14:02:30.146,1.22315,1.2232,2.25,5.81
2017.03.13 14:02:30.541,1.22313,1.22317,2.25,1.56
2017.03.13 14:02:30.882,1.22312,1.22316,1.50,1.12
2017.03.13 14:02:31.170,1.22312,1.22316,1.50,1.56
2017.03.13 14:02:31.271,1.22312,1.22315,3.00,1.12
2017.03.13 14:02:32.081,1.22311,1.22316,3.37,1.12
2017.03.13 14:02:32.410,1.22311,1.22317,1.00,4.50
2017.03.13 14:02:32.461,1.22311,1.22315,1.50,1.12
2017.03.13 14:02:32.917,1.22309,1.22314,1.50,1.56
2017.03.13 14:02:33.069,1.22309,1.22314,1.00,2.62
2017.03.13 14:02:33.372,1.22312,1.22315,1.50,1.37
2017.03.13 14:02:33.423,1.22311,1.22317,1.50,3.56
2017.03.13 14:02:33.938,1.22312,1.22318,1.69,1.25
2017.03.13 14:02:34.239,1.22313,1.22319,2.06,2.81
2017.03.13 14:02:35.139,1.22316,1.2232,1.00,3.56
2017.03.13 14:02:35.811,1.22315,1.22317,1.00,1.00
2017.03.13 14:02:35.862,1.22313,1.22317,1.25,1.12
2017.03.13 14:02:36.400,1.22314,1.22318,1.00,2.81
2017.03.13 14:02:36.906,1.22313,1.22319,1.69,2.44
2017.03.13 14:02:38.658,1.22313,1.22316,1.00,1.87
2017.03.13 14:02:38.963,1.22306,1.2231,2.06,1.50
2017.03.13 14:02:39.013,1.22306,1.2231,1.69,1.50
2017.03.13 14:02:39.064,1.22308,1.2231,1.00,1.00
2017.03.13 14:02:39.612,1.22312,1.22314,1.00,1.31
2017.03.13 14:02:39.663,1.22313,1.22318,1.50,3.00
2017.03.13 14:02:39.714,1.22314,1.22318,1.00,2.62
2017.03.13 14:02:40.223,1.22314,1.22316,1.00,1.00
2017.03.13 14:02:40.426,1.22313,1.22317,1.50,1.00
2017.03.13 14:02:40.931,1.22313,1.22318,1.00,1.50
2017.03.13 14:02:41.492,1.22314,1.22319,1.50,1.69
2017.03.13 14:02:41.593,1.22317,1.2232,1.50,2.44
2017.03.13 14:02:42.581,1.22316,1.2232,1.00,1.19
2017.03.13 14:02:44.109,1.22315,1.2232,2.25,1.19
2017.03.13 14:02:44.362,1.22316,1.22321,1.00,2.44
2017.03.13 14:02:44.868,1.22315,1.2232,2.25,1.00
2017.03.13 14:02:44.969,1.22318,1.2232,1.00,1.00
2017.03.13 14:02:45.481,1.22318,1.22321,1.00,1.25
2017.03.13 14:02:45.784,1.22321,1.22322,1.50,1.00
2017.03.13 14:02:46.295,1.22321,1.22323,1.00,1.12
2017.03.13 14:02:46.821,1.22321,1.22324,1.00,1.00
2017.03.13 14:02:48.737,1.22321,1.22323,1.00,1.00
2017.03.13 14:02:49.407,1.22321,1.22324,1.00,1.00
2017.03.13 14:02:49.921,1.22321,1.22323,1.00,1.00
2017.03.13 14:02:50.426,1.2232,1.22322,1.00,1.00
2017.03.13 14:02:50.952,1.22319,1.22324,1.50,9.37
2017.03.13 14:02:51.255,1.22321,1.22324,1.00,1.50
2017.03.13 14:02:51.559,1.22321,1.22322,1.00,1.00
2017.03.13 14:02:51.862,1.22321,1.22324,1.00,1.00
2017.03.13 14:02:52.374,1.22322,1.22324,1.50,1.00
2017.03.13 14:02:53.300,1.22324,1.22325,1.00,1.00
2017.03.13 14:02:53.401,1.22324,1.22326,1.50,1.00
2017.03.13 14:02:53.503,1.22325,1.22327,1.00,1.69
2017.03.13 14:02:53.789,1.22325,1.22328,1.00,1.00
2017.03.13 14:02:53.890,1.22328,1.2233,1.00,1.87
2017.03.13 14:02:53.941,1.22329,1.22331,1.50,1.50
2017.03.13 14:02:54.446,1.22329,1.22332,1.50,1.25
2017.03.13 14:02:54.954,1.22329,1.22331,1.50,1.00
2017.03.13 14:02:57.171,1.22335,1.22337,2.50,12.22
2017.03.13 14:02:57.222,1.22336,1.22338,1.00,2.25
2017.03.13 14:02:57.374,1.22337,1.2234,1.00,1.69
2017.03.13 14:02:58.049,1.22338,1.2234,1.00,1.69
2017.03.13 14:02:58.201,1.22339,1.22341,1.00,1.25
2017.03.13 14:02:58.504,1.22344,1.22345,1.50,1.50
2017.03.13 14:02:59.484,1.22344,1.22347,1.00,2.62
2017.03.13 14:03:00.200,1.22345,1.22347,1.00,1.87
2017.03.13 14:03:00.942,1.22342,1.22345,1.50,1.25
2017.03.13 14:03:01.593,1.22344,1.22347,1.00,4.12
2017.03.13 14:03:02.138,1.22343,1.22346,2.25,2.25
2017.03.13 14:03:03.889,1.22342,1.22346,1.00,2.62
2017.03.13 14:03:04.364,1.22342,1.22346,1.00,1.31
2017.03.13 14:03:04.638,1.22344,1.22347,1.00,2.44
2017.03.13 14:03:05.143,1.22342,1.22346,1.50,1.25
2017.03.13 14:03:05.680,1.22343,1.22345,1.00,1.00
2017.03.13 14:03:06.614,1.22343,1.22346,1.00,1.69
2017.03.13 14:03:07.120,1.22343,1.22345,1.00,1.00
2017.03.13 14:03:07.647,1.22342,1.22345,1.50,1.00
2017.03.13 14:03:08.020,1.22341,1.22343,1.00,1.00
2017.03.13 14:03:08.172,1.22338,1.22341,2.25,1.00
2017.03.13 14:03:08.698,1.22339,1.22341,1.00,1.00
2017.03.13 14:03:09.203,1.22338,1.22342,1.00,5.39
2017.03.13 14:03:09.557,1.22338,1.2234,1.00,1.00
2017.03.13 14:03:09.991,1.2234,1.22343,1.69,1.50
2017.03.13 14:03:10.093,1.2234,1.22342,1.25,1.00
2017.03.13 14:03:10.347,1.22339,1.22343,1.69,1.00
2017.03.13 14:03:10.398,1.22339,1.22341,1.31,1.00
2017.03.13 14:03:10.903,1.22339,1.22341,1.19,1.00
2017.03.13 14:03:11.451,1.22339,1.22342,1.31,1.50
2017.03.13 14:03:11.985,1.22339,1.22341,1.00,1.50
2017.03.13 14:03:12.187,1.22339,1.22343,1.00,1.50
2017.03.13 14:03:12.941,1.22339,1.22345,1.00,4.69
2017.03.13 14:03:13.486,1.2234,1.22345,1.50,3.94
2017.03.13 14:03:14.012,1.22341,1.22344,1.00,1.69
2017.03.13 14:03:14.524,1.22342,1.22344,1.00,1.00
2017.03.13 14:03:14.649,1.22342,1.22346,2.25,1.00
2017.03.13 14:03:14.701,1.22344,1.22346,1.00,1.50
2017.03.13 14:03:15.207,1.22343,1.22346,1.69,1.00
2017.03.13 14:03:15.258,1.22344,1.22348,1.00,1.00
2017.03.13 14:03:15.460,1.22345,1.2235,1.69,1.50
2017.03.13 14:03:16.175,1.22345,1.22348,1.25,1.00
2017.03.13 14:03:16.479,1.22345,1.22348,1.31,1.50
2017.03.13 14:03:17.077,1.22343,1.22348,4.12,1.50
2017.03.13 14:03:17.131,1.22343,1.22346,2.44,1.00
2017.03.13 14:03:17.233,1.22342,1.22346,2.06,1.00
2017.03.13 14:03:17.740,1.22342,1.22345,1.25,1.00
2017.03.13 14:03:17.841,1.22342,1.22347,2.44,1.50
2017.03.13 14:03:18.719,1.22342,1.22345,1.25,1.50
2017.03.13 14:03:18.922,1.22337,1.22341,2.62,3.14
2017.03.13 14:03:19.175,1.22338,1.22343,1.50,1.25
2017.03.13 14:03:19.716,1.22337,1.22341,1.50,1.00
2017.03.13 14:03:19.818,1.22336,1.22343,4.69,1.69
2017.03.13 14:03:19.970,1.22338,1.22343,1.50,1.69
2017.03.13 14:03:20.274,1.22337,1.22341,2.25,1.50
2017.03.13 14:03:20.375,1.22338,1.22343,1.00,2.44
2017.03.13 14:03:20.908,1.22339,1.22342,1.00,1.50
2017.03.13 14:03:20.959,1.22337,1.22342,1.50,2.25
2017.03.13 14:03:21.162,1.22339,1.22342,1.00,3.27
2017.03.13 14:03:21.668,1.22338,1.22343,2.25,3.19
2017.03.13 14:03:21.971,1.22341,1.22344,1.00,4.21
2017.03.13 14:03:22.174,1.22339,1.22344,2.25,3.27
2017.03.13 14:03:22.322,1.22341,1.22344,1.00,4.02
2017.03.13 14:03:22.929,1.2234,1.22344,1.00,4.02
2017.03.13 14:03:23.437,1.22341,1.22344,1.00,2.52
2017.03.13 14:03:23.742,1.22337,1.22339,1.12,1.50
2017.03.13 14:03:24.273,1.22336,1.2234,1.00,1.00
2017.03.13 14:03:24.802,1.22336,1.22339,1.00,1.50
2017.03.13 14:03:28.644,1.22336,1.22338,1.00,1.00
2017.03.13 14:03:29.151,1.22335,1.22339,1.00,1.50
2017.03.13 14:03:29.856,1.22335,1.22338,1.00,1.00
2017.03.13 14:03:30.620,1.22336,1.22338,1.00,1.00
2017.03.13 14:03:31.126,1.22337,1.22339,1.00,1.00
2017.03.13 14:03:31.627,1.22337,1.2234,1.00,1.00
2017.03.13 14:03:34.259,1.22337,1.22339,1.00,1.50
2017.03.13 14:03:34.462,1.22337,1.22341,1.00,1.69
2017.03.13 14:03:34.979,1.22337,1.2234,1.00,1.00
2017.03.13 14:03:35.485,1.22336,1.2234,1.00,1.00
2017.03.13 14:03:35.995,1.22335,1.22339,1.50,1.50
2017.03.13 14:03:36.400,1.22335,1.22337,1.00,1.00
2017.03.13 14:03:36.914,1.22334,1.22338,1.50,2.39
2017.03.13 14:03:37.419,1.22334,1.2234,2.25,4.69
2017.03.13 14:03:37.925,1.22334,1.22339,1.50,3.56
2017.03.13 14:03:38.360,1.22336,1.22337,1.00,1.00
2017.03.13 14:03:38.411,1.22336,1.22339,1.00,2.57
2017.03.13 14:03:38.766,1.22334,1.22338,1.00,1.00
2017.03.13 14:03:39.750,1.22335,1.22339,2.25,3.14
2017.03.13 14:03:40.255,1.22335,1.2234,1.50,1.69
2017.03.13 14:03:40.862,1.22336,1.2234,1.00,4.31
2017.03.13 14:03:41.445,1.22335,1.22339,1.00,1.50
2017.03.13 14:03:41.954,1.22335,1.2234,1.00,2.44
2017.03.13 14:03:42.941,1.22334,1.2234,1.50,3.19
2017.03.13 14:03:43.850,1.22335,1.2234,1.50,2.44
2017.03.13 14:03:44.204,1.22334,1.22338,1.50,1.00
2017.03.13 14:03:44.710,1.22334,1.22339,2.25,2.39
2017.03.13 14:03:45.077,1.22336,1.2234,1.50,1.25
2017.03.13 14:03:46.045,1.22336,1.2234,1.50,1.50
2017.03.13 14:03:47.514,1.22336,1.2234,1.25,1.50
2017.03.13 14:03:48.020,1.22336,1.22339,1.00,1.56
2017.03.13 14:03:48.222,1.22333,1.22338,3.00,2.06
2017.03.13 14:03:48.639,1.22337,1.2234,1.50,1.87
2017.03.13 14:03:48.842,1.22338,1.22341,1.00,3.00
2017.03.13 14:03:49.375,1.22338,1.22341,1.00,3.00
2017.03.13 14:03:50.025,1.22338,1.22341,1.00,2.25
2017.03.13 14:03:50.126,1.22336,1.22341,2.25,2.25
2017.03.13 14:03:50.636,1.22336,1.22341,2.25,1.50
2017.03.13 14:03:50.687,1.22339,1.22342,1.00,1.56
2017.03.13 14:03:50.738,1.22339,1.22342,1.00,1.00
2017.03.13 14:03:50.839,1.22338,1.22344,2.25,7.50
2017.03.13 14:03:50.941,1.22341,1.22345,1.00,9.00
2017.03.13 14:03:51.042,1.22344,1.22346,1.00,3.00
2017.03.13 14:03:51.245,1.22343,1.22347,1.50,1.00
2017.03.13 14:03:51.405,1.22344,1.22348,1.37,1.00
2017.03.13 14:03:51.709,1.22342,1.22346,1.00,1.69
2017.03.13 14:03:52.872,1.22341,1.22345,1.87,1.25
2017.03.13 14:03:53.204,1.22345,1.22346,1.00,1.50
2017.03.13 14:03:53.255,1.22345,1.22347,1.50,1.00
2017.03.13 14:03:53.457,1.22345,1.22348,3.56,1.00
2017.03.13 14:03:53.559,1.22349,1.2235,1.25,1.00
2017.03.13 14:03:53.610,1.2235,1.22352,1.50,1.00
2017.03.13 14:03:53.711,1.22352,1.22354,1.00,1.25
2017.03.13 14:03:53.762,1.22352,1.22356,1.25,1.31
2017.03.13 14:03:53.813,1.22352,1.22354,1.25,1.00
2017.03.13 14:03:54.330,1.22351,1.22353,1.00,1.50
2017.03.13 14:03:54.432,1.22351,1.22355,2.06,1.50
2017.03.13 14:03:54.938,1.22353,1.22356,1.00,1.50
2017.03.13 14:03:55.466,1.22354,1.22357,1.00,1.00
2017.03.13 14:03:55.517,1.22354,1.22357,1.31,1.00
2017.03.13 14:03:55.619,1.22357,1.2236,1.00,2.44
2017.03.13 14:03:56.127,1.22357,1.2236,1.00,1.69
2017.03.13 14:03:57.272,1.22355,1.2236,1.69,1.69
2017.03.13 14:03:58.449,1.22355,1.22359,1.00,2.81
2017.03.13 14:03:58.955,1.22355,1.22358,1.25,1.00
2017.03.13 14:04:00.621,1.22356,1.2236,1.00,1.00
2017.03.13 14:04:00.976,1.22358,1.22361,1.00,2.62
2017.03.13 14:04:01.178,1.22356,1.22361,1.00,3.37
2017.03.13 14:04:01.229,1.22356,1.22359,1.00,1.00
2017.03.13 14:04:01.532,1.22356,1.22361,1.00,2.62
2017.03.13 14:04:01.684,1.22355,1.22357,1.25,1.00
2017.03.13 14:04:02.730,1.22356,1.22358,1.00,1.00
2017.03.13 14:04:03.195,1.22358,1.22359,1.00,1.50
2017.03.13 14:04:03.515,1.22354,1.22356,2.25,1.00
2017.03.13 14:04:04.023,1.22353,1.22355,1.25,1.00
2017.03.13 14:04:04.074,1.22353,1.22355,1.31,1.00
2017.03.13 14:04:04.176,1.22353,1.22355,1.31,1.00
2017.03.13 14:04:04.447,1.22358,1.22359,1.00,2.25
2017.03.13 14:04:04.498,1.22358,1.2236,1.00,1.50
2017.03.13 14:04:04.549,1.22359,1.22364,1.56,7.50
2017.03.13 14:04:04.651,1.22361,1.22362,1.25,1.00
2017.03.13 14:04:05.006,1.22361,1.22363,1.25,1.00
2017.03.13 14:04:05.210,1.2236,1.22362,1.31,1.00
2017.03.13 14:04:05.730,1.2236,1.22361,1.00,1.50
2017.03.13 14:04:06.253,1.22358,1.2236,1.25,1.50
2017.03.13 14:04:06.765,1.22358,1.22362,1.56,1.50
2017.03.13 14:04:07.106,1.22358,1.22359,1.00,1.00
2017.03.13 14:04:07.157,1.22355,1.22357,1.31,1.00
2017.03.13 14:04:09.715,1.22353,1.22356,1.69,1.00
2017.03.13 14:04:10.220,1.22354,1.22357,1.25,1.50
2017.03.13 14:04:10.724,1.22355,1.22357,1.00,1.50
2017.03.13 14:04:11.129,1.22354,1.22356,1.56,1.00
2017.03.13 14:04:11.359,1.22353,1.22356,1.31,1.50
2017.03.13 14:04:11.511,1.22353,1.22356,1.87,1.50
2017.03.13 14:04:11.562,1.22352,1.22355,1.87,1.50
2017.03.13 14:04:11.663,1.22352,1.22356,3.37,1.50
2017.03.13 14:04:12.168,1.22354,1.22357,1.69,1.50
2017.03.13 14:04:13.480,1.22355,1.22358,2.25,1.00
2017.03.13 14:04:13.531,1.22356,1.2236,1.31,1.50
2017.03.13 14:04:13.733,1.22356,1.22358,2.06,1.00
2017.03.13 14:04:13.935,1.22355,1.22357,1.12,1.00
2017.03.13 14:04:15.577,1.22354,1.22358,2.06,1.00
2017.03.13 14:04:15.679,1.22355,1.22359,4.31,1.00
2017.03.13 14:04:16.204,1.22356,1.22359,2.44,1.00
2017.03.13 14:04:16.594,1.22355,1.22357,1.54,1.00
2017.03.13 14:04:16.747,1.22354,1.22358,4.87,1.50
2017.03.13 14:04:17.288,1.22354,1.22358,3.75,1.50
2017.03.13 14:04:18.982,1.22354,1.22357,1.62,1.00
2017.03.13 14:04:19.489,1.22354,1.22356,1.25,1.50
2017.03.13 14:04:20.010,1.22354,1.22356,1.25,1.00
2017.03.13 14:04:22.733,1.2235,1.22354,4.31,1.50
2017.03.13 14:04:22.786,1.2235,1.22354,3.56,1.50
2017.03.13 14:04:23.295,1.2235,1.22354,1.69,1.50
2017.03.13 14:04:24.748,1.2235,1.22354,1.31,1.50
2017.03.13 14:04:26.158,1.2235,1.22354,2.44,1.00
2017.03.13 14:04:27.395,1.22349,1.22354,6.00,1.00
2017.03.13 14:04:28.362,1.22349,1.22352,4.12,1.00
2017.03.13 14:04:28.609,1.22348,1.22351,1.31,1.50
2017.03.13 14:04:30.759,1.22347,1.22351,1.50,1.69
2017.03.13 14:04:30.811,1.22346,1.22349,1.31,1.00
2017.03.13 14:04:31.120,1.22347,1.2235,1.69,1.00
2017.03.13 14:04:31.652,1.22349,1.22352,1.25,1.50
2017.03.13 14:04:31.703,1.22351,1.22353,1.25,1.00
2017.03.13 14:04:31.855,1.2235,1.22354,1.87,1.50
2017.03.13 14:04:32.222,1.22353,1.22355,1.00,1.50
2017.03.13 14:04:32.727,1.22351,1.22354,2.44,1.50
2017.03.13 14:04:33.032,1.22352,1.22355,1.31,1.50
2017.03.13 14:04:33.720,1.22352,1.22355,1.25,1.50
2017.03.13 14:04:34.226,1.22353,1.22355,1.00,1.50
2017.03.13 14:04:34.328,1.22351,1.22355,1.69,1.00
2017.03.13 14:04:35.377,1.22351,1.22355,1.31,1.50
2017.03.13 14:04:35.886,1.22352,1.22355,1.69,1.50
2017.03.13 14:04:39.315,1.22353,1.22355,1.00,1.00
2017.03.13 14:04:39.519,1.22348,1.22351,2.00,1.00
2017.03.13 14:04:39.575,1.2235,1.22353,1.31,1.50
2017.03.13 14:04:39.692,1.2235,1.22355,1.69,1.50
2017.03.13 14:04:39.894,1.2235,1.22353,1.87,1.00
2017.03.13 14:04:40.406,1.22351,1.22354,1.31,1.50
2017.03.13 14:04:40.814,1.22351,1.22353,1.25,1.00
2017.03.13 14:04:40.866,1.22351,1.22355,1.19,1.00
2017.03.13 14:04:40.968,1.22351,1.22353,1.69,1.00
2017.03.13 14:04:41.020,1.22351,1.22354,1.19,1.50
2017.03.13 14:04:41.594,1.2235,1.22354,4.12,1.00
2017.03.13 14:04:41.797,1.2235,1.22352,3.75,1.00
2017.03.13 14:04:42.210,1.22351,1.22353,1.00,1.00
2017.03.13 14:04:42.753,1.22351,1.22352,1.50,1.00
2017.03.13 14:04:42.930,1.22352,1.22354,1.00,1.00
2017.03.13 14:04:42.982,1.22352,1.22354,1.19,1.00
2017.03.13 14:04:43.034,1.22354,1.22357,1.00,1.69
2017.03.13 14:04:43.540,1.22354,1.22356,1.00,1.00
2017.03.13 14:04:44.046,1.22355,1.22356,1.00,1.00
2017.03.13 14:04:44.406,1.22353,1.22355,1.31,1.00
2017.03.13 14:04:44.558,1.22354,1.22356,1.12,1.50
2017.03.13 14:04:44.711,1.22354,1.22357,1.31,1.00
2017.03.13 14:04:45.015,1.22354,1.22356,1.31,1.00
2017.03.13 14:04:45.218,1.22354,1.22357,1.69,1.00
2017.03.13 14:04:45.866,1.22354,1.22358,1.56,1.50
2017.03.13 14:04:46.624,1.22355,1.22358,1.00,1.50
2017.03.13 14:04:46.949,1.22355,1.22357,1.31,1.50
2017.03.13 14:04:47.485,1.22355,1.22358,1.31,1.50
2017.03.13 14:04:48.056,1.22357,1.22359,1.00,1.50
2017.03.13 14:04:48.561,1.22357,1.2236,1.00,1.76
2017.03.13 14:04:50.008,1.22357,1.2236,2.06,1.50
2017.03.13 14:04:50.717,1.22358,1.22362,1.56,1.50
2017.03.13 14:04:50.921,1.22364,1.22367,2.66,1.50
2017.03.13 14:04:51.455,1.22365,1.22368,1.69,1.50
2017.03.13 14:04:52.011,1.22365,1.22368,2.06,1.50
2017.03.13 14:04:52.315,1.22368,1.22372,1.56,1.25
2017.03.13 14:04:52.367,1.22368,1.22372,1.56,1.00
2017.03.13 14:04:52.417,1.22368,1.22372,1.56,2.25
2017.03.13 14:04:52.593,1.22367,1.22369,2.62,1.50
2017.03.13 14:04:52.694,1.22366,1.22368,1.25,1.00
2017.03.13 14:04:53.404,1.22365,1.22368,1.69,1.50
2017.03.13 14:04:53.931,1.22363,1.22367,2.62,1.50
2017.03.13 14:04:54.422,1.22361,1.22363,1.50,1.00
2017.03.13 14:04:54.524,1.2236,1.22362,1.12,1.00
2017.03.13 14:04:55.406,1.22359,1.22361,1.00,1.00
2017.03.13 14:04:55.838,1.22357,1.2236,4.12,1.00
2017.03.13 14:04:55.889,1.22357,1.22359,1.19,1.50
2017.03.13 14:04:56.192,1.22354,1.22357,4.87,1.00
2017.03.13 14:04:56.699,1.22353,1.22356,4.12,1.00
2017.03.13 14:04:57.204,1.22354,1.22357,2.44,1.50
2017.03.13 14:04:57.422,1.22353,1.22357,4.31,1.50
2017.03.13 14:04:57.474,1.22353,1.22355,2.44,1.00
2017.03.13 14:04:58.234,1.22354,1.22355,1.00,1.00
2017.03.13 14:04:58.639,1.22351,1.22354,1.31,1.50
2017.03.13 14:04:58.690,1.2235,1.22353,6.19,1.00
2017.03.13 14:04:58.741,1.2235,1.22354,3.56,1.50
2017.03.13 14:04:58.792,1.2235,1.22353,2.06,1.00
2017.03.13 14:04:58.893,1.2235,1.22352,1.00,1.50
2017.03.13 14:04:59.331,1.22348,1.22352,4.69,2.25
2017.03.13 14:04:59.433,1.22348,1.22352,4.69,1.00
2017.03.13 14:04:59.535,1.22348,1.22352,3.75,1.00
2017.03.13 14:05:00.042,1.22348,1.22351,6.37,1.00
2017.03.13 14:05:00.245,1.22348,1.2235,1.12,1.00
2017.03.13 14:05:00.398,1.2235,1.22351,1.25,1.00
2017.03.13 14:05:00.448,1.2235,1.22353,1.25,1.50
2017.03.13 14:05:01.414,1.2235,1.22352,1.25,1.00
2017.03.13 14:05:01.710,1.22349,1.2235,1.00,1.00
2017.03.13 14:05:01.862,1.22347,1.22349,3.94,1.00
2017.03.13 14:05:02.267,1.22348,1.22352,2.25,1.50
2017.03.13 14:05:02.622,1.22349,1.2235,2.44,1.50
2017.03.13 14:05:02.874,1.22347,1.22349,3.00,1.00
2017.03.13 14:05:02.976,1.22347,1.22351,2.81,1.50
2017.03.13 14:05:03.128,1.22349,1.22351,1.00,1.00
2017.03.13 14:05:03.446,1.22346,1.22348,1.87,1.00
2017.03.13 14:05:03.751,1.22343,1.22346,3.37,1.00
2017.03.13 14:05:04.207,1.22344,1.22348,1.12,1.50
2017.03.13 14:05:04.258,1.22344,1.22346,1.12,1.00
2017.03.13 14:05:04.511,1.22344,1.22348,6.37,1.50
2017.03.13 14:05:05.525,1.22344,1.22348,5.25,1.50
2017.03.13 14:05:05.626,1.22344,1.22347,4.87,1.00
2017.03.13 14:05:05.931,1.22345,1.22347,1.19,1.50
2017.03.13 14:05:05.982,1.22344,1.22346,1.50,1.00
2017.03.13 14:05:06.206,1.22344,1.22348,2.25,1.50
2017.03.13 14:05:06.947,1.22347,1.22349,1.00,1.50
2017.03.13 14:05:07.452,1.22348,1.2235,1.50,1.00
2017.03.13 14:05:07.590,1.22349,1.22352,1.00,1.25
2017.03.13 14:05:07.894,1.22351,1.22354,1.50,1.69
2017.03.13 14:05:08.963,1.22352,1.22354,1.00,1.19
2017.03.13 14:05:09.064,1.22352,1.22355,1.50,1.50
2017.03.13 14:05:09.115,1.22351,1.22355,1.50,1.26
2017.03.13 14:05:09.216,1.22352,1.22355,1.50,1.50
2017.03.13 14:05:09.721,1.22352,1.22354,1.50,1.00
2017.03.13 14:05:10.234,1.22353,1.22355,1.50,1.00
2017.03.13 14:05:10.868,1.22352,1.22354,1.50,1.00
2017.03.13 14:05:11.424,1.22353,1.22354,1.00,1.00
2017.03.13 14:05:12.435,1.22353,1.22355,1.00,1.00
2017.03.13 14:05:12.588,1.22354,1.22357,1.50,1.00
2017.03.13 14:05:12.740,1.22353,1.22355,1.50,1.00
2017.03.13 14:05:12.892,1.22352,1.22354,1.50,1.00
2017.03.13 14:05:13.438,1.22353,1.22354,1.00,1.00
2017.03.13 14:05:14.287,1.22353,1.22355,1.00,1.00
2017.03.13 14:05:14.823,1.22352,1.22355,1.50,1.00
2017.03.13 14:05:15.371,1.22352,1.22354,1.50,1.00
2017.03.13 14:05:16.294,1.22353,1.22356,1.50,1.00
2017.03.13 14:05:18.100,1.22355,1.22356,1.00,1.00
2017.03.13 14:05:18.404,1.22353,1.22354,1.50,1.00
2017.03.13 14:05:18.804,1.22349,1.22354,1.87,2.25
2017.03.13 14:05:19.764,1.2235,1.22353,1.25,1.00
2017.03.13 14:05:20.269,1.22351,1.22354,1.00,1.00
2017.03.13 14:05:20.421,1.22349,1.22352,3.56,1.00
2017.03.13 14:05:20.614,1.22352,1.22356,1.25,1.50
2017.03.13 14:05:20.665,1.22354,1.22357,1.00,1.12
2017.03.13 14:05:21.272,1.22354,1.22359,1.00,1.00
2017.03.13 14:05:21.778,1.22354,1.2236,3.04,1.00
2017.03.13 14:05:21.946,1.22353,1.22356,2.81,1.50
2017.03.13 14:05:22.098,1.22352,1.22355,1.00,1.00
2017.03.13 14:05:22.610,1.22352,1.22356,1.00,2.25
2017.03.13 14:05:24.049,1.22352,1.22355,1.25,1.00
2017.03.13 14:05:24.646,1.22353,1.22356,2.44,1.00
2017.03.13 14:05:24.697,1.22353,1.22356,1.50,1.00
2017.03.13 14:05:24.916,1.22353,1.22356,2.44,1.50
2017.03.13 14:05:25.574,1.22351,1.22356,6.94,2.25
2017.03.13 14:05:25.924,1.22357,1.22359,1.00,1.00
2017.03.13 14:05:26.682,1.22357,1.22362,3.75,1.00
2017.03.13 14:05:27.322,1.22358,1.22362,3.00,1.50
2017.03.13 14:05:28.776,1.22359,1.22363,1.12,2.25
2017.03.13 14:05:29.289,1.2236,1.22363,1.25,1.00
2017.03.13 14:05:29.921,1.22359,1.22361,1.50,1.50
2017.03.13 14:05:30.376,1.22357,1.22359,1.69,1.00
2017.03.13 14:05:30.629,1.22355,1.22358,1.69,1.50
2017.03.13 14:05:31.083,1.22356,1.22359,2.06,1.00
2017.03.13 14:05:31.741,1.22356,1.22359,2.06,1.00
2017.03.13 14:05:32.059,1.22357,1.22359,1.56,1.00
2017.03.13 14:05:32.256,1.22357,1.2236,3.56,1.00
2017.03.13 14:05:32.307,1.22358,1.22362,2.44,1.50
2017.03.13 14:05:32.882,1.22359,1.22362,1.00,1.00
2017.03.13 14:05:35.904,1.22359,1.22362,1.31,1.00
2017.03.13 14:05:36.417,1.2236,1.22363,1.19,1.50
2017.03.13 14:05:36.935,1.2236,1.22363,1.00,1.50
2017.03.13 14:05:37.990,1.2236,1.22362,1.50,1.00
2017.03.13 14:05:40.590,1.2236,1.22362,2.25,1.00
2017.03.13 14:05:40.641,1.22361,1.22365,1.12,1.82
2017.03.13 14:05:41.533,1.22361,1.22365,3.00,2.25
2017.03.13 14:05:42.219,1.2236,1.22363,3.00,1.00
2017.03.13 14:05:42.826,1.2236,1.22362,1.50,1.00
2017.03.13 14:05:43.347,1.22358,1.22362,1.31,1.00
2017.03.13 14:05:43.651,1.22354,1.22358,1.62,1.00
2017.03.13 14:05:43.702,1.22354,1.22357,1.25,1.00
2017.03.13 14:05:43.955,1.22355,1.22359,1.00,1.12
2017.03.13 14:05:44.598,1.22356,1.22359,1.00,1.50
2017.03.13 14:05:45.003,1.22356,1.22361,1.00,1.50
2017.03.13 14:05:45.206,1.22358,1.22361,1.00,2.25
2017.03.13 14:05:45.459,1.22357,1.22363,2.25,1.50
2017.03.13 14:05:45.561,1.22358,1.2236,1.12,1.00
2017.03.13 14:05:45.966,1.22358,1.22361,1.12,1.00
2017.03.13 14:05:46.068,1.22357,1.22359,1.00,1.00
2017.03.13 14:05:46.221,1.22355,1.2236,2.06,2.25
2017.03.13 14:05:46.272,1.22357,1.2236,1.00,1.50
2017.03.13 14:05:46.780,1.22357,1.22361,1.69,1.50
2017.03.13 14:05:47.043,1.22354,1.22359,1.69,1.50
2017.03.13 14:05:47.296,1.22356,1.2236,1.00,1.50
2017.03.13 14:05:47.651,1.22355,1.22358,1.12,1.00
2017.03.13 14:05:47.853,1.22354,1.22361,3.04,3.00
2017.03.13 14:05:48.056,1.22354,1.22357,2.06,1.00
2017.03.13 14:05:48.324,1.22353,1.22358,2.81,1.00
2017.03.13 14:05:48.830,1.22352,1.22357,3.94,1.50
2017.03.13 14:05:49.338,1.22353,1.22358,1.69,1.00
2017.03.13 14:05:49.846,1.22354,1.22358,1.00,1.00
2017.03.13 14:05:50.150,1.22356,1.2236,1.00,1.00
2017.03.13 14:05:50.862,1.22355,1.2236,2.81,2.25
2017.03.13 14:05:51.368,1.22355,1.22359,1.25,1.00
2017.03.13 14:05:51.672,1.22353,1.22355,1.87,1.00
2017.03.13 14:05:52.188,1.22352,1.22354,1.69,1.00
2017.03.13 14:05:53.260,1.22351,1.22353,1.00,1.00
2017.03.13 14:05:53.361,1.22349,1.22352,3.00,1.00
2017.03.13 14:05:53.765,1.2235,1.22354,1.00,1.50
2017.03.13 14:05:53.922,1.22349,1.22352,2.25,1.00
2017.03.13 14:05:54.226,1.22352,1.22353,1.00,1.50
2017.03.13 14:05:54.933,1.22351,1.22352,1.00,1.00
2017.03.13 14:05:55.172,1.2235,1.22352,1.35,1.00
2017.03.13 14:05:55.230,1.2235,1.22354,2.29,1.25
2017.03.13 14:05:55.483,1.2235,1.22352,1.50,1.00
2017.03.13 14:05:55.686,1.22351,1.22354,1.12,1.69
2017.03.13 14:05:55.838,1.22348,1.22351,2.62,1.25
2017.03.13 14:05:55.939,1.22347,1.22351,4.87,1.69
2017.03.13 14:05:56.510,1.22349,1.22351,1.00,1.00
2017.03.13 14:05:58.309,1.22347,1.22351,1.25,1.00
2017.03.13 14:05:58.721,1.22349,1.22351,1.00,1.19
2017.03.13 14:05:58.873,1.22347,1.22351,2.25,1.19
2017.03.13 14:05:59.025,1.22349,1.22351,1.00,1.19
2017.03.13 14:05:59.551,1.22346,1.22349,1.00,2.25
2017.03.13 14:06:00.056,1.22345,1.22349,1.25,2.25
2017.03.13 14:06:00.595,1.22346,1.2235,1.87,1.00
2017.03.13 14:06:00.747,1.22348,1.2235,1.00,1.00
2017.03.13 14:06:01.301,1.22348,1.22349,1.00,1.50
2017.03.13 14:06:02.174,1.22347,1.22349,1.00,1.00
2017.03.13 14:06:02.680,1.22347,1.2235,1.00,1.50
2017.03.13 14:06:02.832,1.22346,1.22348,2.44,1.00
2017.03.13 14:06:05.045,1.22344,1.22348,2.62,1.00
2017.03.13 14:06:05.096,1.22344,1.22346,2.06,1.50
2017.03.13 14:06:05.349,1.22342,1.22345,1.87,1.00
2017.03.13 14:06:05.824,1.22342,1.22344,1.25,1.00
2017.03.13 14:06:06.336,1.22343,1.22344,1.00,1.00
2017.03.13 14:06:06.387,1.22344,1.22346,1.00,1.69
2017.03.13 14:06:06.975,1.22343,1.22345,1.00,1.00
2017.03.13 14:06:07.351,1.2234,1.22343,5.81,1.00
2017.03.13 14:06:07.871,1.22343,1.22345,1.00,1.69
2017.03.13 14:06:07.978,1.22341,1.22345,1.12,1.69
2017.03.13 14:06:08.147,1.22343,1.22345,1.00,1.69
2017.03.13 14:06:08.248,1.2234,1.22345,4.31,1.69
2017.03.13 14:06:08.758,1.22342,1.22343,1.00,1.00
2017.03.13 14:06:08.860,1.22342,1.22345,1.00,1.00
2017.03.13 14:06:09.280,1.22343,1.22347,1.25,1.50
2017.03.13 14:06:10.358,1.22343,1.22347,2.81,1.00
2017.03.13 14:06:10.957,1.22343,1.22348,3.56,1.50
2017.03.13 14:06:11.693,1.22344,1.22348,1.25,1.50
2017.03.13 14:06:12.038,1.22347,1.22351,1.19,2.25
2017.03.13 14:06:12.342,1.22349,1.22353,1.31,1.75
2017.03.13 14:06:12.392,1.22349,1.22353,1.31,1.00
2017.03.13 14:06:12.681,1.22352,1.22354,1.19,1.00
2017.03.13 14:06:12.984,1.22351,1.22357,6.97,1.25
2017.03.13 14:06:13.525,1.22353,1.22356,1.12,1.00
2017.03.13 14:06:14.049,1.22352,1.22356,1.87,1.00
2017.03.13 14:06:16.915,1.22352,1.22355,1.87,1.50
2017.03.13 14:06:17.615,1.22352,1.22356,2.62,1.00
2017.03.13 14:06:19.014,1.22352,1.22355,1.50,1.50
2017.03.13 14:06:19.575,1.22353,1.22356,1.12,1.00
2017.03.13 14:06:20.922,1.22351,1.22355,3.00,2.25
2017.03.13 14:06:21.479,1.22352,1.22357,1.69,1.69
2017.03.13 14:06:22.917,1.22352,1.22354,2.44,1.00
2017.03.13 14:06:23.222,1.22348,1.22349,1.50,1.00
2017.03.13 14:06:23.669,1.22346,1.22351,4.87,2.44
2017.03.13 14:06:24.024,1.22347,1.22349,1.00,1.00
2017.03.13 14:06:24.278,1.22345,1.22349,1.25,2.44
2017.03.13 14:06:24.799,1.22344,1.22348,1.87,1.00
2017.03.13 14:06:25.305,1.22343,1.22347,1.50,1.50
2017.03.13 14:06:25.407,1.22342,1.22345,1.00,1.19
2017.03.13 14:06:25.458,1.22339,1.22343,4.31,1.00
2017.03.13 14:06:25.661,1.22339,1.22341,1.12,1.00
2017.03.13 14:06:26.198,1.22339,1.22342,1.00,1.50
2017.03.13 14:06:26.718,1.22337,1.22342,3.75,1.50
2017.03.13 14:06:27.071,1.22337,1.2234,1.69,1.69
2017.03.13 14:06:27.173,1.22334,1.22337,2.06,1.00
2017.03.13 14:06:27.275,1.22332,1.22337,5.62,1.69
2017.03.13 14:06:27.653,1.22334,1.22336,1.00,1.00
2017.03.13 14:06:28.411,1.22335,1.22338,1.50,1.25
2017.03.13 14:06:28.815,1.22335,1.2234,1.69,2.44
2017.03.13 14:06:29.521,1.22337,1.2234,1.00,2.44
2017.03.13 14:06:29.774,1.22339,1.22343,1.50,3.19
2017.03.13 14:06:30.280,1.2234,1.22343,1.00,1.69
2017.03.13 14:06:31.476,1.22339,1.22343,1.50,1.69
2017.03.13 14:06:31.984,1.22339,1.22343,1.50,1.19
2017.03.13 14:06:32.575,1.22338,1.22343,1.69,2.81
2017.03.13 14:06:32.829,1.22336,1.22339,1.25,1.50
2017.03.13 14:06:33.033,1.22334,1.22339,3.00,1.69
2017.03.13 14:06:33.185,1.22334,1.2234,3.56,3.19
2017.03.13 14:06:33.339,1.22336,1.22338,1.25,1.00
2017.03.13 14:06:33.612,1.22334,1.22336,1.25,1.00
2017.03.13 14:06:33.815,1.22333,1.22338,1.81,1.50
2017.03.13 14:06:33.866,1.22335,1.22338,1.49,1.00
2017.03.13 14:06:34.749,1.22334,1.22339,1.81,1.50
2017.03.13 14:06:35.098,1.22333,1.22339,5.25,1.69
2017.03.13 14:06:35.604,1.22333,1.22338,1.69,2.06
2017.03.13 14:06:35.807,1.22332,1.22338,6.60,1.00
2017.03.13 14:06:36.322,1.22334,1.22339,1.12,1.69
2017.03.13 14:06:36.979,1.22334,1.22339,1.69,1.69
2017.03.13 14:06:37.232,1.22336,1.22339,1.00,1.00
2017.03.13 14:06:37.738,1.22334,1.2234,4.72,1.25
2017.03.13 14:06:38.277,1.22336,1.2234,1.50,1.69
2017.03.13 14:06:38.784,1.22336,1.2234,1.69,1.50
2017.03.13 14:06:39.188,1.22337,1.2234,3.00,1.50
2017.03.13 14:06:39.786,1.22337,1.2234,2.44,1.00
2017.03.13 14:06:40.633,1.22338,1.2234,1.00,1.00
2017.03.13 14:06:41.151,1.22337,1.2234,1.25,1.00
2017.03.13 14:06:41.667,1.22336,1.22341,5.62,1.00
2017.03.13 14:06:41.820,1.22337,1.22341,1.81,1.00
2017.03.13 14:06:42.131,1.22336,1.2234,3.56,1.69
2017.03.13 14:06:42.434,1.22339,1.22342,1.50,1.19
2017.03.13 14:06:42.990,1.22338,1.22341,1.00,1.69
2017.03.13 14:06:43.294,1.22334,1.22338,3.19,1.31
2017.03.13 14:06:43.597,1.22333,1.22336,4.69,1.56
2017.03.13 14:06:43.699,1.22333,1.22335,1.25,2.06
2017.03.13 14:06:43.952,1.22331,1.22333,1.12,1.00
2017.03.13 14:06:44.103,1.2233,1.22332,1.12,1.31
2017.03.13 14:06:44.444,1.2233,1.22334,1.50,1.31
2017.03.13 14:06:44.546,1.2233,1.22333,1.00,1.31
2017.03.13 14:06:45.054,1.22331,1.22333,1.00,1.31
2017.03.13 14:06:45.214,1.22332,1.22334,1.00,1.31
2017.03.13 14:06:45.518,1.2233,1.22334,2.10,1.25
2017.03.13 14:06:46.625,1.22331,1.22334,1.00,1.69
2017.03.13 14:06:47.257,1.22332,1.22334,1.00,1.25
2017.03.13 14:06:48.118,1.2233,1.22334,3.60,1.25
2017.03.13 14:06:48.421,1.22332,1.22334,1.00,1.69
2017.03.13 14:06:48.573,1.2233,1.22335,2.25,3.19
2017.03.13 14:06:48.827,1.22331,1.22333,1.00,1.31
2017.03.13 14:06:49.030,1.22331,1.22335,1.50,1.31
2017.03.13 14:06:49.535,1.22332,1.22335,1.25,1.00
2017.03.13 14:06:50.062,1.22331,1.22334,2.44,1.00
2017.03.13 14:06:50.169,1.22332,1.22336,1.25,1.25
2017.03.13 14:06:50.678,1.22333,1.22337,1.00,1.31
2017.03.13 14:06:50.729,1.22333,1.22338,1.87,3.19
2017.03.13 14:06:51.114,1.22334,1.22339,1.69,1.25
2017.03.13 14:06:51.570,1.22338,1.22342,1.00,1.81
2017.03.13 14:06:52.862,1.22339,1.22343,1.50,1.56
2017.03.13 14:06:52.913,1.22339,1.22343,1.00,1.31
2017.03.13 14:06:53.066,1.22341,1.22345,1.00,2.81
2017.03.13 14:06:53.117,1.22343,1.22345,1.00,1.62
2017.03.13 14:06:53.320,1.22344,1.22348,1.19,3.00
2017.03.13 14:06:53.573,1.22345,1.2235,1.25,2.44
2017.03.13 14:06:54.128,1.22346,1.2235,1.00,1.00
2017.03.13 14:06:54.448,1.22348,1.2235,1.00,1.00
2017.03.13 14:06:54.966,1.22348,1.22352,1.50,2.62
2017.03.13 14:06:55.270,1.22348,1.2235,1.50,1.19
2017.03.13 14:06:55.321,1.22349,1.22352,1.50,1.25
2017.03.13 14:06:55.725,1.22351,1.22353,1.50,1.19
2017.03.13 14:06:56.071,1.22349,1.22353,1.00,1.19
2017.03.13 14:06:56.335,1.22348,1.22353,1.00,2.81
2017.03.13 14:06:56.840,1.22346,1.2235,1.69,1.25
2017.03.13 14:06:58.266,1.22345,1.22349,1.00,1.50
2017.03.13 14:06:58.317,1.22344,1.22349,2.44,2.06
2017.03.13 14:06:59.256,1.22346,1.22351,2.25,1.69
2017.03.13 14:06:59.459,1.22347,1.22353,1.50,1.69
2017.03.13 14:06:59.662,1.2235,1.22354,1.00,2.06
2017.03.13 14:06:59.827,1.2235,1.22355,1.19,1.87
2017.03.13 14:07:00.031,1.22349,1.22351,2.81,1.00
2017.03.13 14:07:00.183,1.22347,1.22352,3.75,1.31
2017.03.13 14:07:01.042,1.22348,1.22352,1.69,1.25
2017.03.13 14:07:01.802,1.22351,1.22354,1.00,1.69
2017.03.13 14:07:01.853,1.22351,1.22356,1.00,4.69
2017.03.13 14:07:02.359,1.22351,1.22356,1.00,3.19
2017.03.13 14:07:02.909,1.22352,1.22357,1.50,7.31
2017.03.13 14:07:03.062,1.22352,1.22355,1.50,1.25
2017.03.13 14:07:03.518,1.22354,1.22356,1.00,1.25
2017.03.13 14:07:03.821,1.22353,1.22354,1.00,1.00
2017.03.13 14:07:04.348,1.22352,1.22354,1.00,1.00
2017.03.13 14:07:05.304,1.2235,1.22354,1.87,1.69
2017.03.13 14:07:06.721,1.2235,1.22353,1.44,1.00
2017.03.13 14:07:06.975,1.22345,1.22349,4.69,1.25
2017.03.13 14:07:09.486,1.22344,1.22349,4.69,1.69
2017.03.13 14:07:09.996,1.22344,1.22349,4.12,1.69
2017.03.13 14:07:10.330,1.22343,1.22347,5.81,1.56
2017.03.13 14:07:10.884,1.22343,1.22345,1.00,1.69
2017.03.13 14:07:11.411,1.22341,1.22346,3.56,2.06
2017.03.13 14:07:11.966,1.22341,1.22346,3.19,2.06
2017.03.13 14:07:12.433,1.2234,1.22343,1.00,2.06
2017.03.13 14:07:12.679,1.22336,1.22338,1.00,1.25
2017.03.13 14:07:12.730,1.22335,1.22336,1.00,1.31
2017.03.13 14:07:12.781,1.22334,1.22336,6.04,2.06
2017.03.13 14:07:12.832,1.22335,1.22338,1.85,1.00
2017.03.13 14:07:13.338,1.22335,1.22339,2.29,1.00
2017.03.13 14:07:13.439,1.22335,1.22339,2.62,1.31
2017.03.13 14:07:13.782,1.22333,1.22335,1.87,1.25
2017.03.13 14:07:15.081,1.22332,1.22335,1.25,1.00
2017.03.13 14:07:17.683,1.22331,1.22335,1.19,1.19
2017.03.13 14:07:17.785,1.22329,1.22334,6.60,1.25
2017.03.13 14:07:18.313,1.22332,1.22335,1.00,1.69
2017.03.13 14:07:18.826,1.22332,1.22335,1.50,1.69
2017.03.13 14:07:19.489,1.22334,1.22335,1.35,1.25
2017.03.13 14:07:19.743,1.22337,1.22339,3.56,1.00
2017.03.13 14:07:19.845,1.22338,1.22342,1.25,1.19
2017.03.13 14:07:20.759,1.22337,1.22342,3.94,1.25
2017.03.13 14:07:23.273,1.22339,1.22342,1.25,1.50
2017.03.13 14:07:27.535,1.22337,1.22341,3.75,1.00
2017.03.13 14:07:27.913,1.22338,1.22344,1.69,2.25
2017.03.13 14:07:28.064,1.22337,1.22342,2.44,1.26
2017.03.13 14:07:28.368,1.22334,1.22339,1.69,2.51
2017.03.13 14:07:28.873,1.22334,1.22338,2.44,1.00
2017.03.13 14:07:29.119,1.22336,1.2234,2.62,1.00
2017.03.13 14:07:29.271,1.22338,1.22341,1.25,1.00
2017.03.13 14:07:29.776,1.22338,1.22342,1.25,1.50
2017.03.13 14:07:31.120,1.22338,1.22341,1.25,1.00
2017.03.13 14:07:32.429,1.22338,1.22342,1.69,1.50
2017.03.13 14:07:34.259,1.22338,1.22341,1.25,1.00
2017.03.13 14:07:34.773,1.22338,1.22342,1.25,1.00
2017.03.13 14:07:36.344,1.22338,1.22343,1.25,1.00
2017.03.13 14:07:38.435,1.22341,1.22344,1.50,1.01
2017.03.13 14:07:38.967,1.2234,1.22343,1.00,1.00
2017.03.13 14:07:39.535,1.2234,1.22344,1.00,1.01
2017.03.13 14:07:43.759,1.22339,1.22342,1.00,1.50
2017.03.13 14:07:44.265,1.2234,1.22343,1.00,1.00
2017.03.13 14:07:44.315,1.2234,1.22345,1.00,1.76
2017.03.13 14:07:44.821,1.2234,1.22345,1.87,1.50
2017.03.13 14:07:45.389,1.22342,1.22346,1.00,2.51
2017.03.13 14:07:45.862,1.22341,1.22345,1.25,1.31
2017.03.13 14:07:47.024,1.2234,1.22344,1.69,1.19
2017.03.13 14:07:50.310,1.22343,1.22345,2.10,1.31
2017.03.13 14:07:50.361,1.22344,1.22348,2.10,1.31
2017.03.13 14:07:50.463,1.22346,1.2235,1.25,1.62
2017.03.13 14:07:50.986,1.22346,1.22351,1.25,1.69
2017.03.13 14:07:52.087,1.22349,1.22353,1.00,3.19
2017.03.13 14:07:52.138,1.22349,1.22353,1.00,1.19
2017.03.13 14:07:52.239,1.2235,1.22354,1.69,1.00
2017.03.13 14:07:52.341,1.22352,1.22356,1.00,1.00
2017.03.13 14:07:52.442,1.22353,1.22358,1.25,2.06
2017.03.13 14:07:52.544,1.22354,1.22358,1.19,1.50
2017.03.13 14:07:52.864,1.22353,1.22356,2.06,1.00
2017.03.13 14:07:53.421,1.22353,1.22357,2.81,1.00
2017.03.13 14:07:53.927,1.22353,1.22357,1.50,1.50
2017.03.13 14:07:54.435,1.22353,1.22358,1.50,1.50
2017.03.13 14:07:56.153,1.22353,1.22358,2.44,1.25
2017.03.13 14:07:56.495,1.22356,1.2236,1.00,1.69
2017.03.13 14:07:57.000,1.22355,1.2236,1.00,2.81
2017.03.13 14:07:57.153,1.22355,1.2236,1.31,1.25
2017.03.13 14:07:57.658,1.22356,1.22362,1.87,2.44
2017.03.13 14:07:58.471,1.22356,1.22362,2.25,2.06
2017.03.13 14:07:58.622,1.22358,1.22362,1.00,2.81
2017.03.13 14:07:58.724,1.22355,1.22361,7.87,1.56
2017.03.13 14:07:59.382,1.22355,1.2236,3.00,2.81
2017.03.13 14:08:00.100,1.22355,1.22358,1.87,1.00
2017.03.13 14:08:00.151,1.22355,1.22357,1.12,1.00
2017.03.13 14:08:00.658,1.22355,1.22357,1.00,1.00
2017.03.13 14:08:00.709,1.22352,1.22357,4.12,1.00
2017.03.13 14:08:01.073,1.22354,1.22356,1.69,1.00
2017.03.13 14:08:01.177,1.22354,1.22359,1.69,2.25
2017.03.13 14:08:01.683,1.22355,1.2236,5.06,1.50
2017.03.13 14:08:02.037,1.22356,1.22358,1.50,1.00
2017.03.13 14:08:02.555,1.22355,1.22358,1.25,1.00
2017.03.13 14:08:03.061,1.22355,1.22359,3.19,1.00
2017.03.13 14:08:03.668,1.22355,1.22359,1.31,2.25
2017.03.13 14:08:05.025,1.22357,1.22359,1.00,1.00
2017.03.13 14:08:05.541,1.22355,1.22359,4.31,1.00
2017.03.13 14:08:06.355,1.22355,1.22359,5.81,1.00
2017.03.13 14:08:06.697,1.22357,1.22359,1.00,1.00
2017.03.13 14:08:07.205,1.22356,1.2236,2.25,1.25
2017.03.13 14:08:07.868,1.22356,1.2236,2.44,1.00
2017.03.13 14:08:08.380,1.22356,1.22361,3.56,1.00
2017.03.13 14:08:09.580,1.22355,1.22359,4.69,1.00
2017.03.13 14:08:10.149,1.22355,1.22359,2.81,1.50
2017.03.13 14:08:10.655,1.22356,1.2236,2.81,2.25
2017.03.13 14:08:11.641,1.22358,1.22362,1.00,1.50
2017.03.13 14:08:12.190,1.22359,1.22361,1.00,1.00
2017.03.13 14:08:12.698,1.22358,1.22362,1.50,1.00
2017.03.13 14:08:13.236,1.22357,1.22362,6.00,1.00
2017.03.13 14:08:13.741,1.22358,1.22362,1.25,1.25
2017.03.13 14:08:14.247,1.22359,1.22362,1.00,1.69
2017.03.13 14:08:14.499,1.22359,1.22364,1.56,1.50
2017.03.13 14:08:14.753,1.22359,1.22363,1.69,1.50
2017.03.13 14:08:16.263,1.22359,1.22363,2.06,1.00
2017.03.13 14:08:16.469,1.22359,1.22363,2.06,1.50
2017.03.13 14:08:16.772,1.22359,1.22365,2.81,1.50
2017.03.13 14:08:17.287,1.22359,1.22364,2.81,1.00
2017.03.13 14:08:18.228,1.22359,1.22363,2.81,1.00
2017.03.13 14:08:18.279,1.22359,1.22365,2.62,1.50
2017.03.13 14:08:18.537,1.2236,1.22365,1.56,1.00
2017.03.13 14:08:19.143,1.22359,1.22363,2.81,1.00
2017.03.13 14:08:19.295,1.2236,1.22363,1.19,1.50
2017.03.13 14:08:19.801,1.22362,1.22366,1.56,1.00
2017.03.13 14:08:20.275,1.22361,1.22364,3.37,1.00
2017.03.13 14:08:20.427,1.22361,1.22366,4.87,1.00
2017.03.13 14:08:21.659,1.22362,1.22366,1.12,1.50
2017.03.13 14:08:23.323,1.22362,1.22365,1.12,1.00
2017.03.13 14:08:23.374,1.22362,1.22369,1.12,4.50
2017.03.13 14:08:23.425,1.22362,1.22367,1.87,1.50
2017.03.13 14:08:23.629,1.22366,1.22369,2.81,1.12
2017.03.13 14:08:24.565,1.22365,1.22369,2.25,1.50
2017.03.13 14:08:25.078,1.22365,1.22369,2.25,1.50
2017.03.13 14:08:27.675,1.22368,1.22373,2.81,1.69
2017.03.13 14:08:27.726,1.22368,1.22372,2.25,1.00
2017.03.13 14:08:27.968,1.22369,1.22374,4.12,1.50
2017.03.13 14:08:28.171,1.2237,1.22377,1.81,2.44
2017.03.13 14:08:28.710,1.2237,1.22375,2.25,1.50
2017.03.13 14:08:28.862,1.22369,1.22373,4.50,1.00
2017.03.13 14:08:29.367,1.22369,1.22374,4.50,1.00
2017.03.13 14:08:29.985,1.22369,1.22374,4.50,1.00
2017.03.13 14:08:31.314,1.2237,1.22373,1.44,1.00
2017.03.13 14:08:31.969,1.2237,1.22372,1.44,1.50
2017.03.13 14:08:32.273,1.22374,1.22378,1.56,1.00
2017.03.13 14:08:32.821,1.22374,1.22379,4.12,3.00
2017.03.13 14:08:34.552,1.22373,1.22376,2.44,1.00
2017.03.13 14:08:34.654,1.22372,1.22376,1.81,1.50
2017.03.13 14:08:34.806,1.2237,1.22374,4.50,1.50
2017.03.13 14:08:34.908,1.22373,1.22376,1.31,1.50
2017.03.13 14:08:34.958,1.22373,1.22376,3.00,1.50
2017.03.13 14:08:35.165,1.22373,1.22378,4.87,1.50
2017.03.13 14:08:35.893,1.22373,1.22377,3.00,1.00
2017.03.13 14:08:36.467,1.22373,1.22374,1.25,1.50
2017.03.13 14:08:36.519,1.2237,1.22373,2.25,1.00
2017.03.13 14:08:37.024,1.22368,1.22372,3.75,1.00
2017.03.13 14:08:37.539,1.22368,1.22373,5.25,1.00
2017.03.13 14:08:37.641,1.2237,1.22373,3.75,1.00
2017.03.13 14:08:37.693,1.2237,1.22375,4.50,1.50
2017.03.13 14:08:38.864,1.2237,1.22375,5.25,1.50
2017.03.13 14:08:38.915,1.2237,1.22373,1.87,1.00
2017.03.13 14:08:39.554,1.22371,1.22372,1.00,1.00
2017.03.13 14:08:39.980,1.22372,1.22375,1.25,1.00
2017.03.13 14:08:40.031,1.22372,1.22376,2.81,1.50
2017.03.13 14:08:40.334,1.22373,1.22378,3.75,1.50
2017.03.13 14:08:41.239,1.22374,1.22378,1.56,1.50
2017.03.13 14:08:41.744,1.22373,1.22378,3.37,1.50
2017.03.13 14:08:42.047,1.22375,1.2238,1.56,3.00
2017.03.13 14:08:42.451,1.22376,1.22381,1.87,1.00
2017.03.13 14:08:42.975,1.22377,1.22382,1.56,1.87
2017.03.13 14:08:45.169,1.22376,1.22381,1.81,1.00
2017.03.13 14:08:45.423,1.22379,1.22383,1.19,1.87
2017.03.13 14:08:45.524,1.22378,1.22381,1.44,1.00
2017.03.13 14:08:45.728,1.22377,1.22381,1.19,1.50
2017.03.13 14:08:46.994,1.22375,1.22382,2.62,3.00
2017.03.13 14:08:47.147,1.22376,1.22379,1.56,1.00
2017.03.13 14:08:47.451,1.22376,1.22381,1.56,1.50
2017.03.13 14:08:48.010,1.22375,1.22379,2.25,1.50
2017.03.13 14:08:48.062,1.22375,1.22379,1.50,1.69
2017.03.13 14:08:48.582,1.22374,1.22378,1.81,1.00
2017.03.13 14:08:49.138,1.22376,1.2238,1.44,3.00
2017.03.13 14:08:49.645,1.22375,1.2238,3.00,1.50
2017.03.13 14:08:50.050,1.22376,1.22381,1.81,1.50
2017.03.13 14:08:50.354,1.22376,1.22381,3.07,1.50
2017.03.13 14:08:50.859,1.22376,1.2238,1.25,1.50
2017.03.13 14:08:50.961,1.22375,1.22378,1.19,1.00
2017.03.13 14:08:51.554,1.22374,1.22379,3.07,1.00
2017.03.13 14:08:51.959,1.22376,1.22381,4.19,1.50
2017.03.13 14:08:52.061,1.22377,1.22382,3.44,1.12
2017.03.13 14:08:52.264,1.22379,1.22385,3.26,1.50
2017.03.13 14:08:52.788,1.2238,1.22385,1.19,1.50
2017.03.13 14:08:53.636,1.2238,1.22385,1.75,1.00
2017.03.13 14:08:54.350,1.22381,1.22385,2.62,1.00
2017.03.13 14:08:54.767,1.22382,1.22389,3.75,4.87
2017.03.13 14:08:55.272,1.22382,1.22385,5.25,1.00
2017.03.13 14:08:55.374,1.22382,1.22387,2.06,2.25
2017.03.13 14:08:55.677,1.22381,1.22385,2.62,1.50
2017.03.13 14:08:56.262,1.22381,1.22386,4.12,1.50
2017.03.13 14:08:56.364,1.22382,1.22386,1.56,1.50
2017.03.13 14:08:56.884,1.22381,1.22384,1.81,1.50
2017.03.13 14:08:57.190,1.2237,1.22371,3.00,1.00
2017.03.13 14:08:57.292,1.22368,1.22371,2.44,1.00
2017.03.13 14:08:57.821,1.22369,1.22372,1.25,2.06
2017.03.13 14:08:57.922,1.22365,1.22369,4.12,1.00
2017.03.13 14:08:58.327,1.22364,1.22368,1.25,1.00
2017.03.13 14:08:58.378,1.22365,1.22368,1.31,1.00
2017.03.13 14:08:58.884,1.22364,1.22368,1.19,1.50
2017.03.13 14:09:00.008,1.22363,1.22367,4.12,1.00
2017.03.13 14:09:00.060,1.22363,1.22367,2.25,1.25
2017.03.13 14:09:00.313,1.22363,1.22365,1.87,1.00
2017.03.13 14:09:00.617,1.22363,1.22367,1.12,1.69
2017.03.13 14:09:00.992,1.22362,1.22365,1.56,1.00
2017.03.13 14:09:02.190,1.2236,1.22364,1.44,1.00
2017.03.13 14:09:02.479,1.22359,1.22362,1.44,1.00
2017.03.13 14:09:03.594,1.2236,1.22363,1.44,1.50
2017.03.13 14:09:03.747,1.22357,1.22361,3.00,1.00
2017.03.13 14:09:04.085,1.2236,1.22362,1.00,1.00
2017.03.13 14:09:04.338,1.22361,1.22366,3.19,1.25
2017.03.13 14:09:04.490,1.22361,1.22365,1.00,2.06
2017.03.13 14:09:04.996,1.2236,1.22365,1.50,2.81
2017.03.13 14:09:05.480,1.22362,1.22365,1.00,1.56
2017.03.13 14:09:05.582,1.22362,1.22366,3.00,1.25
2017.03.13 14:09:05.683,1.22363,1.22368,1.50,1.00
2017.03.13 14:09:05.886,1.22362,1.22367,1.87,2.81
2017.03.13 14:09:06.409,1.22361,1.22367,1.25,2.06
2017.03.13 14:09:06.759,1.22363,1.22368,1.50,2.06
2017.03.13 14:09:07.999,1.22363,1.22366,1.00,1.56
2017.03.13 14:09:08.848,1.22365,1.22368,1.00,1.56
2017.03.13 14:09:08.899,1.22365,1.22368,2.25,1.00
2017.03.13 14:09:09.000,1.22367,1.22369,1.00,1.31
2017.03.13 14:09:09.354,1.22365,1.2237,1.50,2.81
2017.03.13 14:09:09.925,1.22364,1.22369,3.19,1.44
2017.03.13 14:09:10.184,1.22363,1.22367,1.12,2.06
2017.03.13 14:09:10.491,1.22361,1.22364,2.06,2.25
2017.03.13 14:09:10.997,1.22362,1.22365,2.44,1.69
2017.03.13 14:09:13.687,1.22361,1.22364,1.56,1.50
2017.03.13 14:09:13.738,1.22361,1.22364,1.00,1.50
2017.03.13 14:09:14.245,1.2236,1.22364,1.25,1.50
2017.03.13 14:09:14.807,1.22359,1.22364,4.50,1.31
2017.03.13 14:09:14.858,1.2236,1.22364,1.19,1.50
2017.03.13 14:09:15.376,1.2236,1.22365,1.00,3.00
2017.03.13 14:09:15.680,1.22361,1.22365,2.62,1.00
2017.03.13 14:09:16.195,1.22361,1.22366,1.69,1.50
2017.03.13 14:09:17.005,1.2236,1.22365,2.81,1.12
2017.03.13 14:09:17.514,1.22359,1.22365,5.81,1.25
2017.03.13 14:09:18.099,1.22359,1.22364,5.81,1.00
2017.03.13 14:09:19.125,1.2236,1.22365,2.06,2.25
2017.03.13 14:09:19.632,1.22359,1.22364,5.44,1.50
2017.03.13 14:09:19.936,1.22359,1.22362,1.25,1.50
2017.03.13 14:09:20.290,1.22357,1.2236,1.44,1.00
2017.03.13 14:09:20.595,1.22355,1.22358,1.56,1.00
2017.03.13 14:09:21.101,1.22354,1.2236,3.00,1.69
2017.03.13 14:09:21.606,1.22354,1.22358,3.00,1.00
2017.03.13 14:09:22.123,1.22354,1.2236,1.41,3.94
2017.03.13 14:09:22.325,1.22353,1.22359,1.41,2.06
2017.03.13 14:09:22.427,1.22353,1.22357,4.35,1.00
2017.03.13 14:09:22.478,1.22353,1.22357,2.66,1.00
2017.03.13 14:09:22.529,1.22354,1.22359,1.16,1.31
2017.03.13 14:09:22.630,1.22354,1.2236,1.54,3.94
2017.03.13 14:09:23.146,1.22353,1.22359,1.91,3.19
2017.03.13 14:09:23.349,1.22356,1.22358,1.05,1.50
2017.03.13 14:09:23.455,1.22356,1.22359,1.16,1.69
2017.03.13 14:09:23.961,1.22358,1.2236,1.00,1.50
2017.03.13 14:09:25.298,1.22357,1.22359,1.50,1.25
2017.03.13 14:09:25.686,1.22359,1.22362,1.00,3.56
2017.03.13 14:09:26.198,1.2236,1.22362,1.50,1.19
2017.03.13 14:09:26.508,1.22358,1.22359,1.05,2.25
2017.03.13 14:09:26.559,1.22356,1.22359,1.00,1.69
2017.03.13 14:09:26.661,1.22357,1.22359,1.00,2.44
2017.03.13 14:09:27.013,1.2236,1.22362,1.00,1.87
2017.03.13 14:09:27.064,1.2236,1.22362,1.50,3.00
2017.03.13 14:09:27.636,1.22361,1.22362,1.00,1.00
2017.03.13 14:09:28.196,1.2236,1.22362,1.50,1.00
2017.03.13 14:09:28.711,1.22361,1.22362,1.00,1.00
2017.03.13 14:09:29.127,1.22365,1.22368,1.50,1.50
2017.03.13 14:09:29.483,1.22365,1.22367,1.00,1.25
2017.03.13 14:09:30.501,1.22363,1.22365,1.00,2.25
2017.03.13 14:09:30.754,1.22357,1.22361,1.50,1.31
2017.03.13 14:09:30.805,1.22358,1.22359,1.00,1.00
2017.03.13 14:09:31.109,1.22358,1.22361,1.50,1.00
2017.03.13 14:09:31.614,1.22358,1.2236,1.00,1.50
2017.03.13 14:09:32.513,1.22357,1.22361,1.25,1.87
2017.03.13 14:09:33.018,1.22356,1.22359,1.00,1.31
2017.03.13 14:09:33.170,1.22358,1.22359,1.00,1.00
2017.03.13 14:09:33.515,1.22356,1.22358,1.00,1.00
2017.03.13 14:09:33.567,1.22353,1.22356,1.31,1.00
2017.03.13 14:09:33.871,1.22353,1.22354,1.25,1.50
2017.03.13 14:09:34.024,1.22351,1.22356,1.69,1.00
2017.03.13 14:09:34.176,1.22355,1.22356,1.00,1.00
2017.03.13 14:09:34.379,1.22353,1.22355,1.31,1.00
2017.03.13 14:09:34.893,1.22351,1.22355,2.06,1.25
2017.03.13 14:09:35.430,1.2235,1.22354,3.56,1.50
2017.03.13 14:09:35.969,1.2235,1.22355,5.06,1.69
2017.03.13 14:09:36.186,1.22353,1.22357,2.06,1.87
2017.03.13 14:09:37.803,1.22355,1.22359,1.31,1.69
2017.03.13 14:09:39.756,1.22356,1.22359,2.44,1.00
2017.03.13 14:09:40.111,1.22357,1.22361,2.62,1.19
2017.03.13 14:09:40.617,1.22357,1.22361,1.50,1.69
2017.03.13 14:09:40.818,1.22359,1.22364,1.50,3.75
2017.03.13 14:09:41.324,1.22358,1.22362,5.06,1.00
2017.03.13 14:09:42.183,1.22361,1.22363,1.00,1.00
2017.03.13 14:09:44.183,1.22359,1.22363,1.25,1.00
2017.03.13 14:09:44.732,1.22359,1.22364,4.31,1.50
2017.03.13 14:09:45.247,1.2236,1.22365,1.87,2.62
2017.03.13 14:09:45.298,1.2236,1.22363,1.69,1.00
2017.03.13 14:09:45.703,1.22359,1.22363,3.19,1.00
2017.03.13 14:09:46.203,1.22359,1.22361,1.69,1.00
2017.03.13 14:09:46.405,1.22359,1.22363,1.69,1.50
2017.03.13 14:09:46.456,1.22359,1.22362,2.44,1.00
2017.03.13 14:09:47.104,1.22359,1.22364,5.81,1.69
2017.03.13 14:09:47.206,1.22359,1.22362,3.56,1.00
2017.03.13 14:09:47.257,1.22359,1.22362,1.31,1.50
2017.03.13 14:09:47.409,1.22358,1.22362,1.00,1.69
2017.03.13 14:09:47.869,1.2236,1.22364,1.31,2.44
2017.03.13 14:09:48.223,1.22359,1.22361,1.56,1.00
2017.03.13 14:09:48.273,1.22358,1.2236,1.87,1.31
2017.03.13 14:09:48.375,1.22357,1.22359,1.00,1.00
2017.03.13 14:09:48.727,1.22351,1.22353,3.00,1.00
2017.03.13 14:09:48.831,1.22351,1.22354,1.12,2.25
2017.03.13 14:09:49.337,1.2235,1.22354,1.31,1.50
2017.03.13 14:09:50.111,1.22349,1.22353,2.81,1.00
2017.03.13 14:09:50.162,1.22349,1.22353,2.25,1.00
2017.03.13 14:09:51.313,1.2235,1.22353,1.00,1.00
2017.03.13 14:09:51.364,1.2235,1.22354,1.56,1.50
2017.03.13 14:09:52.838,1.2235,1.22352,1.56,1.00
2017.03.13 14:09:53.092,1.22349,1.22354,1.56,1.50
2017.03.13 14:09:53.142,1.22349,1.22352,1.56,1.00
2017.03.13 14:09:54.105,1.22349,1.22352,1.19,1.00
2017.03.13 14:09:54.615,1.22348,1.22353,5.44,1.50
2017.03.13 14:09:54.829,1.22348,1.2235,1.31,1.00
2017.03.13 14:09:54.981,1.22348,1.2235,1.00,1.00
2017.03.13 14:09:55.508,1.22348,1.22351,1.00,1.00
2017.03.13 14:09:56.578,1.22349,1.22352,1.25,1.25
2017.03.13 14:09:57.110,1.22349,1.22353,1.69,1.00
2017.03.13 14:09:58.194,1.2235,1.22353,1.00,1.00
2017.03.13 14:09:58.447,1.2235,1.22355,1.00,1.25
2017.03.13 14:09:58.774,1.22352,1.22354,1.00,1.00
2017.03.13 14:09:58.826,1.2235,1.22355,3.19,1.25
2017.03.13 14:09:58.980,1.2235,1.22353,1.50,1.31
2017.03.13 14:09:59.488,1.22348,1.22352,1.69,1.00
2017.03.13 14:09:59.792,1.22349,1.22352,3.56,1.50
2017.03.13 14:10:00.358,1.22349,1.22353,2.06,1.50
2017.03.13 14:10:00.864,1.22349,1.22352,1.31,1.00
2017.03.13 14:10:01.403,1.22349,1.22351,1.56,1.00
2017.03.13 14:10:02.171,1.22348,1.22352,1.69,1.50
2017.03.13 14:10:02.907,1.22348,1.22351,1.69,1.00
2017.03.13 14:10:03.470,1.22348,1.22352,1.69,1.50
2017.03.13 14:10:04.436,1.22349,1.22353,1.19,1.69
2017.03.13 14:10:05.219,1.22349,1.22354,1.37,1.50
2017.03.13 14:10:05.320,1.22348,1.22353,3.37,1.00
2017.03.13 14:10:06.152,1.22349,1.22354,1.87,1.50
2017.03.13 14:10:06.671,1.2235,1.22354,1.00,1.00
2017.03.13 14:10:07.186,1.2235,1.22355,1.50,1.12
2017.03.13 14:10:07.708,1.22352,1.22355,1.00,1.00
2017.03.13 14:10:07.759,1.22352,1.22357,2.25,2.06
2017.03.13 14:10:08.264,1.22353,1.22358,1.00,1.12
2017.03.13 14:10:08.914,1.22352,1.22357,1.50,1.00
2017.03.13 14:10:09.225,1.22351,1.22354,1.12,1.50
2017.03.13 14:10:09.478,1.22349,1.22354,2.62,2.25
2017.03.13 14:10:09.731,1.22347,1.2235,1.12,1.00
2017.03.13 14:10:10.035,1.22349,1.22352,2.25,1.00
2017.03.13 14:10:10.136,1.22349,1.22354,3.00,1.50
2017.03.13 14:10:10.527,1.22348,1.22352,4.12,1.25
2017.03.13 14:10:11.480,1.2235,1.22353,1.00,1.00
2017.03.13 14:10:12.041,1.2235,1.22354,1.00,1.69
2017.03.13 14:10:12.748,1.22351,1.22355,1.00,1.87
2017.03.13 14:10:14.210,1.2235,1.22355,2.25,1.44
2017.03.13 14:10:14.616,1.22351,1.22352,1.00,1.50
2017.03.13 14:10:14.971,1.22351,1.22355,2.25,1.87
2017.03.13 14:10:15.973,1.22349,1.22354,4.50,1.25
2017.03.13 14:10:16.478,1.2235,1.22353,1.00,1.50
2017.03.13 14:10:16.996,1.2235,1.22354,1.00,1.87
2017.03.13 14:10:17.401,1.22353,1.22356,1.50,1.56
2017.03.13 14:10:17.503,1.22356,1.22358,1.50,1.00
2017.03.13 14:10:17.555,1.22358,1.22361,1.00,1.00
2017.03.13 14:10:17.606,1.22359,1.22362,1.00,1.69
2017.03.13 14:10:17.984,1.22362,1.22363,1.00,1.25
2017.03.13 14:10:18.238,1.22365,1.22367,1.00,1.00
2017.03.13 14:10:18.339,1.22365,1.22369,1.50,2.81
2017.03.13 14:10:18.850,1.22368,1.2237,1.00,1.50
2017.03.13 14:10:19.155,1.22366,1.22368,1.00,1.00
2017.03.13 14:10:19.459,1.22369,1.22372,1.00,1.50
2017.03.13 14:10:19.561,1.2237,1.22372,1.00,1.50
2017.03.13 14:10:19.954,1.22369,1.22371,1.00,1.00
2017.03.13 14:10:20.461,1.22366,1.2237,1.50,1.50
2017.03.13 14:10:20.921,1.22365,1.22368,3.00,1.00
2017.03.13 14:10:21.246,1.22365,1.22367,1.50,1.00
2017.03.13 14:10:21.348,1.22362,1.22366,3.00,1.00
2017.03.13 14:10:21.890,1.22363,1.22367,1.37,1.00
2017.03.13 14:10:22.437,1.22365,1.22368,1.00,1.50
2017.03.13 14:10:22.741,1.22363,1.22366,2.25,1.00
2017.03.13 14:10:23.297,1.22365,1.22368,1.00,1.31
2017.03.13 14:10:23.348,1.22365,1.22368,1.00,1.00
2017.03.13 14:10:23.859,1.22364,1.22368,1.00,1.50
2017.03.13 14:10:24.157,1.22364,1.22366,1.00,1.00
2017.03.13 14:10:24.259,1.22361,1.22364,1.00,1.00
2017.03.13 14:10:24.716,1.22365,1.22366,1.00,1.00
2017.03.13 14:10:24.768,1.22365,1.22368,1.00,2.44
2017.03.13 14:10:24.920,1.22363,1.22365,1.50,1.00
2017.03.13 14:10:25.116,1.2236,1.22364,1.00,1.50
2017.03.13 14:10:25.621,1.22361,1.22364,1.00,1.00
2017.03.13 14:10:26.799,1.2236,1.22363,1.50,1.00
2017.03.13 14:10:27.305,1.2236,1.22362,1.00,1.50
2017.03.13 14:10:27.406,1.22359,1.22361,1.50,1.00
2017.03.13 14:10:27.457,1.2236,1.22362,1.00,1.00
2017.03.13 14:10:27.610,1.22358,1.22361,1.00,1.00
2017.03.13 14:10:28.125,1.22359,1.22361,1.00,1.00
2017.03.13 14:10:28.649,1.22359,1.22362,2.25,1.00
2017.03.13 14:10:29.158,1.2236,1.22362,1.00,1.00
2017.03.13 14:10:29.411,1.22361,1.22364,1.50,1.00
2017.03.13 14:10:29.816,1.22359,1.22364,2.25,1.50
2017.03.13 14:10:30.232,1.22359,1.22363,2.81,1.00
2017.03.13 14:10:30.653,1.22359,1.22363,2.06,1.00
2017.03.13 14:10:31.109,1.2236,1.22365,2.44,1.50
2017.03.13 14:10:31.161,1.2236,1.22363,1.31,1.00
2017.03.13 14:10:32.179,1.22359,1.22363,2.44,1.50
2017.03.13 14:10:34.244,1.22359,1.22363,2.81,1.00
2017.03.13 14:10:34.749,1.2236,1.22363,1.31,1.00
2017.03.13 14:10:36.242,1.22361,1.22364,1.31,1.00
2017.03.13 14:10:36.759,1.22361,1.22365,2.06,2.25
2017.03.13 14:10:37.481,1.22361,1.22364,1.56,1.00
2017.03.13 14:10:37.685,1.22361,1.22366,3.56,3.00
2017.03.13 14:10:38.191,1.22362,1.22367,1.19,1.69
2017.03.13 14:10:39.815,1.22363,1.22366,1.19,1.00
2017.03.13 14:10:40.479,1.22363,1.22367,1.19,1.25
2017.03.13 14:10:41.033,1.22363,1.22366,2.06,1.00
2017.03.13 14:10:41.084,1.22367,1.22371,1.19,2.44
2017.03.13 14:10:41.590,1.22369,1.22372,1.00,2.62
2017.03.13 14:10:42.722,1.22368,1.22372,3.56,1.69
2017.03.13 14:10:42.773,1.22368,1.22372,3.94,1.50
2017.03.13 14:10:43.546,1.22368,1.22372,1.69,1.69
2017.03.13 14:10:44.525,1.22367,1.22372,4.31,1.69
2017.03.13 14:10:44.847,1.22367,1.22369,1.00,1.00
2017.03.13 14:10:44.999,1.22364,1.22367,1.25,1.50
2017.03.13 14:10:45.513,1.22363,1.22367,1.69,1.50
2017.03.13 14:10:46.207,1.22362,1.22366,2.81,1.00
2017.03.13 14:10:46.258,1.22362,1.22366,1.69,1.50
2017.03.13 14:10:46.774,1.22362,1.22365,1.31,1.00
2017.03.13 14:10:47.315,1.22362,1.22366,1.25,1.00
2017.03.13 14:10:47.467,1.22362,1.22366,1.62,1.00
2017.03.13 14:10:48.007,1.22362,1.22365,1.56,1.50
2017.03.13 14:10:48.058,1.22362,1.22365,1.25,1.00
2017.03.13 14:10:48.992,1.22365,1.22366,1.00,1.00
2017.03.13 14:10:49.296,1.22361,1.22364,1.56,1.00
2017.03.13 14:10:49.890,1.22361,1.22365,1.69,2.44
2017.03.13 14:10:51.099,1.22361,1.22365,1.56,2.44
2017.03.13 14:10:51.693,1.22361,1.22364,1.31,1.00
2017.03.13 14:10:52.258,1.22362,1.22365,1.62,1.69
2017.03.13 14:10:52.562,1.22365,1.22367,1.19,1.69
2017.03.13 14:10:53.353,1.22365,1.2237,4.31,2.06
2017.03.13 14:10:54.162,1.22368,1.2237,1.25,1.69
2017.03.13 14:10:54.263,1.22367,1.2237,2.44,1.69
2017.03.13 14:10:54.822,1.22367,1.2237,1.31,2.44
2017.03.13 14:10:56.163,1.22367,1.22372,2.06,3.19
2017.03.13 14:10:56.479,1.22367,1.22371,1.69,1.00
2017.03.13 14:10:56.683,1.22367,1.22371,1.56,1.00
2017.03.13 14:10:56.784,1.22367,1.22371,1.19,1.00
2017.03.13 14:10:57.391,1.22366,1.22371,3.94,3.19
2017.03.13 14:10:59.393,1.22366,1.22368,1.69,1.69
2017.03.13 14:10:59.698,1.22364,1.22366,1.25,1.25
2017.03.13 14:11:00.857,1.22361,1.22364,1.56,1.00
2017.03.13 14:11:00.908,1.2236,1.22363,1.25,1.25
2017.03.13 14:11:01.112,1.22358,1.2236,1.31,1.69
2017.03.13 14:11:01.264,1.22354,1.22357,1.19,1.00
2017.03.13 14:11:01.366,1.22353,1.22356,1.25,1.00
2017.03.13 14:11:01.800,1.22352,1.22357,3.19,1.00
2017.03.13 14:11:02.106,1.22352,1.22355,2.06,1.00
2017.03.13 14:11:02.612,1.22352,1.22354,1.00,1.00
2017.03.13 14:11:03.118,1.2235,1.22354,1.69,1.50
2017.03.13 14:11:03.647,1.2235,1.22353,1.69,1.00
2017.03.13 14:11:04.189,1.2235,1.22353,1.69,1.00
2017.03.13 14:11:04.819,1.22351,1.22354,1.00,2.25
2017.03.13 14:11:05.359,1.22351,1.22354,1.19,1.50
2017.03.13 14:11:06.308,1.22349,1.22353,2.44,1.00
2017.03.13 14:11:06.814,1.22349,1.22352,2.44,1.00
2017.03.13 14:11:07.045,1.22352,1.22354,1.00,1.50
2017.03.13 14:11:07.551,1.22351,1.22354,1.31,1.50
2017.03.13 14:11:07.754,1.2235,1.22356,1.56,3.19
2017.03.13 14:11:07.805,1.22351,1.22354,1.31,1.00
2017.03.13 14:11:07.907,1.22351,1.22354,1.50,1.00
2017.03.13 14:11:08.413,1.2235,1.22353,1.25,1.00
2017.03.13 14:11:09.119,1.2235,1.22354,1.00,1.50
2017.03.13 14:11:09.650,1.2235,1.22354,1.19,1.50
2017.03.13 14:11:13.702,1.2235,1.22354,1.50,1.69
2017.03.13 14:11:14.222,1.2235,1.22353,2.44,1.00
2017.03.13 14:11:15.898,1.2235,1.22354,2.06,1.50
2017.03.13 14:11:16.220,1.22353,1.22356,1.19,1.00
2017.03.13 14:11:16.533,1.22352,1.22357,2.44,2.44
2017.03.13 14:11:17.279,1.22352,1.22357,2.44,2.44
2017.03.13 14:11:17.410,1.22352,1.22357,2.44,2.44
2017.03.13 14:11:17.771,1.22352,1.22358,1.69,2.62
2017.03.13 14:11:17.874,1.22352,1.22356,1.31,1.69
2017.03.13 14:11:22.481,1.22353,1.22358,1.69,6.75
2017.03.13 14:11:22.532,1.22353,1.22358,1.56,2.06
2017.03.13 14:11:23.072,1.22354,1.22358,1.19,2.44
2017.03.13 14:11:23.910,1.22354,1.22358,1.00,3.00
2017.03.13 14:11:24.477,1.22352,1.22357,1.19,1.25
2017.03.13 14:11:25.104,1.22354,1.22357,1.00,1.25
2017.03.13 14:11:25.408,1.22351,1.22356,2.81,1.69
2017.03.13 14:11:26.222,1.22352,1.22356,2.06,1.00
2017.03.13 14:11:26.767,1.22351,1.22355,2.81,1.50
2017.03.13 14:11:27.548,1.22351,1.22355,1.56,1.50
2017.03.13 14:11:27.851,1.22351,1.22354,1.31,1.69
2017.03.13 14:11:27.953,1.22351,1.22354,1.00,1.69
2017.03.13 14:11:28.503,1.22349,1.22353,1.69,1.25
2017.03.13 14:11:28.958,1.22351,1.22354,1.31,1.69
2017.03.13 14:11:29.508,1.22349,1.22354,3.56,2.44
2017.03.13 14:11:31.048,1.22352,1.22354,1.00,1.19
2017.03.13 14:11:31.606,1.22353,1.22354,1.00,1.25
2017.03.13 14:11:31.707,1.22351,1.22354,1.25,1.19
2017.03.13 14:11:32.000,1.22353,1.22354,1.50,1.25
2017.03.13 14:11:32.354,1.22354,1.22356,1.00,1.87
2017.03.13 14:11:32.607,1.22352,1.22356,2.06,1.12
2017.03.13 14:11:33.145,1.22353,1.22356,1.00,1.44
2017.03.13 14:11:34.142,1.22353,1.22356,1.00,1.25
2017.03.13 14:11:34.648,1.22352,1.22356,1.50,1.25
2017.03.13 14:11:34.749,1.22354,1.22356,1.25,2.44
2017.03.13 14:11:35.103,1.22356,1.22357,1.00,1.25
2017.03.13 14:11:35.205,1.22356,1.22358,1.00,1.00
2017.03.13 14:11:35.749,1.22355,1.22357,1.25,1.00
2017.03.13 14:11:35.903,1.22354,1.22359,2.81,1.69
2017.03.13 14:11:35.954,1.22357,1.22358,1.25,1.00
2017.03.13 14:11:36.056,1.22356,1.22359,1.69,2.06
2017.03.13 14:11:36.564,1.22358,1.22359,1.50,1.25
2017.03.13 14:11:37.145,1.22357,1.22359,1.50,2.62
2017.03.13 14:11:37.347,1.22358,1.22359,1.00,1.25
2017.03.13 14:11:37.398,1.22359,1.22362,1.00,3.75
2017.03.13 14:11:37.651,1.22361,1.22363,1.50,1.50
2017.03.13 14:11:38.046,1.22362,1.22365,1.00,3.56
2017.03.13 14:11:38.399,1.22364,1.22365,1.00,1.31
2017.03.13 14:11:39.714,1.22363,1.22365,1.00,1.69
2017.03.13 14:11:39.765,1.22362,1.22365,1.00,2.44
2017.03.13 14:11:40.270,1.22361,1.22364,1.50,1.25
2017.03.13 14:11:40.556,1.22364,1.22365,1.50,1.25
2017.03.13 14:11:40.866,1.22366,1.22368,1.69,1.69
2017.03.13 14:11:42.641,1.22367,1.22369,1.25,1.50
2017.03.13 14:11:44.027,1.22366,1.22368,2.44,1.00
2017.03.13 14:11:45.339,1.22366,1.22368,1.69,1.00
2017.03.13 14:11:45.648,1.22364,1.22366,1.69,1.00
2017.03.13 14:11:46.002,1.22362,1.22365,1.87,1.25
2017.03.13 14:11:46.054,1.22362,1.22364,1.87,1.00
2017.03.13 14:11:46.561,1.22362,1.22364,1.50,1.25
2017.03.13 14:11:47.784,1.22362,1.22365,2.06,1.19
2017.03.13 14:11:47.835,1.22363,1.22366,1.31,1.25
2017.03.13 14:11:51.275,1.22365,1.22367,2.06,1.69
2017.03.13 14:11:52.242,1.22364,1.22369,3.19,2.44
2017.03.13 14:11:52.344,1.22364,1.22366,1.00,1.25
2017.03.13 14:11:52.851,1.22363,1.22366,1.00,1.69
2017.03.13 14:11:53.232,1.22365,1.22367,1.00,2.44
2017.03.13 14:11:53.738,1.22365,1.22366,1.69,1.69
2017.03.13 14:11:54.244,1.22364,1.22366,1.69,1.00
2017.03.13 14:11:54.759,1.22366,1.22367,1.25,1.69
2017.03.13 14:11:55.342,1.22364,1.22366,1.50,1.00
2017.03.13 14:11:56.028,1.22365,1.22366,1.50,1.25
2017.03.13 14:11:56.386,1.22362,1.22364,2.06,1.00
2017.03.13 14:11:56.893,1.22364,1.22367,1.31,2.44
2017.03.13 14:11:57.196,1.22364,1.22366,1.50,2.44
2017.03.13 14:11:57.349,1.22365,1.22369,1.56,5.44
2017.03.13 14:11:57.451,1.22365,1.22366,1.69,1.25
2017.03.13 14:11:57.654,1.22364,1.22366,1.19,1.69
2017.03.13 14:11:57.966,1.22365,1.22366,1.00,1.69
2017.03.13 14:11:58.221,1.22363,1.22365,1.00,1.00
2017.03.13 14:11:58.272,1.22361,1.22365,1.69,1.50
2017.03.13 14:11:58.575,1.22362,1.22363,1.00,1.00
2017.03.13 14:11:58.677,1.22361,1.22365,1.69,1.50
2017.03.13 14:11:59.182,1.22362,1.22365,1.50,1.50
2017.03.13 14:11:59.775,1.22363,1.22365,1.00,1.50
2017.03.13 14:12:00.078,1.22362,1.22363,1.50,1.00
2017.03.13 14:12:00.558,1.22362,1.22365,1.00,2.44
2017.03.13 14:12:03.801,1.22361,1.22365,2.06,1.69
2017.03.13 14:12:03.953,1.2236,1.22363,1.69,1.00
2017.03.13 14:12:04.004,1.2236,1.22363,1.31,1.00
2017.03.13 14:12:04.055,1.22359,1.22365,3.19,1.69
2017.03.13 14:12:04.359,1.22358,1.22363,4.69,1.00
2017.03.13 14:12:04.923,1.22358,1.22362,1.69,3.19
2017.03.13 14:12:05.442,1.22358,1.22362,1.31,3.94
2017.03.13 14:12:08.697,1.22356,1.22358,2.44,1.00
2017.03.13 14:12:08.748,1.22356,1.2236,2.06,1.00
2017.03.13 14:12:09.256,1.22356,1.22361,2.44,1.69
2017.03.13 14:12:09.760,1.22356,1.22361,2.81,1.69
2017.03.13 14:12:10.298,1.22356,1.22361,3.19,1.69
2017.03.13 14:12:11.033,1.22358,1.22362,1.50,1.69
2017.03.13 14:12:11.664,1.22357,1.22361,1.25,1.25
2017.03.13 14:12:12.632,1.22357,1.22361,1.56,1.25
2017.03.13 14:12:13.194,1.2236,1.22362,1.69,1.00
2017.03.13 14:12:13.245,1.22364,1.22366,1.19,3.56
2017.03.13 14:12:13.346,1.22364,1.22366,1.56,3.00
2017.03.13 14:12:13.742,1.22362,1.22368,5.62,1.50
2017.03.13 14:12:14.158,1.22362,1.22365,3.19,2.44
2017.03.13 14:12:14.563,1.22362,1.22365,1.69,2.44
2017.03.13 14:12:14.614,1.22361,1.22363,2.06,1.00
2017.03.13 14:12:14.665,1.2236,1.22362,1.19,1.25
2017.03.13 14:12:14.850,1.22357,1.22361,2.81,1.69
2017.03.13 14:12:15.061,1.22358,1.22363,2.81,1.69
2017.03.13 14:12:15.162,1.22358,1.22362,2.81,1.69
2017.03.13 14:12:15.365,1.22359,1.22363,1.56,2.44
2017.03.13 14:12:15.467,1.22359,1.22362,1.50,1.25
2017.03.13 14:12:15.669,1.2236,1.22363,1.31,2.44
2017.03.13 14:12:15.973,1.22358,1.2236,1.69,1.19
2017.03.13 14:12:16.934,1.22358,1.2236,1.31,1.69
2017.03.13 14:12:17.440,1.22357,1.2236,2.06,2.44
2017.03.13 14:12:18.194,1.22358,1.22361,1.56,3.19
2017.03.13 14:12:19.229,1.22357,1.2236,1.69,3.94
2017.03.13 14:12:21.238,1.22356,1.22359,1.00,1.69
2017.03.13 14:12:25.367,1.22355,1.22359,1.00,1.25
2017.03.13 14:12:25.998,1.22356,1.22359,1.00,1.25
2017.03.13 14:12:26.328,1.22354,1.22358,1.50,3.19
2017.03.13 14:12:26.833,1.22354,1.22357,2.39,1.00
2017.03.13 14:12:27.383,1.22354,1.22358,3.51,1.25
2017.03.13 14:12:29.144,1.22354,1.22357,1.50,1.00
2017.03.13 14:12:32.437,1.22353,1.22357,1.00,1.50
2017.03.13 14:12:32.539,1.22353,1.22355,1.00,1.69
2017.03.13 14:12:33.044,1.22352,1.22356,1.00,3.19
2017.03.13 14:12:33.348,1.22354,1.22355,1.50,1.25
2017.03.13 14:12:33.651,1.22356,1.22358,1.00,2.44
2017.03.13 14:12:34.174,1.22357,1.22358,1.50,2.44
2017.03.13 14:12:34.730,1.22355,1.22356,1.50,1.00
2017.03.13 14:12:34.781,1.22354,1.22355,1.50,1.00
2017.03.13 14:12:35.380,1.22353,1.22354,1.50,1.00
2017.03.13 14:12:35.888,1.22353,1.22355,1.50,1.50
2017.03.13 14:12:37.183,1.22353,1.22354,1.00,1.00
2017.03.13 14:12:37.717,1.22352,1.22354,1.50,1.00
2017.03.13 14:12:39.378,1.22354,1.22355,1.00,1.25
2017.03.13 14:12:39.696,1.22355,1.22357,1.50,4.12
2017.03.13 14:12:40.254,1.22354,1.22358,1.50,3.22
2017.03.13 14:12:40.356,1.22357,1.22359,1.00,3.94
2017.03.13 14:12:40.609,1.22358,1.2236,1.50,2.06
2017.03.13 14:12:41.121,1.22359,1.22362,1.00,2.29
2017.03.13 14:12:41.172,1.22361,1.22363,1.00,3.60
2017.03.13 14:12:41.678,1.22361,1.22363,1.50,1.12
2017.03.13 14:12:41.729,1.22362,1.22364,1.00,3.75
2017.03.13 14:12:42.899,1.2236,1.22363,1.50,1.12
2017.03.13 14:12:42.950,1.22361,1.22363,1.00,1.87
2017.03.13 14:12:43.253,1.22363,1.22364,1.50,1.00
2017.03.13 14:12:43.518,1.22362,1.22365,1.00,1.00
2017.03.13 14:12:43.771,1.22361,1.22363,1.50,1.00
2017.03.13 14:12:44.277,1.22362,1.22363,1.00,1.00
2017.03.13 14:12:44.581,1.2236,1.22363,1.00,1.00
2017.03.13 14:12:44.971,1.22362,1.22365,1.00,2.81
2017.03.13 14:12:45.276,1.22364,1.22366,1.00,3.75
2017.03.13 14:12:45.681,1.22365,1.22367,1.00,1.87
2017.03.13 14:12:45.732,1.22363,1.22364,1.00,1.00
2017.03.13 14:12:46.189,1.22365,1.22366,1.00,2.06
2017.03.13 14:12:46.410,1.22363,1.22366,1.50,1.69
2017.03.13 14:12:46.461,1.22365,1.22366,1.00,1.25
2017.03.13 14:12:46.714,1.22363,1.22366,1.00,2.44
2017.03.13 14:12:49.535,1.22362,1.22366,1.50,3.19
2017.03.13 14:12:49.839,1.22361,1.22364,1.00,1.69
2017.03.13 14:12:49.941,1.22359,1.22364,1.12,3.19
2017.03.13 14:12:50.457,1.22358,1.22363,2.44,1.69
2017.03.13 14:12:50.963,1.22357,1.22361,1.69,1.00
2017.03.13 14:12:51.482,1.22357,1.22362,1.69,1.50
2017.03.13 14:12:52.036,1.22357,1.22362,2.06,1.50
2017.03.13 14:12:52.578,1.22358,1.22361,1.69,1.00
2017.03.13 14:12:53.607,1.22358,1.22362,1.69,2.25
2017.03.13 14:12:56.972,1.22357,1.2236,1.00,1.69
2017.03.13 14:12:57.023,1.22354,1.22358,1.50,1.50
2017.03.13 14:12:57.074,1.22355,1.22358,1.19,1.00
2017.03.13 14:12:58.725,1.22355,1.22359,1.69,3.19
2017.03.13 14:12:59.243,1.22355,1.22358,1.19,1.00
2017.03.13 14:13:04.367,1.22354,1.22357,2.06,1.00
2017.03.13 14:13:04.418,1.22353,1.22355,1.00,1.69
2017.03.13 14:13:04.469,1.2235,1.22353,1.87,1.25
2017.03.13 14:13:04.979,1.22349,1.22353,3.94,1.25
2017.03.13 14:13:05.567,1.2235,1.22353,1.00,1.25
2017.03.13 14:13:06.074,1.22349,1.22353,2.44,1.25
2017.03.13 14:13:06.876,1.2235,1.22353,1.00,1.69
2017.03.13 14:13:07.402,1.22351,1.22353,1.50,1.25
2017.03.13 14:13:09.274,1.22353,1.22355,1.00,1.50
2017.03.13 14:13:09.630,1.22352,1.22356,1.50,3.19
2017.03.13 14:13:10.471,1.22352,1.22354,1.50,1.00
2017.03.13 14:13:14.272,1.22352,1.22356,1.00,3.56
2017.03.13 14:13:14.854,1.22353,1.22356,1.50,4.50
2017.03.13 14:13:15.853,1.22351,1.22354,1.50,1.00
2017.03.13 14:13:18.326,1.22351,1.22354,1.50,1.69
2017.03.13 14:13:18.954,1.22352,1.22354,1.00,1.69
2017.03.13 14:13:19.457,1.22351,1.22354,1.00,1.19
2017.03.13 14:13:23.143,1.22352,1.22353,1.00,1.25
2017.03.13 14:13:32.136,1.2235,1.22354,1.69,2.44
2017.03.13 14:13:32.642,1.22351,1.22354,1.00,1.19
2017.03.13 14:13:33.284,1.22352,1.22354,1.50,2.44
2017.03.13 14:13:34.107,1.2235,1.22354,2.44,1.19
2017.03.13 14:13:36.389,1.2235,1.22354,1.25,1.69
2017.03.13 14:13:37.484,1.22349,1.22353,1.69,1.00
2017.03.13 14:13:37.990,1.2235,1.22354,1.50,1.69
2017.03.13 14:13:38.193,1.22349,1.22351,1.25,1.00
2017.03.13 14:13:38.446,1.22345,1.22349,2.06,1.00
2017.03.13 14:13:38.496,1.22348,1.22351,1.00,2.32
2017.03.13 14:13:38.800,1.22349,1.22351,1.31,1.31
2017.03.13 14:13:39.003,1.22349,1.22353,2.06,1.69
2017.03.13 14:13:41.154,1.2235,1.22353,1.00,1.51
2017.03.13 14:13:41.256,1.22348,1.2235,1.00,1.25
2017.03.13 14:13:41.798,1.22347,1.2235,1.50,1.25
2017.03.13 14:13:42.303,1.22347,1.2235,1.19,2.44
2017.03.13 14:13:42.827,1.22346,1.2235,2.81,2.44
2017.03.13 14:13:43.352,1.22348,1.2235,1.00,1.25
2017.03.13 14:13:43.857,1.22346,1.2235,2.06,3.19
2017.03.13 14:13:44.114,1.22345,1.22348,1.56,1.25
2017.03.13 14:13:45.562,1.22345,1.22349,1.26,1.69
2017.03.13 14:13:46.168,1.22344,1.22347,1.26,1.00
2017.03.13 14:13:46.219,1.22342,1.22345,1.12,2.44
2017.03.13 14:13:46.270,1.2234,1.22343,4.38,2.25
2017.03.13 14:13:48.024,1.2234,1.22342,1.00,1.69
2017.03.13 14:13:51.508,1.22339,1.22342,1.50,1.19
2017.03.13 14:13:52.028,1.2234,1.22342,1.76,1.19
2017.03.13 14:13:54.350,1.2234,1.22342,2.51,1.25
2017.03.13 14:13:56.032,1.2234,1.22342,2.25,1.69
2017.03.13 14:13:58.944,1.2234,1.22342,1.76,1.25
2017.03.13 14:13:59.147,1.22343,1.22345,1.76,3.94
2017.03.13 14:13:59.199,1.22345,1.22346,1.00,1.12
2017.03.13 14:13:59.792,1.22344,1.22345,1.00,1.69
2017.03.13 14:14:00.325,1.22343,1.22345,1.00,1.69
2017.03.13 14:14:00.730,1.22341,1.22345,1.76,3.19
2017.03.13 14:14:01.239,1.22341,1.22344,1.01,1.00
2017.03.13 14:14:01.290,1.22339,1.22342,1.26,1.50
2017.03.13 14:14:01.341,1.22337,1.22341,2.62,1.69
2017.03.13 14:14:04.534,1.22336,1.22341,1.50,1.69
2017.03.13 14:14:04.938,1.22338,1.22341,1.00,2.69
2017.03.13 14:14:05.458,1.22339,1.22341,1.00,2.44
2017.03.13 14:14:07.090,1.22338,1.22341,1.50,2.69
2017.03.13 14:14:09.065,1.22336,1.22341,2.51,2.44
2017.03.13 14:14:09.750,1.22336,1.22339,1.01,1.00
2017.03.13 14:14:10.032,1.22336,1.22337,1.01,1.00
2017.03.13 14:14:10.553,1.22335,1.22338,1.69,1.50
2017.03.13 14:14:11.058,1.22335,1.22338,1.69,1.50
2017.03.13 14:14:11.661,1.22337,1.2234,1.25,1.69
2017.03.13 14:14:12.166,1.22338,1.22339,1.00,1.50
2017.03.13 14:14:12.470,1.22333,1.22335,6.56,1.00
2017.03.13 14:14:12.622,1.22334,1.22336,2.81,1.50
2017.03.13 14:14:13.004,1.22334,1.22338,2.06,1.00
2017.03.13 14:14:13.105,1.22334,1.22336,1.56,1.00
2017.03.13 14:14:13.580,1.22333,1.22335,3.56,1.00
2017.03.13 14:14:13.934,1.22332,1.22334,1.31,1.00
2017.03.13 14:14:13.985,1.22333,1.22335,1.00,1.50
2017.03.13 14:14:14.490,1.22332,1.22333,1.69,1.50
2017.03.13 14:14:15.109,1.22333,1.22334,1.00,1.50
2017.03.13 14:14:15.261,1.2233,1.22333,3.56,1.50
2017.03.13 14:14:15.463,1.2233,1.22333,1.69,1.50
2017.03.13 14:14:15.514,1.2233,1.22332,1.69,1.50
2017.03.13 14:14:17.145,1.22329,1.22331,1.00,1.50
2017.03.13 14:14:17.297,1.22328,1.22329,1.12,1.50
2017.03.13 14:14:17.399,1.22324,1.22328,3.56,1.00
2017.03.13 14:14:17.450,1.22324,1.22326,3.56,1.50
2017.03.13 14:14:17.976,1.22325,1.22327,1.19,1.50
2017.03.13 14:14:18.077,1.22325,1.22327,1.25,1.50
2017.03.13 14:14:18.279,1.22326,1.22329,1.56,2.44
2017.03.13 14:14:18.793,1.22326,1.22328,1.31,1.50
2017.03.13 14:14:19.460,1.22326,1.22329,2.06,2.44
2017.03.13 14:14:21.235,1.22326,1.22328,1.31,1.50
2017.03.13 14:14:22.147,1.22326,1.22327,1.25,1.50
2017.03.13 14:14:22.450,1.22326,1.22329,1.56,2.44
2017.03.13 14:14:23.648,1.22325,1.22327,1.25,1.00
2017.03.13 14:14:24.165,1.22322,1.22324,4.87,1.00
2017.03.13 14:14:24.516,1.2232,1.22322,2.62,1.00
2017.03.13 14:14:24.567,1.22318,1.22319,1.25,1.00
2017.03.13 14:14:25.073,1.22317,1.22318,1.25,1.50
2017.03.13 14:14:25.547,1.22316,1.22318,1.31,1.50
2017.03.13 14:14:26.141,1.22323,1.22324,1.00,3.75
2017.03.13 14:14:26.293,1.22328,1.2233,2.81,1.00
2017.03.13 14:14:26.345,1.2233,1.22332,1.00,1.31
2017.03.13 14:14:26.750,1.2233,1.22333,1.87,1.00
2017.03.13 14:14:26.851,1.22329,1.22333,2.25,1.31
2017.03.13 14:14:27.236,1.22326,1.22328,2.25,1.00
2017.03.13 14:14:28.900,1.22326,1.22327,1.50,1.50
2017.03.13 14:14:29.426,1.22326,1.22328,1.00,1.50
2017.03.13 14:14:29.946,1.22326,1.22327,1.00,1.50
2017.03.13 14:14:31.172,1.22326,1.2233,1.56,1.69
2017.03.13 14:14:31.449,1.22325,1.22327,2.44,1.00
2017.03.13 14:14:31.569,1.22326,1.2233,1.56,1.69
2017.03.13 14:14:31.879,1.22325,1.22327,1.69,1.00
2017.03.13 14:14:31.930,1.22325,1.22327,1.69,1.00
2017.03.13 14:14:32.436,1.22326,1.22327,1.25,1.50
2017.03.13 14:14:32.985,1.22325,1.22328,1.31,1.50
2017.03.13 14:14:33.515,1.22326,1.22327,1.25,1.00
2017.03.13 14:14:34.553,1.22325,1.22328,3.56,1.50
2017.03.13 14:14:35.135,1.22324,1.22328,5.06,1.50
2017.03.13 14:14:35.830,1.22325,1.22328,1.76,1.50
2017.03.13 14:14:36.847,1.22328,1.2233,1.00,1.69
2017.03.13 14:14:37.387,1.22326,1.22327,1.76,1.00
2017.03.13 14:14:37.903,1.22326,1.22327,1.76,1.00
2017.03.13 14:14:38.673,1.22326,1.22327,1.00,1.00
2017.03.13 14:14:42.034,1.22324,1.22328,1.26,1.50
2017.03.13 14:14:43.181,1.22324,1.22326,1.01,1.00
2017.03.13 14:14:43.490,1.22322,1.22324,1.76,1.00
2017.03.13 14:14:44.024,1.22322,1.22323,1.01,1.50
2017.03.13 14:14:45.762,1.22321,1.22323,1.01,1.00
2017.03.13 14:14:46.666,1.22321,1.22322,1.00,1.50
2017.03.13 14:14:46.899,1.22319,1.22321,1.26,1.50
2017.03.13 14:14:47.052,1.22319,1.22321,1.00,1.50
2017.03.13 14:14:47.499,1.22317,1.22319,1.01,1.50
2017.03.13 14:14:48.002,1.22317,1.22319,1.00,1.50
2017.03.13 14:14:48.410,1.22317,1.2232,1.26,1.69
2017.03.13 14:14:48.511,1.22315,1.22316,1.01,1.50
2017.03.13 14:14:48.612,1.22317,1.2232,1.26,1.69
2017.03.13 14:14:48.874,1.22314,1.22316,1.50,1.50
2017.03.13 14:14:48.975,1.22313,1.22315,1.38,1.00
2017.03.13 14:14:49.481,1.22314,1.22317,1.26,1.50
2017.03.13 14:14:50.012,1.22314,1.22316,1.76,1.50
2017.03.13 14:14:50.518,1.22314,1.22316,1.76,1.50
2017.03.13 14:14:50.619,1.22313,1.22316,4.01,1.00
2017.03.13 14:14:51.994,1.22313,1.22316,4.01,1.50
2017.03.13 14:14:52.499,1.22313,1.22316,1.12,1.50
2017.03.13 14:14:52.600,1.22313,1.22315,5.69,1.00
2017.03.13 14:14:53.129,1.22314,1.22318,1.76,1.50
2017.03.13 14:14:53.633,1.22314,1.22317,1.76,1.50
2017.03.13 14:14:53.684,1.22314,1.22316,1.76,1.50
2017.03.13 14:14:53.868,1.22312,1.22315,1.01,1.50
2017.03.13 14:14:53.919,1.22311,1.22313,2.62,1.50
2017.03.13 14:14:54.794,1.22311,1.22312,1.00,1.50
2017.03.13 14:14:54.895,1.22312,1.22313,1.00,1.50
2017.03.13 14:14:55.523,1.22313,1.22314,1.76,1.00
2017.03.13 14:14:56.046,1.22314,1.22316,1.26,1.50
2017.03.13 14:14:56.097,1.22313,1.22314,1.01,1.50
2017.03.13 14:14:56.300,1.22313,1.22314,1.01,1.50
2017.03.13 14:14:56.401,1.22313,1.22314,1.01,1.50
2017.03.13 14:14:59.841,1.22312,1.22314,2.88,1.00
2017.03.13 14:15:00.094,1.22312,1.22315,1.56,1.00
2017.03.13 14:15:00.145,1.22311,1.22315,4.31,1.50
2017.03.13 14:15:00.246,1.22312,1.22313,1.31,1.00
2017.03.13 14:15:00.907,1.22312,1.22315,1.56,1.50
2017.03.13 14:15:02.406,1.22312,1.22314,1.31,1.50
2017.03.13 14:15:02.730,1.22312,1.22316,1.56,2.25
2017.03.13 14:15:02.831,1.22309,1.22311,2.06,1.00
2017.03.13 14:15:02.882,1.22311,1.22313,1.00,1.50
2017.03.13 14:15:02.983,1.22312,1.22314,1.25,1.69
2017.03.13 14:15:05.218,1.22312,1.22313,1.69,1.50
2017.03.13 14:15:05.925,1.22311,1.22314,3.19,1.69
2017.03.13 14:15:06.027,1.22311,1.22314,5.44,1.00
2017.03.13 14:15:06.569,1.22312,1.22313,1.31,1.00
2017.03.13 14:15:06.721,1.22312,1.22314,1.25,1.50
2017.03.13 14:15:06.823,1.22312,1.22316,1.56,1.69
2017.03.13 14:15:06.924,1.22311,1.22314,2.44,1.50
2017.03.13 14:15:07.025,1.22312,1.22316,1.56,1.69
2017.03.13 14:15:08.540,1.22311,1.22313,1.69,1.00
2017.03.13 14:15:09.047,1.22312,1.22313,1.25,1.50
2017.03.13 14:15:09.553,1.22312,1.22314,1.19,1.50
2017.03.13 14:15:10.071,1.22312,1.22314,1.69,1.00
2017.03.13 14:15:10.679,1.22313,1.22314,1.25,1.50
2017.03.13 14:15:11.181,1.22312,1.22313,2.06,1.50
2017.03.13 14:15:11.526,1.22312,1.22316,2.06,1.69
2017.03.13 14:15:12.066,1.22312,1.22316,1.56,1.69
2017.03.13 14:15:12.502,1.22312,1.22316,1.69,1.69
2017.03.13 14:15:13.007,1.22312,1.22315,1.31,1.00
2017.03.13 14:15:13.735,1.22312,1.22317,2.06,3.94
2017.03.13 14:15:14.429,1.22312,1.22317,1.69,3.94
2017.03.13 14:15:16.106,1.22311,1.22315,2.81,1.50
2017.03.13 14:15:16.666,1.22311,1.22313,2.06,1.00
2017.03.13 14:15:16.717,1.22311,1.22313,1.50,1.00
2017.03.13 14:15:17.121,1.22307,1.22311,3.00,1.50
2017.03.13 14:15:17.223,1.22306,1.22309,1.00,1.25
2017.03.13 14:15:17.729,1.22305,1.22309,2.06,1.69
2017.03.13 14:15:18.257,1.22305,1.22309,1.19,2.44
2017.03.13 14:15:18.611,1.22304,1.22308,1.00,1.50
2017.03.13 14:15:18.914,1.22301,1.22306,3.37,1.50
2017.03.13 14:15:19.443,1.22302,1.22306,1.25,1.00
2017.03.13 14:15:19.747,1.22299,1.22305,1.25,1.69
2017.03.13 14:15:20.252,1.22299,1.22304,2.44,1.50
2017.03.13 14:15:23.048,1.22301,1.22304,1.00,1.00
2017.03.13 14:15:24.540,1.22301,1.22305,1.00,4.12
2017.03.13 14:15:25.762,1.22301,1.22304,1.50,1.00
2017.03.13 14:15:26.116,1.22303,1.22306,1.00,2.81
2017.03.13 14:15:26.318,1.22304,1.22307,1.50,1.69
2017.03.13 14:15:26.888,1.22305,1.22307,1.50,1.69
2017.03.13 14:15:27.800,1.22304,1.22307,1.50,1.25
2017.03.13 14:15:27.952,1.22306,1.22308,1.00,1.44
2017.03.13 14:15:28.466,1.22305,1.22308,1.50,1.44
2017.03.13 14:15:29.046,1.22306,1.22308,1.50,1.44
2017.03.13 14:15:31.232,1.22305,1.22308,1.00,3.19
2017.03.13 14:15:33.283,1.22305,1.22306,1.00,1.00
2017.03.13 14:15:33.436,1.22303,1.22307,1.50,2.25
2017.03.13 14:15:33.679,1.22305,1.22308,1.00,3.75
2017.03.13 14:15:34.005,1.22307,1.22309,1.00,1.25
2017.03.13 14:15:34.459,1.22303,1.22308,3.00,1.50
2017.03.13 14:15:34.611,1.22302,1.22305,2.81,1.00
2017.03.13 14:15:34.915,1.22302,1.22305,1.00,1.50
2017.03.13 14:15:34.966,1.22302,1.22306,1.50,2.25
2017.03.13 14:15:35.068,1.22303,1.22306,1.00,1.81
2017.03.13 14:15:35.170,1.22302,1.22306,1.50,1.00
2017.03.13 14:15:35.278,1.22302,1.22307,1.50,2.25
2017.03.13 14:15:35.480,1.22302,1.22307,1.50,2.25
2017.03.13 14:15:35.936,1.223,1.22305,2.25,1.31
2017.03.13 14:15:36.452,1.22301,1.22304,2.25,1.19
2017.03.13 14:15:36.945,1.22299,1.22305,1.69,1.50
2017.03.13 14:15:37.465,1.223,1.22305,1.69,1.19
2017.03.13 14:15:40.065,1.22302,1.22305,1.00,1.01
2017.03.13 14:15:40.662,1.22301,1.22305,2.25,1.19
2017.03.13 14:15:41.427,1.223,1.22305,1.50,1.94
2017.03.13 14:15:41.933,1.223,1.22303,1.25,1.00
2017.03.13 14:15:42.482,1.22301,1.22305,1.00,2.44
2017.03.13 14:15:43.252,1.223,1.22304,1.00,2.69
2017.03.13 14:15:43.800,1.223,1.22303,1.00,6.19
2017.03.13 14:15:44.305,1.22298,1.22303,1.69,5.44
2017.03.13 14:15:44.811,1.22298,1.22302,1.69,1.00
2017.03.13 14:15:45.115,1.22299,1.22302,1.19,1.00
2017.03.13 14:15:46.100,1.22299,1.22303,1.69,5.44
2017.03.13 14:15:46.404,1.22304,1.22308,1.00,2.44
2017.03.13 14:15:46.919,1.22303,1.22308,1.25,3.19
2017.03.13 14:15:48.084,1.22304,1.22308,1.00,2.44
2017.03.13 14:15:48.653,1.22303,1.22308,1.50,2.44
2017.03.13 14:15:49.160,1.22304,1.22308,1.00,3.19
2017.03.13 14:15:49.565,1.22307,1.22308,1.00,1.25
2017.03.13 14:15:49.616,1.22308,1.22309,1.00,1.00
2017.03.13 14:15:49.667,1.22308,1.22311,1.12,2.25
2017.03.13 14:15:49.769,1.2231,1.22312,1.00,1.00
2017.03.13 14:15:49.821,1.2231,1.22314,1.00,2.51
2017.03.13 14:15:50.233,1.22308,1.22313,2.25,1.00
2017.03.13 14:15:50.790,1.22308,1.22313,1.69,1.00
2017.03.13 14:15:51.960,1.22308,1.22313,2.06,1.00
2017.03.13 14:15:52.505,1.22311,1.22315,1.00,3.44
2017.03.13 14:15:53.011,1.22312,1.22315,1.00,1.94
2017.03.13 14:15:54.622,1.22314,1.22317,1.00,1.69
2017.03.13 14:15:55.125,1.22313,1.22317,1.00,1.25
2017.03.13 14:15:55.580,1.22316,1.22319,1.25,2.81
2017.03.13 14:15:56.086,1.22317,1.2232,1.00,1.94
2017.03.13 14:15:56.251,1.22316,1.22319,1.50,1.25
2017.03.13 14:15:56.555,1.22314,1.22319,1.00,3.44
2017.03.13 14:15:57.061,1.22314,1.22317,1.50,1.25
2017.03.13 14:15:57.365,1.22312,1.22317,1.50,2.69
2017.03.13 14:15:58.003,1.22311,1.22315,1.00,2.69
2017.03.13 14:15:58.307,1.22307,1.2231,1.50,1.00
2017.03.13 14:15:58.813,1.22307,1.22312,1.69,1.69
2017.03.13 14:15:59.334,1.22308,1.22312,1.00,1.31
2017.03.13 14:15:59.840,1.22308,1.2231,1.50,1.50
2017.03.13 14:16:01.182,1.22307,1.2231,1.00,1.00
2017.03.13 14:16:01.700,1.22306,1.2231,1.50,1.50
2017.03.13 14:16:02.207,1.22306,1.22309,1.69,1.25
2017.03.13 14:16:04.114,1.22306,1.22308,1.19,1.00
2017.03.13 14:16:04.873,1.22305,1.22308,1.76,1.00
2017.03.13 14:16:06.177,1.22303,1.22307,1.26,1.00
2017.03.13 14:16:07.173,1.22303,1.22307,1.01,1.00
2017.03.13 14:16:07.474,1.22302,1.22306,1.00,1.69
2017.03.13 14:16:08.131,1.22301,1.22304,1.50,1.00
2017.03.13 14:16:08.586,1.223,1.22301,1.00,1.00
2017.03.13 14:16:08.637,1.22297,1.223,1.01,1.69
2017.03.13 14:16:09.087,1.22299,1.22301,1.00,1.87
2017.03.13 14:16:09.633,1.22299,1.22302,1.00,1.25
2017.03.13 14:16:10.178,1.223,1.22302,1.00,1.25
2017.03.13 14:16:10.229,1.22298,1.22302,1.00,1.25
2017.03.13 14:16:11.326,1.22299,1.22302,1.00,1.69
2017.03.13 14:16:11.528,1.223,1.22304,1.00,2.25
2017.03.13 14:16:12.121,1.223,1.22303,1.00,1.00
2017.03.13 14:16:12.626,1.22301,1.22304,1.00,1.00
2017.03.13 14:16:12.947,1.223,1.22301,1.00,1.00
2017.03.13 14:16:13.494,1.22299,1.22301,1.00,1.00
2017.03.13 14:16:14.008,1.22299,1.22301,1.69,1.00
2017.03.13 14:16:14.161,1.223,1.22302,1.00,1.00
2017.03.13 14:16:14.694,1.22299,1.22302,1.69,1.00
2017.03.13 14:16:14.795,1.22299,1.223,1.25,1.00
2017.03.13 14:16:14.897,1.22296,1.22299,3.19,1.00
2017.03.13 14:16:15.301,1.22295,1.22298,1.00,1.00
2017.03.13 14:16:15.807,1.22294,1.22298,1.25,1.50
2017.03.13 14:16:16.310,1.22294,1.22297,1.00,2.25
2017.03.13 14:16:17.160,1.22291,1.22295,4.31,1.00
2017.03.13 14:16:17.445,1.2229,1.22295,2.25,1.69
2017.03.13 14:16:17.952,1.2229,1.22294,2.25,1.00
2017.03.13 14:16:18.493,1.2229,1.22293,1.50,1.00
2017.03.13 14:16:19.015,1.22289,1.22292,1.00,1.00
2017.03.13 14:16:19.621,1.22288,1.22292,1.00,1.00
2017.03.13 14:16:20.691,1.2229,1.22293,1.00,1.00
2017.03.13 14:16:20.995,1.22293,1.22295,1.00,2.44
2017.03.13 14:16:21.502,1.22294,1.22296,1.00,1.50
2017.03.13 14:16:21.705,1.22292,1.22297,1.25,1.00
2017.03.13 14:16:21.857,1.2229,1.22296,1.50,1.69
2017.03.13 14:16:21.908,1.2229,1.22294,1.00,1.00
2017.03.13 14:16:22.211,1.22292,1.22294,1.00,1.00
2017.03.13 14:16:22.718,1.22291,1.22294,1.50,1.00
2017.03.13 14:16:23.038,1.22293,1.22296,1.50,1.25
2017.03.13 14:16:23.695,1.22295,1.22298,1.00,2.25
2017.03.13 14:16:23.897,1.22295,1.22299,1.00,1.31
2017.03.13 14:16:23.999,1.22295,1.22299,1.00,1.69
2017.03.13 14:16:24.101,1.22295,1.22299,1.00,1.12
2017.03.13 14:16:24.382,1.22298,1.22301,1.00,2.06
2017.03.13 14:16:24.686,1.22301,1.22303,1.00,1.00
2017.03.13 14:16:25.191,1.223,1.22303,1.50,1.00
2017.03.13 14:16:25.539,1.22303,1.22306,1.50,1.62
2017.03.13 14:16:25.590,1.22303,1.22306,1.00,1.25
2017.03.13 14:16:26.095,1.22304,1.22307,1.50,3.94
2017.03.13 14:16:26.817,1.22305,1.22308,1.50,3.19
2017.03.13 14:16:26.969,1.22305,1.22308,1.50,2.25
2017.03.13 14:16:27.758,1.22305,1.22307,1.00,1.50
2017.03.13 14:16:27.910,1.22304,1.22305,1.00,1.00
2017.03.13 14:16:28.460,1.22303,1.22305,1.69,1.00
2017.03.13 14:16:29.220,1.22304,1.22306,1.00,1.00
2017.03.13 14:16:29.880,1.22304,1.22309,1.50,3.56
2017.03.13 14:16:30.038,1.22304,1.22309,1.50,3.37
2017.03.13 14:16:30.139,1.22304,1.22309,1.50,2.06
2017.03.13 14:16:30.648,1.22305,1.22308,1.00,1.00
2017.03.13 14:16:31.153,1.22305,1.22309,1.00,1.00
2017.03.13 14:16:31.705,1.22305,1.22309,1.00,1.50
2017.03.13 14:16:32.246,1.22304,1.22309,1.00,1.31
2017.03.13 14:16:32.905,1.22303,1.22308,1.25,1.00
2017.03.13 14:16:34.716,1.22305,1.22309,1.00,1.25
2017.03.13 14:16:35.019,1.22306,1.2231,1.31,1.50
2017.03.13 14:16:35.447,1.22305,1.2231,1.87,1.69
2017.03.13 14:16:35.800,1.22304,1.22307,1.19,1.00
2017.03.13 14:16:37.277,1.22304,1.22308,1.00,1.87
2017.03.13 14:16:37.783,1.22302,1.22307,1.19,1.69
2017.03.13 14:16:38.612,1.22302,1.22306,1.19,1.00
2017.03.13 14:16:39.169,1.22301,1.22307,1.50,1.69
2017.03.13 14:16:40.132,1.22304,1.22307,1.00,1.25
2017.03.13 14:16:40.638,1.22302,1.22306,1.31,1.00
2017.03.13 14:16:41.146,1.22302,1.22307,2.06,1.00
2017.03.13 14:16:41.450,1.22304,1.22308,1.31,1.25
2017.03.13 14:16:43.040,1.22307,1.2231,1.50,1.69
2017.03.13 14:16:43.193,1.22307,1.2231,1.50,1.25
2017.03.13 14:16:43.758,1.22307,1.22309,1.50,1.00
2017.03.13 14:16:44.959,1.22308,1.22309,1.00,1.00
2017.03.13 14:16:45.468,1.22307,1.22311,2.06,1.19
2017.03.13 14:16:46.826,1.22307,1.2231,1.50,1.25
2017.03.13 14:16:46.877,1.22307,1.2231,1.00,2.25
2017.03.13 14:16:47.029,1.22305,1.22309,1.69,1.00
2017.03.13 14:16:47.333,1.22307,1.2231,1.00,1.50
2017.03.13 14:16:47.873,1.22308,1.22312,1.00,1.75
2017.03.13 14:16:48.382,1.22308,1.22312,1.00,2.62
2017.03.13 14:16:48.989,1.22308,1.22311,1.00,1.00
2017.03.13 14:16:49.142,1.22306,1.22311,1.87,1.00
2017.03.13 14:16:49.446,1.22308,1.22311,1.00,1.19
2017.03.13 14:16:49.951,1.22308,1.22311,1.00,1.00
2017.03.13 14:16:50.552,1.22309,1.22312,1.00,1.69
2017.03.13 14:16:51.369,1.2231,1.22314,1.50,2.25
2017.03.13 14:16:51.696,1.22312,1.22314,1.00,2.62
2017.03.13 14:16:52.201,1.22309,1.22313,2.25,1.56
2017.03.13 14:16:52.252,1.22309,1.22313,2.25,1.00
2017.03.13 14:16:52.758,1.22308,1.22313,1.69,2.06
2017.03.13 14:16:52.859,1.22308,1.22313,2.06,2.06
2017.03.13 14:16:52.960,1.22308,1.22313,2.06,2.06
2017.03.13 14:16:53.466,1.22309,1.22313,1.00,1.31
2017.03.13 14:16:53.871,1.22308,1.22312,2.06,1.31
2017.03.13 14:16:54.428,1.22309,1.22313,1.50,1.56
2017.03.13 14:16:54.580,1.2231,1.22313,1.00,2.06
2017.03.13 14:16:54.682,1.22309,1.22313,1.12,1.56
2017.03.13 14:16:54.983,1.22311,1.22313,1.00,1.25
2017.03.13 14:16:55.085,1.22312,1.22314,1.50,1.25
2017.03.13 14:16:55.390,1.2231,1.22314,2.62,1.31
2017.03.13 14:16:55.492,1.2231,1.22314,1.87,1.25
2017.03.13 14:16:56.150,1.22311,1.22314,1.00,1.25
2017.03.13 14:16:56.403,1.22314,1.22316,1.00,1.12
2017.03.13 14:16:56.707,1.22315,1.22317,1.19,1.00
2017.03.13 14:16:57.062,1.22317,1.22319,1.19,1.00
2017.03.13 14:16:57.411,1.22317,1.2232,1.31,1.00
2017.03.13 14:16:57.917,1.22317,1.22321,1.50,1.44
2017.03.13 14:16:58.069,1.22317,1.2232,2.06,1.50
2017.03.13 14:16:58.389,1.22317,1.22321,1.69,1.69
2017.03.13 14:16:58.966,1.22318,1.2232,1.00,1.50
2017.03.13 14:16:59.472,1.22317,1.2232,1.69,1.00
2017.03.13 14:17:01.740,1.22317,1.22321,1.69,1.87
2017.03.13 14:17:01.791,1.22317,1.22319,1.69,1.50
2017.03.13 14:17:02.897,1.22315,1.22319,3.19,1.50
2017.03.13 14:17:03.402,1.22316,1.2232,1.69,1.50
2017.03.13 14:17:03.987,1.22316,1.22319,1.69,1.50
2017.03.13 14:17:04.615,1.22315,1.22319,3.94,1.50
2017.03.13 14:17:04.666,1.22315,1.22316,1.87,1.00
2017.03.13 14:17:05.176,1.22313,1.22316,2.81,1.50
2017.03.13 14:17:05.511,1.22315,1.22319,1.56,1.50
2017.03.13 14:17:05.664,1.22316,1.22321,2.25,2.25
2017.03.13 14:17:06.085,1.22321,1.22326,2.25,9.56
2017.03.13 14:17:06.188,1.2232,1.22322,1.31,1.00
2017.03.13 14:17:06.291,1.22319,1.22322,2.44,1.00
2017.03.13 14:17:06.393,1.22321,1.22325,1.56,1.50
2017.03.13 14:17:06.495,1.2232,1.22325,3.75,1.50
2017.03.13 14:17:06.597,1.2232,1.22322,1.87,1.00
2017.03.13 14:17:06.698,1.22317,1.2232,3.19,1.00
2017.03.13 14:17:06.942,1.22315,1.22317,2.44,1.00
2017.03.13 14:17:07.449,1.22314,1.22318,1.81,1.50
2017.03.13 14:17:07.904,1.22314,1.22316,1.50,1.00
2017.03.13 14:17:08.056,1.22312,1.22315,1.69,1.00
2017.03.13 14:17:08.612,1.22313,1.22315,1.19,1.00
2017.03.13 14:17:09.829,1.22311,1.22316,4.69,1.50
2017.03.13 14:17:10.191,1.22311,1.22314,1.69,1.00
2017.03.13 14:17:10.343,1.2231,1.22313,1.31,1.00
2017.03.13 14:17:10.848,1.2231,1.22312,1.31,1.00
2017.03.13 14:17:11.093,1.22312,1.22314,1.00,1.50
2017.03.13 14:17:11.396,1.22311,1.22314,3.56,1.00
2017.03.13 14:17:11.943,1.22312,1.22315,1.31,1.00
2017.03.13 14:17:12.944,1.22312,1.22315,1.25,1.50
2017.03.13 14:17:13.785,1.22311,1.22314,2.81,1.00
2017.03.13 14:17:14.038,1.22315,1.22317,1.00,1.00
2017.03.13 14:17:14.089,1.22314,1.22317,1.12,1.00
2017.03.13 14:17:14.542,1.22315,1.2232,1.31,1.50
2017.03.13 14:17:14.643,1.22315,1.22318,1.69,1.00
2017.03.13 14:17:15.004,1.22315,1.22316,1.00,1.00
2017.03.13 14:17:15.563,1.22314,1.22317,1.69,1.00
2017.03.13 14:17:16.555,1.22315,1.22318,3.94,1.00
2017.03.13 14:17:16.960,1.22316,1.22321,1.69,1.50
2017.03.13 14:17:17.265,1.22316,1.22319,1.62,1.00
2017.03.13 14:17:17.705,1.22318,1.2232,1.00,1.00
2017.03.13 14:17:17.960,1.22319,1.22322,1.26,2.25
2017.03.13 14:17:18.163,1.22318,1.22322,1.00,2.25
2017.03.13 14:17:18.315,1.22317,1.22319,1.94,1.00
2017.03.13 14:17:18.827,1.22315,1.22319,2.51,1.00
2017.03.13 14:17:19.339,1.22315,1.22318,2.51,1.00
2017.03.13 14:17:19.866,1.22315,1.22318,1.50,1.00
2017.03.13 14:17:21.264,1.22314,1.22318,1.94,1.50
2017.03.13 14:17:21.972,1.22314,1.22317,1.31,1.00
2017.03.13 14:17:22.306,1.22309,1.22311,1.37,1.50
2017.03.13 14:17:22.357,1.22308,1.22311,1.00,1.50
2017.03.13 14:17:22.864,1.22307,1.2231,1.12,1.50
2017.03.13 14:17:23.719,1.22306,1.2231,2.44,1.50
2017.03.13 14:17:25.899,1.22306,1.22309,1.69,1.00
2017.03.13 14:17:26.400,1.22306,1.2231,1.25,1.50
2017.03.13 14:17:27.019,1.22306,1.22309,1.25,1.00
2017.03.13 14:17:27.643,1.22306,1.2231,1.25,1.50
2017.03.13 14:17:28.148,1.22305,1.22309,1.69,1.00
2017.03.13 14:17:28.667,1.22305,1.22308,1.50,1.00
2017.03.13 14:17:31.769,1.22305,1.22307,1.00,1.00
2017.03.13 14:17:32.023,1.22302,1.22305,2.62,1.00
2017.03.13 14:17:32.326,1.22303,1.22307,1.00,1.50
2017.03.13 14:17:32.855,1.22302,1.22306,1.87,1.19
2017.03.13 14:17:33.379,1.22302,1.22305,1.12,1.00
2017.03.13 14:17:33.935,1.22302,1.22304,1.00,1.00
