2015.09.21 10:00:00.203,1.3582,1.35826,1.00,1.00
2015.09.21 10:00:00.305,1.35817,1.35826,1.47,1.12
2015.09.21 10:00:00.609,1.35817,1.35825,1.37,1.00
2015.09.21 10:00:00.660,1.35818,1.35827,1.12,1.12
2015.09.21 10:00:00.712,1.35819,1.35828,1.37,1.50
2015.09.21 10:00:00.813,1.35819,1.3583,1.00,2.62
2015.09.21 10:00:00.864,1.35821,1.35829,1.00,1.00
2015.09.21 10:00:01.558,1.35822,1.3583,1.50,1.00
2015.09.21 10:00:02.021,1.35823,1.35832,1.87,1.50
2015.09.21 10:00:02.123,1.35825,1.35831,1.00,1.00
2015.09.21 10:00:02.174,1.35825,1.35835,2.25,1.95
2015.09.21 10:00:02.276,1.35828,1.35836,1.00,2.25
2015.09.21 10:00:02.768,1.35826,1.35834,1.00,1.00
2015.09.21 10:00:03.275,1.35825,1.35835,1.37,1.00
2015.09.21 10:00:04.092,1.35825,1.35834,1.37,1.00
2015.09.21 10:00:04.481,1.35824,1.35832,2.62,1.00
2015.09.21 10:00:05.008,1.35826,1.35834,1.12,1.37
2015.09.21 10:00:05.584,1.35824,1.35834,1.12,1.37
2015.09.21 10:00:05.736,1.35824,1.35832,1.37,1.00
2015.09.21 10:00:06.243,1.35823,1.35831,1.47,1.12
2015.09.21 10:00:06.925,1.35822,1.35829,1.47,1.00
2015.09.21 10:00:06.976,1.35821,1.35829,1.00,1.50
2015.09.21 10:00:07.179,1.35818,1.35828,1.57,1.75
2015.09.21 10:00:07.484,1.3582,1.35829,1.50,1.50
2015.09.21 10:00:07.737,1.3582,1.3583,1.50,2.25
2015.09.21 10:00:08.255,1.35821,1.35829,1.37,1.50
2015.09.21 10:00:08.560,1.35823,1.3583,1.12,1.00
2015.09.21 10:00:08.763,1.35829,1.35834,1.37,1.12
2015.09.21 10:00:08.864,1.35829,1.35835,1.37,1.00
2015.09.21 10:00:09.067,1.35829,1.35837,1.00,3.37
2015.09.21 10:00:09.609,1.35829,1.35837,1.50,1.12
2015.09.21 10:00:12.030,1.35829,1.35838,1.50,1.50
2015.09.21 10:00:12.745,1.35829,1.35839,1.87,1.50
2015.09.21 10:00:13.243,1.35831,1.35839,1.37,1.50
2015.09.21 10:00:13.647,1.35832,1.3584,1.54,1.00
2015.09.21 10:00:13.748,1.35834,1.35842,1.37,1.50
2015.09.21 10:00:13.850,1.35834,1.35842,1.10,1.50
2015.09.21 10:00:14.506,1.35835,1.35843,1.00,1.00
2015.09.21 10:00:15.012,1.35834,1.35842,1.10,1.50
2015.09.21 10:00:15.467,1.35831,1.3584,2.70,1.00
2015.09.21 10:00:15.620,1.35831,1.35839,1.20,1.12
2015.09.21 10:00:15.973,1.35829,1.35837,1.50,1.12
2015.09.21 10:00:16.506,1.35829,1.35837,1.00,1.12
2015.09.21 10:00:18.917,1.35828,1.35836,1.37,1.00
2015.09.21 10:00:19.559,1.35828,1.35837,1.37,1.50
2015.09.21 10:00:19.975,1.35826,1.35835,2.62,1.00
2015.09.21 10:00:20.128,1.35826,1.35835,1.12,2.25
2015.09.21 10:00:20.230,1.35826,1.35832,1.10,1.00
2015.09.21 10:00:20.584,1.35824,1.35832,1.87,1.00
2015.09.21 10:00:20.889,1.35822,1.35831,1.72,1.50
2015.09.21 10:00:21.093,1.35819,1.35829,2.70,1.37
2015.09.21 10:00:21.499,1.3582,1.35828,1.12,1.00
2015.09.21 10:00:22.160,1.35823,1.35832,1.75,1.37
2015.09.21 10:00:22.312,1.35826,1.35833,1.00,1.00
2015.09.21 10:00:22.617,1.35829,1.35834,1.00,1.00
2015.09.21 10:00:23.291,1.35829,1.35837,1.00,1.95
2015.09.21 10:00:23.806,1.35829,1.35836,1.00,1.10
2015.09.21 10:00:24.361,1.35829,1.35837,1.00,1.57
2015.09.21 10:00:24.866,1.35829,1.35837,1.12,1.07
2015.09.21 10:00:25.607,1.35829,1.35837,1.12,1.07
2015.09.21 10:00:26.167,1.35829,1.35837,1.12,1.57
2015.09.21 10:00:26.993,1.35829,1.35837,1.12,1.57
2015.09.21 10:00:27.297,1.35829,1.35837,1.12,1.50
2015.09.21 10:00:27.709,1.35831,1.35839,1.00,1.95
2015.09.21 10:00:28.878,1.35831,1.35839,1.37,1.57
2015.09.21 10:00:28.930,1.35833,1.3584,1.12,1.00
2015.09.21 10:00:29.438,1.35833,1.35842,1.12,2.25
2015.09.21 10:00:29.999,1.35833,1.35841,1.00,1.12
2015.09.21 10:00:30.203,1.35831,1.35839,1.12,1.00
2015.09.21 10:00:30.508,1.35827,1.35835,2.06,1.00
2015.09.21 10:00:31.015,1.35827,1.35836,1.00,1.00
2015.09.21 10:00:31.593,1.35827,1.35835,1.00,1.00
2015.09.21 10:00:31.947,1.35827,1.35835,1.37,1.00
2015.09.21 10:00:32.260,1.3583,1.35839,1.37,1.12
2015.09.21 10:00:33.531,1.3583,1.35838,1.12,1.00
2015.09.21 10:00:34.239,1.3583,1.35838,1.00,2.70
2015.09.21 10:00:35.042,1.3583,1.35835,1.00,1.00
2015.09.21 10:00:35.725,1.35829,1.35835,1.00,1.50
2015.09.21 10:00:36.361,1.35829,1.35836,1.12,1.12
2015.09.21 10:00:37.189,1.35834,1.35839,1.00,1.47
2015.09.21 10:00:37.240,1.35834,1.35839,1.00,1.12
2015.09.21 10:00:37.361,1.3583,1.35839,1.75,2.62
2015.09.21 10:00:37.870,1.3583,1.35839,1.12,1.12
2015.09.21 10:00:38.022,1.35834,1.35841,1.50,1.00
2015.09.21 10:00:38.387,1.35836,1.35843,1.37,1.00
2015.09.21 10:00:38.439,1.35837,1.35844,1.00,1.50
2015.09.21 10:00:38.978,1.35836,1.35844,1.00,1.65
2015.09.21 10:00:39.029,1.35838,1.35844,1.00,1.00
2015.09.21 10:00:39.655,1.35837,1.35845,1.12,1.50
2015.09.21 10:00:39.960,1.35839,1.35847,1.00,1.50
2015.09.21 10:00:40.702,1.35839,1.35846,1.00,1.12
2015.09.21 10:00:41.113,1.35845,1.35846,1.00,1.00
2015.09.21 10:00:41.164,1.35845,1.35852,1.00,1.00
2015.09.21 10:00:41.467,1.35846,1.35854,1.00,1.50
2015.09.21 10:00:41.986,1.35847,1.35854,1.00,1.00
2015.09.21 10:00:42.500,1.35847,1.35853,1.00,1.00
2015.09.21 10:00:42.602,1.35848,1.35855,1.00,1.00
2015.09.21 10:00:42.652,1.3585,1.35855,1.12,1.00
2015.09.21 10:00:42.703,1.3585,1.35858,1.12,1.57
2015.09.21 10:00:43.209,1.35849,1.35857,1.37,1.00
2015.09.21 10:00:43.744,1.35848,1.35856,1.12,1.12
2015.09.21 10:00:44.201,1.3585,1.35858,1.50,1.50
2015.09.21 10:00:45.227,1.35849,1.35859,1.57,1.75
2015.09.21 10:00:46.632,1.35849,1.35858,1.50,1.50
2015.09.21 10:00:50.506,1.3585,1.35856,1.00,1.00
2015.09.21 10:00:50.608,1.3585,1.35859,1.00,1.95
2015.09.21 10:00:52.119,1.3585,1.35858,1.00,1.50
2015.09.21 10:00:52.221,1.35849,1.35858,1.95,1.37
2015.09.21 10:00:52.852,1.3585,1.35858,1.37,1.50
2015.09.21 10:00:53.379,1.3585,1.35857,1.37,1.00
2015.09.21 10:00:54.981,1.35854,1.3586,1.37,2.25
2015.09.21 10:00:55.035,1.35855,1.35864,1.00,1.75
2015.09.21 10:00:55.086,1.35853,1.35864,1.87,1.37
2015.09.21 10:00:55.238,1.35855,1.35865,1.12,1.12
2015.09.21 10:00:55.745,1.35856,1.35865,3.37,1.12
2015.09.21 10:00:56.263,1.35856,1.35865,3.37,1.12
2015.09.21 10:00:56.789,1.35856,1.35865,3.00,2.25
2015.09.21 10:00:57.450,1.35856,1.35863,3.00,1.00
2015.09.21 10:00:57.552,1.35856,1.35863,2.62,1.00
2015.09.21 10:00:58.419,1.35856,1.35865,2.62,3.75
2015.09.21 10:00:58.875,1.35856,1.35864,1.00,1.00
2015.09.21 10:00:58.926,1.35855,1.35861,1.12,1.00
2015.09.21 10:00:59.435,1.35855,1.35861,1.00,2.25
2015.09.21 10:01:00.704,1.35855,1.35862,1.00,1.87
2015.09.21 10:01:00.907,1.35855,1.35861,1.00,1.00
2015.09.21 10:01:01.212,1.35856,1.35864,1.37,1.00
2015.09.21 10:01:01.877,1.35857,1.35868,1.12,2.62
2015.09.21 10:01:03.534,1.35862,1.35869,1.00,1.50
2015.09.21 10:01:03.908,1.3586,1.35867,1.00,1.50
2015.09.21 10:01:04.416,1.35859,1.35866,1.00,2.62
2015.09.21 10:01:04.776,1.35858,1.35866,1.12,1.20
2015.09.21 10:01:05.290,1.35859,1.35866,1.87,1.00
2015.09.21 10:01:06.294,1.35859,1.35867,2.62,1.12
2015.09.21 10:01:07.162,1.3586,1.35867,2.25,1.00
2015.09.21 10:01:07.961,1.35861,1.35867,1.75,1.00
2015.09.21 10:01:09.523,1.35861,1.35867,1.00,1.00
2015.09.21 10:01:09.963,1.35858,1.35866,1.10,1.00
2015.09.21 10:01:10.418,1.35858,1.35867,1.12,2.25
2015.09.21 10:01:10.926,1.3586,1.35865,1.12,1.00
2015.09.21 10:01:12.348,1.3586,1.35867,1.12,1.37
2015.09.21 10:01:12.601,1.3586,1.35868,1.00,2.25
2015.09.21 10:01:12.803,1.3586,1.35866,1.00,1.00
2015.09.21 10:01:13.450,1.35859,1.35868,1.37,1.00
2015.09.21 10:01:14.592,1.35858,1.35866,1.20,1.00
2015.09.21 10:01:16.039,1.35859,1.35865,1.00,1.12
2015.09.21 10:01:16.343,1.35854,1.3586,1.10,1.00
2015.09.21 10:01:16.805,1.35854,1.35862,1.00,1.50
2015.09.21 10:01:17.313,1.35854,1.35861,1.00,1.12
2015.09.21 10:01:17.415,1.35854,1.35859,1.00,1.00
2015.09.21 10:01:17.668,1.35852,1.35859,1.50,1.00
2015.09.21 10:01:18.186,1.35852,1.3586,1.50,1.00
2015.09.21 10:01:18.950,1.35851,1.3586,1.00,1.87
2015.09.21 10:01:20.225,1.3585,1.3586,1.87,1.87
2015.09.21 10:01:20.478,1.35854,1.35863,1.00,1.37
2015.09.21 10:01:21.082,1.35851,1.35862,3.56,1.37
2015.09.21 10:01:21.632,1.35851,1.3586,2.25,1.00
2015.09.21 10:01:21.682,1.3585,1.35861,3.19,3.00
2015.09.21 10:01:22.689,1.3585,1.35858,1.87,1.00
2015.09.21 10:01:22.942,1.3585,1.35858,1.87,1.00
2015.09.21 10:01:23.838,1.35848,1.35858,3.00,1.57
2015.09.21 10:01:23.940,1.35848,1.35855,1.50,1.00
2015.09.21 10:01:24.238,1.35846,1.35854,1.00,1.00
2015.09.21 10:01:24.694,1.35845,1.35855,1.95,2.40
2015.09.21 10:01:24.846,1.35844,1.35854,1.10,1.12
2015.09.21 10:01:26.548,1.35843,1.35854,1.75,2.25
2015.09.21 10:01:27.630,1.35845,1.35853,1.37,1.00
2015.09.21 10:01:29.549,1.35845,1.35853,1.00,1.50
2015.09.21 10:01:29.853,1.35841,1.35849,2.62,1.00
2015.09.21 10:01:30.156,1.35838,1.35845,1.37,1.00
2015.09.21 10:01:30.571,1.35838,1.35841,1.00,1.00
2015.09.21 10:01:30.627,1.35835,1.35841,2.25,1.00
2015.09.21 10:01:30.679,1.35832,1.35841,2.62,1.00
2015.09.21 10:01:31.184,1.35833,1.35841,1.00,1.12
2015.09.21 10:01:31.714,1.35832,1.35841,1.12,1.37
2015.09.21 10:01:32.309,1.35832,1.35841,1.50,1.37
2015.09.21 10:01:32.461,1.35832,1.35842,1.37,1.75
2015.09.21 10:01:33.832,1.35834,1.35842,1.37,1.00
2015.09.21 10:01:34.366,1.35834,1.35841,1.12,1.00
2015.09.21 10:01:34.670,1.3583,1.3584,7.12,1.00
2015.09.21 10:01:35.248,1.35834,1.35841,1.37,1.00
2015.09.21 10:01:35.759,1.35832,1.3584,1.75,1.00
2015.09.21 10:01:36.642,1.35833,1.3584,1.00,1.00
2015.09.21 10:01:37.078,1.35832,1.3584,1.50,1.50
2015.09.21 10:01:37.586,1.35831,1.35839,1.50,1.00
2015.09.21 10:01:39.095,1.35831,1.35839,1.50,1.00
2015.09.21 10:01:39.399,1.3583,1.35837,2.32,1.00
2015.09.21 10:01:39.915,1.3583,1.3584,2.25,1.75
2015.09.21 10:01:41.195,1.3583,1.35838,3.00,1.12
2015.09.21 10:01:41.844,1.35828,1.35839,1.20,1.50
2015.09.21 10:01:42.149,1.35828,1.35836,1.87,1.12
2015.09.21 10:01:42.558,1.35827,1.35831,1.00,1.00
2015.09.21 10:01:42.660,1.35827,1.35833,1.00,1.00
2015.09.21 10:01:42.711,1.35829,1.35833,1.00,1.00
2015.09.21 10:01:43.216,1.35829,1.35834,1.00,1.00
2015.09.21 10:01:43.420,1.35827,1.35833,1.00,1.00
2015.09.21 10:01:43.928,1.35828,1.35833,1.00,1.00
2015.09.21 10:01:44.446,1.35828,1.35832,1.00,1.00
2015.09.21 10:01:44.498,1.35827,1.35834,1.00,1.12
2015.09.21 10:01:45.008,1.35826,1.35834,1.12,1.12
2015.09.21 10:01:46.432,1.35827,1.35834,1.12,1.12
2015.09.21 10:01:46.939,1.35828,1.35835,1.12,1.50
2015.09.21 10:01:48.731,1.35828,1.35835,1.37,1.00
2015.09.21 10:01:49.348,1.35827,1.35834,1.87,1.00
2015.09.21 10:01:51.560,1.3583,1.35837,1.50,1.50
2015.09.21 10:01:51.662,1.35831,1.35839,1.37,1.50
2015.09.21 10:01:51.713,1.3583,1.35839,2.25,1.87
2015.09.21 10:01:51.764,1.3583,1.35837,2.25,1.00
2015.09.21 10:01:52.070,1.3583,1.35835,1.00,1.00
2015.09.21 10:01:52.121,1.35828,1.35835,1.50,1.00
2015.09.21 10:01:52.223,1.35828,1.35832,1.00,1.00
2015.09.21 10:01:52.325,1.35826,1.35831,1.00,1.00
2015.09.21 10:01:52.885,1.35825,1.3583,1.37,1.00
2015.09.21 10:01:53.189,1.35825,1.35832,1.50,1.50
2015.09.21 10:01:53.757,1.35825,1.3583,1.00,1.00
2015.09.21 10:01:53.809,1.35823,1.3583,1.12,1.00
2015.09.21 10:01:54.302,1.35825,1.35832,1.00,1.00
2015.09.21 10:01:55.228,1.35823,1.35831,1.47,1.12
2015.09.21 10:01:55.431,1.35825,1.35833,1.00,1.12
2015.09.21 10:01:57.118,1.35825,1.35833,1.50,1.00
2015.09.21 10:01:58.739,1.35825,1.35833,2.62,1.00
2015.09.21 10:01:59.051,1.35828,1.35833,1.37,1.00
2015.09.21 10:01:59.102,1.35828,1.35836,1.37,1.00
2015.09.21 10:01:59.822,1.35828,1.35836,1.00,1.00
2015.09.21 10:02:00.326,1.35828,1.35836,1.37,1.00
2015.09.21 10:02:02.138,1.35828,1.35836,1.12,1.00
2015.09.21 10:02:02.553,1.35828,1.35836,1.37,1.00
2015.09.21 10:02:03.079,1.35829,1.35837,1.00,1.50
2015.09.21 10:02:03.586,1.35829,1.35836,1.00,1.00
2015.09.21 10:02:04.122,1.35829,1.35837,1.00,1.65
2015.09.21 10:02:05.004,1.35829,1.35837,1.37,1.12
2015.09.21 10:02:05.566,1.35831,1.35837,1.37,1.00
2015.09.21 10:02:06.069,1.35833,1.35837,1.00,1.00
2015.09.21 10:02:07.555,1.35833,1.35839,1.00,1.00
2015.09.21 10:02:09.141,1.35832,1.35837,1.00,1.50
2015.09.21 10:02:09.394,1.35831,1.35839,1.00,1.50
2015.09.21 10:02:10.381,1.3583,1.3584,3.00,2.62
2015.09.21 10:02:10.887,1.35832,1.35838,1.00,1.00
2015.09.21 10:02:11.393,1.35832,1.35839,1.00,1.87
2015.09.21 10:02:13.228,1.35832,1.35838,1.00,1.00
2015.09.21 10:02:13.871,1.35834,1.3584,1.00,1.12
2015.09.21 10:02:14.389,1.35834,1.35841,1.47,1.00
2015.09.21 10:02:15.106,1.35837,1.35844,1.12,2.62
2015.09.21 10:02:15.208,1.35835,1.3584,1.85,1.00
2015.09.21 10:02:15.360,1.35835,1.35839,1.00,1.00
2015.09.21 10:02:15.412,1.35835,1.35841,1.00,2.25
2015.09.21 10:02:15.918,1.35835,1.3584,1.00,1.00
2015.09.21 10:02:17.647,1.35835,1.35837,1.00,1.00
2015.09.21 10:02:18.024,1.35833,1.35837,1.12,1.00
2015.09.21 10:02:18.530,1.35834,1.35837,1.00,1.00
2015.09.21 10:02:19.653,1.3583,1.35831,1.50,1.50
2015.09.21 10:02:19.704,1.35825,1.35832,1.50,2.25
2015.09.21 10:02:20.211,1.35825,1.3583,1.37,1.50
2015.09.21 10:02:21.008,1.35827,1.3583,1.00,1.50
2015.09.21 10:02:23.545,1.35827,1.35829,1.00,1.00
2015.09.21 10:02:23.697,1.35825,1.35828,1.12,2.25
2015.09.21 10:02:24.425,1.35821,1.35823,1.00,1.00
2015.09.21 10:02:24.476,1.35817,1.35823,1.37,1.00
2015.09.21 10:02:24.780,1.35816,1.35822,1.37,2.25
2015.09.21 10:02:25.134,1.35816,1.3582,1.37,1.00
2015.09.21 10:02:25.236,1.35816,1.35822,1.37,1.00
2015.09.21 10:02:25.760,1.35818,1.35822,1.00,1.00
2015.09.21 10:02:26.386,1.35816,1.35822,1.87,1.00
2015.09.21 10:02:26.915,1.35818,1.35823,1.37,1.50
2015.09.21 10:02:27.648,1.35818,1.35822,1.37,1.00
2015.09.21 10:02:28.156,1.35818,1.35822,1.12,1.50
2015.09.21 10:02:28.410,1.35818,1.35824,1.12,1.00
2015.09.21 10:02:29.006,1.35819,1.35826,1.12,1.50
2015.09.21 10:02:29.853,1.3582,1.35825,1.37,1.00
2015.09.21 10:02:33.821,1.3582,1.35825,1.12,1.00
2015.09.21 10:02:34.429,1.3582,1.35824,1.00,1.00
2015.09.21 10:02:34.957,1.35818,1.35824,1.37,1.50
2015.09.21 10:02:35.311,1.35817,1.35824,1.00,1.50
2015.09.21 10:02:36.000,1.35817,1.35823,1.00,1.00
2015.09.21 10:02:36.389,1.35817,1.35821,1.00,1.00
2015.09.21 10:02:39.275,1.35817,1.35822,1.00,1.00
2015.09.21 10:02:40.017,1.35817,1.35821,1.00,1.00
2015.09.21 10:02:41.838,1.35817,1.35818,1.00,1.00
2015.09.21 10:02:41.939,1.35815,1.35818,1.50,1.00
2015.09.21 10:02:42.042,1.35816,1.35818,1.00,1.00
2015.09.21 10:02:42.888,1.35816,1.35817,1.00,1.00
2015.09.21 10:02:43.424,1.35816,1.35817,1.00,1.00
2015.09.21 10:02:44.635,1.35816,1.35818,1.00,1.00
2015.09.21 10:02:46.088,1.35816,1.3582,1.00,1.00
2015.09.21 10:02:46.239,1.35816,1.35823,1.37,1.12
2015.09.21 10:02:46.341,1.35819,1.35823,1.00,1.00
2015.09.21 10:02:46.392,1.35819,1.35826,1.00,3.07
2015.09.21 10:02:47.890,1.35819,1.35826,1.00,1.10
2015.09.21 10:02:48.394,1.35819,1.35826,1.00,1.07
2015.09.21 10:02:48.735,1.35818,1.35826,1.75,1.50
2015.09.21 10:02:49.473,1.35821,1.35825,1.00,1.00
2015.09.21 10:02:50.204,1.35821,1.35826,1.00,1.12
2015.09.21 10:02:50.806,1.35821,1.35825,1.00,1.00
2015.09.21 10:02:51.368,1.35821,1.35826,1.00,1.00
2015.09.21 10:02:52.211,1.35819,1.35826,1.12,1.12
2015.09.21 10:02:52.666,1.3582,1.35826,1.00,1.00
2015.09.21 10:02:53.195,1.3582,1.35825,1.12,1.00
2015.09.21 10:02:53.617,1.3582,1.35826,1.12,1.00
2015.09.21 10:02:53.921,1.35819,1.35824,1.37,1.50
2015.09.21 10:02:53.972,1.35819,1.35824,1.00,1.50
2015.09.21 10:02:54.023,1.35818,1.35824,1.37,2.62
2015.09.21 10:02:54.075,1.35814,1.35822,2.25,1.00
2015.09.21 10:02:54.621,1.35814,1.35825,1.37,4.65
2015.09.21 10:02:55.627,1.35814,1.35824,1.12,1.87
2015.09.21 10:02:55.728,1.35812,1.3582,2.25,1.00
2015.09.21 10:02:56.401,1.35811,1.35819,1.12,1.37
2015.09.21 10:02:56.452,1.3581,1.35818,1.37,1.00
2015.09.21 10:02:56.656,1.35811,1.35821,1.12,2.62
2015.09.21 10:02:56.982,1.35813,1.35819,1.00,1.00
2015.09.21 10:02:57.526,1.35812,1.35819,1.00,1.00
2015.09.21 10:03:00.890,1.3581,1.35815,1.87,1.00
2015.09.21 10:03:00.941,1.3581,1.35815,1.87,1.00
2015.09.21 10:03:01.043,1.35807,1.35815,2.06,1.12
2015.09.21 10:03:01.195,1.35804,1.35815,1.95,3.37
2015.09.21 10:03:01.733,1.35804,1.35812,1.12,1.00
2015.09.21 10:03:02.289,1.35803,1.35813,1.50,1.37
2015.09.21 10:03:02.593,1.35802,1.35813,1.87,1.00
2015.09.21 10:03:03.158,1.35802,1.35813,2.70,1.50
2015.09.21 10:03:05.305,1.35804,1.35812,1.00,1.50
2015.09.21 10:03:05.615,1.35804,1.3581,1.00,1.00
2015.09.21 10:03:06.271,1.35804,1.35811,1.00,1.12
2015.09.21 10:03:06.673,1.35802,1.3581,1.50,1.87
2015.09.21 10:03:07.877,1.35802,1.35809,1.00,1.00
2015.09.21 10:03:08.572,1.358,1.35807,5.77,1.12
2015.09.21 10:03:08.886,1.35797,1.35805,1.60,2.77
2015.09.21 10:03:08.943,1.35793,1.35805,3.00,3.52
2015.09.21 10:03:10.541,1.35794,1.35804,2.70,1.50
2015.09.21 10:03:10.592,1.35795,1.35804,4.12,1.12
2015.09.21 10:03:13.819,1.35795,1.35803,3.37,1.00
2015.09.21 10:03:15.806,1.35796,1.35803,1.00,2.25
2015.09.21 10:03:15.857,1.35794,1.35802,1.47,1.87
2015.09.21 10:03:15.959,1.35792,1.35799,1.47,1.00
2015.09.21 10:03:16.504,1.35791,1.35802,1.87,1.75
2015.09.21 10:03:17.010,1.35789,1.35801,3.26,2.77
2015.09.21 10:03:20.324,1.35789,1.35799,1.85,1.37
2015.09.21 10:03:20.886,1.3579,1.358,1.00,3.00
2015.09.21 10:03:21.427,1.35789,1.35797,1.00,1.00
2015.09.21 10:03:21.732,1.35785,1.35793,2.62,1.00
2015.09.21 10:03:22.491,1.35785,1.35796,2.44,1.75
2015.09.21 10:03:22.543,1.35787,1.35797,1.57,1.87
2015.09.21 10:03:22.849,1.35789,1.35796,1.37,1.00
2015.09.21 10:03:23.386,1.35789,1.35797,1.37,1.50
2015.09.21 10:03:24.344,1.35789,1.35797,1.00,1.50
2015.09.21 10:03:24.890,1.35787,1.35797,1.50,1.87
2015.09.21 10:03:25.765,1.35787,1.35795,1.50,1.00
2015.09.21 10:03:26.945,1.35787,1.35796,1.50,1.87
2015.09.21 10:03:27.478,1.35787,1.35795,1.37,1.12
2015.09.21 10:03:29.159,1.35787,1.35795,1.87,1.12
2015.09.21 10:03:29.971,1.35787,1.35795,2.25,1.50
2015.09.21 10:03:30.285,1.35787,1.35795,1.00,2.25
2015.09.21 10:03:30.386,1.35784,1.35795,2.10,4.50
2015.09.21 10:03:30.437,1.35785,1.35795,3.97,4.50
2015.09.21 10:03:30.540,1.35787,1.35798,1.12,2.77
2015.09.21 10:03:30.591,1.35788,1.35798,1.12,1.65
2015.09.21 10:03:31.315,1.35789,1.35799,2.07,1.37
2015.09.21 10:03:31.875,1.35791,1.35799,1.00,1.00
2015.09.21 10:03:33.079,1.35789,1.35799,2.17,1.50
2015.09.21 10:03:33.587,1.3579,1.35798,1.12,1.00
2015.09.21 10:03:37.218,1.35789,1.358,1.50,4.12
2015.09.21 10:03:37.723,1.35789,1.35798,1.00,1.37
2015.09.21 10:03:42.277,1.35788,1.35796,1.20,1.12
2015.09.21 10:03:42.629,1.35784,1.35794,1.31,1.12
2015.09.21 10:03:42.691,1.35783,1.35793,3.82,1.75
2015.09.21 10:03:43.523,1.35783,1.35791,1.00,1.00
2015.09.21 10:03:45.279,1.35783,1.35788,1.00,1.00
2015.09.21 10:03:45.381,1.35782,1.35791,1.47,3.52
2015.09.21 10:03:45.786,1.3578,1.3579,3.75,4.65
2015.09.21 10:03:45.836,1.3578,1.35788,1.00,1.00
2015.09.21 10:03:46.455,1.3578,1.3579,3.60,1.50
2015.09.21 10:03:46.506,1.35782,1.3579,1.35,1.12
2015.09.21 10:03:46.759,1.35783,1.35794,1.97,4.50
2015.09.21 10:03:46.810,1.35786,1.35794,1.00,4.12
2015.09.21 10:03:47.316,1.35784,1.35793,1.72,1.00
2015.09.21 10:03:48.643,1.35784,1.35792,1.50,1.00
2015.09.21 10:03:49.513,1.35785,1.35793,1.30,1.50
2015.09.21 10:03:52.072,1.35784,1.35793,1.00,2.25
2015.09.21 10:03:57.120,1.35784,1.35791,1.00,1.00
2015.09.21 10:03:58.907,1.35784,1.35792,2.10,1.00
2015.09.21 10:04:00.767,1.35784,1.35791,1.35,1.00
2015.09.21 10:04:00.931,1.35781,1.35789,1.10,1.27
2015.09.21 10:04:01.185,1.3578,1.35789,1.97,1.12
2015.09.21 10:04:01.590,1.35784,1.35791,1.00,1.87
2015.09.21 10:04:01.901,1.35784,1.35793,1.87,1.00
2015.09.21 10:04:02.002,1.35786,1.35795,1.00,1.57
2015.09.21 10:04:02.443,1.35788,1.35795,1.00,1.50
2015.09.21 10:04:02.948,1.35787,1.35795,2.05,1.00
2015.09.21 10:04:03.468,1.35787,1.35796,2.05,1.50
2015.09.21 10:04:03.972,1.35788,1.35795,1.37,1.00
2015.09.21 10:04:04.174,1.35787,1.35795,1.00,1.50
2015.09.21 10:04:04.796,1.35786,1.35795,2.10,1.00
2015.09.21 10:04:05.050,1.35789,1.35795,2.10,1.00
2015.09.21 10:04:05.203,1.35793,1.35799,1.30,1.37
2015.09.21 10:04:05.254,1.35793,1.35799,1.30,1.00
2015.09.21 10:04:05.305,1.35792,1.35799,1.97,1.00
2015.09.21 10:04:05.356,1.35795,1.35801,1.00,1.00
2015.09.21 10:04:05.559,1.35791,1.35798,1.75,1.00
2015.09.21 10:04:06.049,1.35793,1.35798,1.37,1.00
2015.09.21 10:04:06.102,1.35794,1.35801,1.12,1.00
2015.09.21 10:04:06.153,1.35794,1.35804,1.12,1.00
2015.09.21 10:04:06.406,1.35796,1.35805,1.12,1.87
2015.09.21 10:04:07.063,1.35799,1.35806,1.00,1.12
2015.09.21 10:04:07.808,1.35795,1.35805,1.50,1.37
2015.09.21 10:04:07.859,1.35795,1.35799,1.00,2.10
2015.09.21 10:04:07.961,1.35792,1.35796,1.10,2.25
2015.09.21 10:04:08.012,1.35791,1.35793,1.72,1.00
2015.09.21 10:04:08.114,1.35792,1.35794,1.00,1.00
2015.09.21 10:04:08.418,1.35792,1.35799,1.37,1.00
2015.09.21 10:04:08.519,1.35792,1.35799,1.00,1.00
2015.09.21 10:04:09.142,1.35792,1.35798,1.00,1.00
2015.09.21 10:04:09.244,1.3579,1.35798,1.50,1.12
2015.09.21 10:04:09.345,1.3579,1.35799,2.62,1.00
2015.09.21 10:04:10.143,1.3579,1.35799,1.75,1.37
2015.09.21 10:04:10.745,1.3579,1.35799,1.50,1.50
2015.09.21 10:04:14.212,1.35789,1.35798,1.12,1.12
2015.09.21 10:04:14.895,1.35789,1.35797,1.12,1.00
2015.09.21 10:04:15.403,1.35789,1.35798,1.12,1.12
2015.09.21 10:04:15.910,1.35789,1.35797,1.12,1.00
2015.09.21 10:04:16.454,1.35789,1.35797,1.00,1.75
2015.09.21 10:04:16.963,1.35786,1.35795,3.22,1.12
2015.09.21 10:04:20.355,1.3579,1.35796,1.00,1.00
2015.09.21 10:04:20.861,1.35791,1.35799,1.00,2.25
2015.09.21 10:04:21.367,1.35792,1.35798,1.00,1.12
2015.09.21 10:04:22.572,1.35791,1.35799,1.00,1.87
2015.09.21 10:04:23.443,1.35792,1.35798,1.00,1.00
2015.09.21 10:04:23.494,1.35792,1.358,1.12,1.50
2015.09.21 10:04:23.545,1.35792,1.358,1.37,1.50
2015.09.21 10:04:23.646,1.35794,1.35802,1.00,2.62
2015.09.21 10:04:23.989,1.35796,1.35802,1.00,1.12
2015.09.21 10:04:25.904,1.35792,1.358,1.67,1.00
2015.09.21 10:04:25.960,1.35792,1.358,1.00,1.00
2015.09.21 10:04:26.012,1.35792,1.35798,1.00,1.00
2015.09.21 10:04:26.316,1.35794,1.358,1.00,1.50
2015.09.21 10:04:26.569,1.35789,1.35799,2.47,1.00
2015.09.21 10:04:27.448,1.35789,1.35798,1.87,1.12
2015.09.21 10:04:27.550,1.35789,1.35798,2.62,1.37
2015.09.21 10:04:27.753,1.35787,1.35795,1.50,1.37
2015.09.21 10:04:27.905,1.35786,1.35793,1.00,1.37
2015.09.21 10:04:28.360,1.35783,1.35793,1.12,1.50
2015.09.21 10:04:28.809,1.35785,1.35793,2.10,1.12
2015.09.21 10:04:29.113,1.35787,1.35794,1.75,1.00
2015.09.21 10:04:29.165,1.3579,1.35797,1.00,1.12
2015.09.21 10:04:29.418,1.35787,1.35795,1.12,1.37
2015.09.21 10:04:29.471,1.35785,1.35794,1.37,2.25
2015.09.21 10:04:29.573,1.35784,1.35791,1.00,1.00
2015.09.21 10:04:30.110,1.35784,1.3579,1.00,1.00
2015.09.21 10:04:30.667,1.35784,1.35792,1.00,1.37
2015.09.21 10:04:31.198,1.35783,1.35792,2.05,1.12
2015.09.21 10:04:32.273,1.35783,1.35793,2.05,1.12
2015.09.21 10:04:32.782,1.35784,1.35794,1.72,1.12
2015.09.21 10:04:34.204,1.35784,1.35792,1.87,1.50
2015.09.21 10:04:34.862,1.35784,1.35792,1.87,1.50
2015.09.21 10:04:35.388,1.35784,1.35792,1.87,1.37
2015.09.21 10:04:36.394,1.35784,1.35792,1.50,1.50
2015.09.21 10:04:37.027,1.35784,1.35792,2.10,1.37
2015.09.21 10:04:37.407,1.35785,1.35793,1.00,1.50
2015.09.21 10:04:37.999,1.35785,1.35792,1.00,1.00
2015.09.21 10:04:38.503,1.35785,1.35793,1.00,1.50
2015.09.21 10:04:39.029,1.35785,1.35792,1.00,1.12
2015.09.21 10:04:40.561,1.35784,1.35792,1.00,2.25
2015.09.21 10:04:41.085,1.35782,1.3579,1.35,1.50
2015.09.21 10:04:41.590,1.35783,1.35791,1.30,1.12
2015.09.21 10:04:42.219,1.35782,1.35791,1.67,1.50
2015.09.21 10:04:42.724,1.35782,1.35789,1.00,1.00
2015.09.21 10:04:43.650,1.35782,1.3579,1.00,1.87
2015.09.21 10:04:44.180,1.35782,1.35789,1.35,1.12
2015.09.21 10:04:44.711,1.35781,1.3579,2.10,1.50
2015.09.21 10:04:45.664,1.35792,1.35795,2.50,7.50
2015.09.21 10:04:45.725,1.35793,1.35799,1.37,1.00
2015.09.21 10:04:45.777,1.35793,1.35799,1.00,1.00
2015.09.21 10:04:46.081,1.35793,1.35801,1.00,1.00
2015.09.21 10:04:46.588,1.35793,1.35802,1.00,1.50
2015.09.21 10:04:47.054,1.35793,1.35801,1.37,1.12
2015.09.21 10:04:47.206,1.35792,1.35802,1.75,1.37
2015.09.21 10:04:47.362,1.35792,1.35802,1.87,1.12
2015.09.21 10:04:47.615,1.35792,1.358,2.25,1.00
2015.09.21 10:04:47.666,1.35792,1.358,1.12,1.12
2015.09.21 10:04:47.818,1.35789,1.35798,3.30,1.00
2015.09.21 10:04:48.287,1.35788,1.35794,1.50,1.00
2015.09.21 10:04:49.549,1.35787,1.35793,1.72,1.00
2015.09.21 10:04:50.118,1.35787,1.35794,1.35,1.12
2015.09.21 10:04:50.652,1.35788,1.35793,1.35,1.00
2015.09.21 10:04:51.154,1.35787,1.35793,1.35,1.00
2015.09.21 10:04:51.885,1.35787,1.35793,1.60,1.00
2015.09.21 10:04:53.372,1.35788,1.35794,1.00,1.12
2015.09.21 10:04:53.951,1.35788,1.35793,1.00,1.00
2015.09.21 10:04:54.501,1.35788,1.35794,1.00,1.00
2015.09.21 10:04:55.302,1.35788,1.35795,1.12,2.25
2015.09.21 10:04:55.958,1.35788,1.35794,1.30,1.00
2015.09.21 10:04:56.414,1.35786,1.35793,1.12,1.37
2015.09.21 10:04:56.616,1.35785,1.35794,2.62,1.00
2015.09.21 10:04:56.718,1.35787,1.35796,1.75,1.12
2015.09.21 10:04:57.276,1.35787,1.35799,1.75,1.75
2015.09.21 10:04:58.128,1.3579,1.35798,1.00,1.12
2015.09.21 10:04:58.432,1.35788,1.35798,1.00,1.87
2015.09.21 10:04:58.934,1.35785,1.35795,2.47,1.12
2015.09.21 10:04:59.607,1.35787,1.35795,1.00,1.00
2015.09.21 10:05:00.442,1.35786,1.35795,1.87,1.12
2015.09.21 10:05:00.746,1.35785,1.35794,1.87,1.37
2015.09.21 10:05:00.797,1.35785,1.35794,1.12,2.25
2015.09.21 10:05:00.848,1.35785,1.35794,1.37,1.50
2015.09.21 10:05:01.000,1.35783,1.35791,1.87,1.12
2015.09.21 10:05:01.155,1.35785,1.3579,1.30,1.00
2015.09.21 10:05:01.503,1.35785,1.35793,1.30,1.12
2015.09.21 10:05:01.554,1.35784,1.35791,1.67,1.00
2015.09.21 10:05:02.243,1.35784,1.35791,1.35,1.00
2015.09.21 10:05:02.294,1.35786,1.35793,1.00,1.00
2015.09.21 10:05:02.548,1.35783,1.35793,3.37,1.12
2015.09.21 10:05:02.599,1.35783,1.35793,2.62,1.12
2015.09.21 10:05:03.119,1.35783,1.35791,1.60,1.37
2015.09.21 10:05:03.371,1.35783,1.35792,2.47,1.12
2015.09.21 10:05:04.437,1.35784,1.35793,1.72,1.87
2015.09.21 10:05:04.826,1.35784,1.3579,1.72,1.00
2015.09.21 10:05:06.461,1.35784,1.35791,1.37,1.00
2015.09.21 10:05:07.022,1.35784,1.3579,1.37,1.00
2015.09.21 10:05:07.666,1.35784,1.3579,1.00,1.00
2015.09.21 10:05:08.673,1.35783,1.35791,1.87,1.87
2015.09.21 10:05:09.228,1.35783,1.3579,1.87,1.00
2015.09.21 10:05:09.743,1.35783,1.35791,1.72,1.00
2015.09.21 10:05:10.262,1.35783,1.35791,1.72,1.50
2015.09.21 10:05:11.299,1.35785,1.35792,1.00,1.00
2015.09.21 10:05:12.172,1.35785,1.35793,1.00,1.50
2015.09.21 10:05:12.564,1.35784,1.35791,1.00,1.00
2015.09.21 10:05:13.152,1.35782,1.35791,1.72,1.87
2015.09.21 10:05:13.658,1.35783,1.3579,1.30,1.00
2015.09.21 10:05:14.815,1.35782,1.35789,1.00,1.12
2015.09.21 10:05:15.119,1.35781,1.35787,1.97,1.00
2015.09.21 10:05:15.322,1.35781,1.35789,1.97,1.50
2015.09.21 10:05:15.946,1.35781,1.35789,1.60,1.50
2015.09.21 10:05:16.890,1.35781,1.35789,2.10,1.00
2015.09.21 10:05:17.545,1.35779,1.35789,2.47,1.50
2015.09.21 10:05:17.849,1.35779,1.35787,1.50,2.62
2015.09.21 10:05:17.900,1.35779,1.35785,1.00,1.00
2015.09.21 10:05:18.175,1.35778,1.35787,3.75,1.50
2015.09.21 10:05:18.226,1.3578,1.35789,1.30,1.50
2015.09.21 10:05:19.131,1.3578,1.3579,1.00,3.75
2015.09.21 10:05:19.653,1.3578,1.3579,1.00,3.75
2015.09.21 10:05:20.192,1.3578,1.3579,1.10,2.25
2015.09.21 10:05:21.133,1.3578,1.35788,1.20,1.00
2015.09.21 10:05:21.904,1.3578,1.35789,1.20,1.00
2015.09.21 10:05:23.131,1.3578,1.35789,1.10,1.37
2015.09.21 10:05:23.283,1.35781,1.35789,1.00,1.00
2015.09.21 10:05:23.334,1.35781,1.35787,1.00,1.00
2015.09.21 10:05:24.135,1.35781,1.35788,1.00,1.00
2015.09.21 10:05:24.690,1.35781,1.35789,1.00,1.50
2015.09.21 10:05:24.995,1.35779,1.35787,1.95,1.00
2015.09.21 10:05:25.496,1.35781,1.35786,1.00,1.00
2015.09.21 10:05:26.028,1.35781,1.35785,1.00,1.00
2015.09.21 10:05:27.105,1.35781,1.35783,1.00,1.00
2015.09.21 10:05:27.212,1.35779,1.35783,1.00,1.00
2015.09.21 10:05:27.756,1.35779,1.35785,1.00,3.00
2015.09.21 10:05:28.300,1.35779,1.35784,1.00,1.00
2015.09.21 10:05:29.089,1.35778,1.35784,1.00,1.00
2015.09.21 10:05:29.756,1.35778,1.35785,1.00,1.00
2015.09.21 10:05:30.333,1.35779,1.35786,1.35,1.50
2015.09.21 10:05:30.840,1.3578,1.35786,1.00,1.00
2015.09.21 10:05:31.043,1.3578,1.35788,1.00,1.50
2015.09.21 10:05:31.476,1.3578,1.3579,3.60,3.07
2015.09.21 10:05:31.628,1.35783,1.35791,1.00,3.37
2015.09.21 10:05:31.932,1.35781,1.35788,1.72,1.00
2015.09.21 10:05:32.236,1.35781,1.3579,2.10,1.50
2015.09.21 10:05:33.121,1.35781,1.3579,1.72,1.00
2015.09.21 10:05:33.426,1.35783,1.3579,1.60,1.00
2015.09.21 10:05:34.000,1.35783,1.35791,1.72,1.00
2015.09.21 10:05:34.501,1.35783,1.35791,2.10,1.00
2015.09.21 10:05:34.907,1.35783,1.35791,1.97,1.00
2015.09.21 10:05:35.010,1.35785,1.35794,1.35,1.37
2015.09.21 10:05:38.631,1.35785,1.35794,1.37,1.37
2015.09.21 10:05:38.783,1.35786,1.35795,1.37,1.37
2015.09.21 10:05:39.105,1.35787,1.35796,1.12,1.50
2015.09.21 10:05:39.635,1.35785,1.35793,2.25,1.00
2015.09.21 10:05:39.686,1.35786,1.35793,1.00,1.00
2015.09.21 10:05:40.436,1.35784,1.35793,1.37,1.00
2015.09.21 10:05:41.254,1.35782,1.35793,2.47,1.87
2015.09.21 10:05:41.996,1.35782,1.35788,1.35,1.50
2015.09.21 10:05:42.256,1.3578,1.35787,1.67,1.00
2015.09.21 10:05:44.059,1.3578,1.35789,1.67,1.50
2015.09.21 10:05:44.211,1.35782,1.3579,1.72,2.25
2015.09.21 10:05:44.465,1.35784,1.35792,1.35,1.12
2015.09.21 10:05:44.516,1.35784,1.35792,1.72,1.12
2015.09.21 10:05:45.110,1.35784,1.35794,1.72,1.87
2015.09.21 10:05:45.651,1.35783,1.35794,1.35,1.87
2015.09.21 10:05:46.154,1.35784,1.35792,1.00,1.00
2015.09.21 10:05:46.690,1.35784,1.35793,1.67,1.12
2015.09.21 10:05:46.791,1.35784,1.35791,1.67,1.00
2015.09.21 10:05:47.144,1.35783,1.35791,1.00,1.12
2015.09.21 10:05:47.667,1.35782,1.35791,1.30,1.50
2015.09.21 10:05:48.222,1.35781,1.35791,1.35,1.87
2015.09.21 10:05:49.245,1.35782,1.3579,1.30,1.12
2015.09.21 10:05:49.296,1.3578,1.35788,2.55,1.00
2015.09.21 10:05:49.650,1.35781,1.35788,2.10,1.00
2015.09.21 10:05:49.752,1.35782,1.3579,1.35,1.50
2015.09.21 10:05:50.215,1.35784,1.35794,1.60,1.20
2015.09.21 10:05:50.725,1.35784,1.35793,1.30,1.37
2015.09.21 10:05:51.262,1.35784,1.35793,1.60,1.37
2015.09.21 10:05:52.290,1.35784,1.35793,1.00,1.37
2015.09.21 10:05:52.900,1.35784,1.35793,1.67,1.37
2015.09.21 10:05:53.103,1.35784,1.3579,1.00,1.00
2015.09.21 10:05:53.205,1.35782,1.35791,1.30,1.87
2015.09.21 10:05:55.877,1.35779,1.35788,2.05,1.00
2015.09.21 10:05:56.030,1.35779,1.35787,1.50,1.00
2015.09.21 10:05:56.234,1.3578,1.35785,1.00,1.00
2015.09.21 10:05:56.788,1.3578,1.35786,1.00,1.00
2015.09.21 10:05:57.295,1.35779,1.35786,1.00,1.12
2015.09.21 10:05:57.598,1.35779,1.35784,1.00,1.00
2015.09.21 10:05:58.331,1.35779,1.35785,1.00,1.00
2015.09.21 10:05:58.634,1.35786,1.3579,1.35,1.00
2015.09.21 10:05:58.736,1.35786,1.35794,1.00,1.00
2015.09.21 10:05:59.309,1.35785,1.35795,2.62,1.95
2015.09.21 10:05:59.513,1.35786,1.35795,2.05,1.10
2015.09.21 10:06:00.020,1.35786,1.35796,1.12,3.07
2015.09.21 10:06:00.121,1.35787,1.35795,1.00,1.57
2015.09.21 10:06:01.055,1.35787,1.35794,1.00,1.00
2015.09.21 10:06:01.597,1.35787,1.35795,1.00,1.57
2015.09.21 10:06:02.408,1.35786,1.35795,1.30,1.57
2015.09.21 10:06:02.510,1.35787,1.35796,1.00,2.77
2015.09.21 10:06:03.184,1.35785,1.35795,3.00,1.20
2015.09.21 10:06:03.742,1.35788,1.35796,1.00,1.95
2015.09.21 10:06:04.114,1.35787,1.35798,2.85,3.15
2015.09.21 10:06:04.435,1.35789,1.35799,1.12,1.00
2015.09.21 10:06:04.486,1.3579,1.358,1.37,2.25
2015.09.21 10:06:05.030,1.35793,1.358,1.00,1.12
2015.09.21 10:06:06.373,1.35793,1.358,1.00,1.37
2015.09.21 10:06:06.525,1.3579,1.35798,1.12,1.00
2015.09.21 10:06:07.143,1.35789,1.35797,1.00,1.00
2015.09.21 10:06:07.295,1.35788,1.35795,1.00,1.00
2015.09.21 10:06:07.598,1.35785,1.35795,1.87,2.25
2015.09.21 10:06:07.649,1.35785,1.35793,1.87,1.00
2015.09.21 10:06:08.155,1.35785,1.35792,1.00,1.00
2015.09.21 10:06:08.691,1.35784,1.35792,1.50,1.00
2015.09.21 10:06:08.881,1.35784,1.35793,1.12,1.87
2015.09.21 10:06:09.032,1.3578,1.35788,2.70,1.12
2015.09.21 10:06:09.083,1.3578,1.35788,1.50,1.37
2015.09.21 10:06:10.131,1.3578,1.35788,2.10,1.37
2015.09.21 10:06:10.435,1.3578,1.35788,2.10,1.37
2015.09.21 10:06:10.587,1.35781,1.35788,1.60,1.00
2015.09.21 10:06:11.094,1.35781,1.35788,1.35,1.00
2015.09.21 10:06:11.145,1.35781,1.35788,1.60,1.00
2015.09.21 10:06:11.669,1.35778,1.35782,1.87,1.50
2015.09.21 10:06:11.822,1.35774,1.3578,1.00,3.37
2015.09.21 10:06:12.076,1.3577,1.3578,1.30,3.45
2015.09.21 10:06:12.811,1.3577,1.3578,1.67,2.70
2015.09.21 10:06:13.339,1.35769,1.35779,2.47,1.12
2015.09.21 10:06:13.990,1.35769,1.35779,2.47,1.12
2015.09.21 10:06:14.041,1.35769,1.35779,2.47,1.12
2015.09.21 10:06:14.533,1.35771,1.3578,2.25,1.50
2015.09.21 10:06:14.787,1.35771,1.35779,1.37,1.00
2015.09.21 10:06:15.040,1.35771,1.3578,1.12,1.72
2015.09.21 10:06:15.343,1.35772,1.3578,1.30,1.00
2015.09.21 10:06:15.910,1.35771,1.35779,1.67,1.50
2015.09.21 10:06:16.458,1.3577,1.35779,1.72,1.50
2015.09.21 10:06:17.162,1.35773,1.35778,1.30,1.37
2015.09.21 10:06:17.271,1.35773,1.3578,1.72,1.10
2015.09.21 10:06:17.776,1.35774,1.35782,1.35,1.50
2015.09.21 10:06:18.836,1.35775,1.35779,1.00,1.00
2015.09.21 10:06:18.887,1.35771,1.35779,1.35,1.00
2015.09.21 10:06:19.128,1.35771,1.35781,1.35,1.50
2015.09.21 10:06:19.533,1.35773,1.35782,1.35,1.95
2015.09.21 10:06:20.227,1.35775,1.35782,1.00,1.00
2015.09.21 10:06:20.754,1.35774,1.35781,2.85,1.00
2015.09.21 10:06:22.429,1.35776,1.35782,1.00,1.00
2015.09.21 10:06:22.970,1.35776,1.35783,1.00,1.50
2015.09.21 10:06:24.614,1.35774,1.35783,3.97,1.00
2015.09.21 10:06:26.232,1.3578,1.35783,1.00,1.50
2015.09.21 10:06:26.334,1.35774,1.3578,1.00,1.00
2015.09.21 10:06:26.898,1.35772,1.35782,1.50,1.57
2015.09.21 10:06:27.305,1.35775,1.35783,1.87,3.00
2015.09.21 10:06:27.357,1.35776,1.35784,1.00,1.12
2015.09.21 10:06:27.459,1.35776,1.35787,1.87,2.25
2015.09.21 10:06:27.561,1.35777,1.35788,1.75,1.12
2015.09.21 10:06:28.300,1.35777,1.35789,3.00,1.47
2015.09.21 10:06:28.885,1.3578,1.3579,1.00,5.85
2015.09.21 10:06:29.647,1.3578,1.35789,1.00,1.50
2015.09.21 10:06:30.415,1.35777,1.35787,3.00,1.00
2015.09.21 10:06:30.975,1.3578,1.35788,1.00,1.00
2015.09.21 10:06:31.515,1.3578,1.35788,1.37,1.00
2015.09.21 10:06:32.561,1.3578,1.3579,1.75,1.00
2015.09.21 10:06:33.068,1.35783,1.35791,1.00,1.87
2015.09.21 10:06:34.715,1.35783,1.35791,1.00,1.87
2015.09.21 10:06:35.178,1.35781,1.35789,1.50,1.37
2015.09.21 10:06:36.186,1.3578,1.3579,3.00,1.57
2015.09.21 10:06:37.035,1.3578,1.35787,2.25,1.00
2015.09.21 10:06:37.086,1.35781,1.35787,1.00,1.50
2015.09.21 10:06:37.239,1.35776,1.35786,1.50,2.32
2015.09.21 10:06:37.290,1.35775,1.35786,1.87,2.70
2015.09.21 10:06:37.939,1.35774,1.35786,2.17,1.75
2015.09.21 10:06:39.793,1.35776,1.35786,1.00,1.50
2015.09.21 10:06:39.896,1.35778,1.35786,1.00,1.87
2015.09.21 10:06:41.245,1.35778,1.35786,1.00,1.50
2015.09.21 10:06:41.768,1.35775,1.35785,1.95,1.00
2015.09.21 10:06:45.041,1.35775,1.35785,1.95,3.37
2015.09.21 10:06:45.546,1.35775,1.35786,4.05,1.37
2015.09.21 10:06:46.549,1.35777,1.35785,1.10,1.12
2015.09.21 10:06:47.073,1.35775,1.35785,1.87,1.50
2015.09.21 10:06:47.577,1.35775,1.35785,1.47,1.50
2015.09.21 10:06:48.672,1.35776,1.35786,1.50,1.75
2015.09.21 10:06:48.723,1.35778,1.35786,1.00,1.50
2015.09.21 10:06:50.329,1.35777,1.35788,1.75,2.62
2015.09.21 10:06:51.045,1.35779,1.35788,1.00,1.37
2015.09.21 10:06:51.383,1.35781,1.3579,1.12,1.12
2015.09.21 10:06:51.888,1.35784,1.3579,1.00,1.00
2015.09.21 10:06:52.421,1.35784,1.35791,1.00,1.00
2015.09.21 10:06:52.925,1.35784,1.3579,1.00,1.00
2015.09.21 10:06:53.249,1.35781,1.35789,1.12,1.00
2015.09.21 10:06:53.754,1.35781,1.35791,1.12,2.62
2015.09.21 10:06:55.154,1.35781,1.3579,1.00,1.47
2015.09.21 10:06:55.407,1.35778,1.35786,2.25,1.50
2015.09.21 10:06:56.208,1.35777,1.35785,1.50,1.00
2015.09.21 10:06:56.810,1.35776,1.35785,1.50,1.50
2015.09.21 10:06:56.861,1.35776,1.35784,1.50,1.00
2015.09.21 10:06:57.367,1.35775,1.35783,1.50,1.00
2015.09.21 10:06:57.886,1.35773,1.35783,3.00,1.00
2015.09.21 10:06:58.414,1.35773,1.35783,1.67,1.75
2015.09.21 10:06:58.465,1.35772,1.3578,1.60,1.00
2015.09.21 10:06:59.022,1.35771,1.35781,2.85,1.75
2015.09.21 10:06:59.728,1.35771,1.35779,2.10,1.12
2015.09.21 10:07:00.352,1.35771,1.35779,2.10,1.12
2015.09.21 10:07:03.529,1.35771,1.35781,1.87,1.12
2015.09.21 10:07:04.033,1.35771,1.35781,1.37,1.87
2015.09.21 10:07:05.690,1.35771,1.3578,1.12,1.12
2015.09.21 10:07:06.398,1.35778,1.35782,1.00,1.50
2015.09.21 10:07:06.449,1.35778,1.35786,1.00,1.12
2015.09.21 10:07:06.955,1.35778,1.35786,1.00,1.50
2015.09.21 10:07:07.460,1.35778,1.35785,1.00,1.00
2015.09.21 10:07:07.967,1.35778,1.35786,1.00,1.50
2015.09.21 10:07:08.469,1.35778,1.35785,1.00,1.00
2015.09.21 10:07:09.171,1.35778,1.35786,1.00,1.00
2015.09.21 10:07:10.732,1.35776,1.35787,1.12,1.75
2015.09.21 10:07:11.270,1.35776,1.35787,1.37,1.75
2015.09.21 10:07:13.887,1.35776,1.35787,1.87,1.87
2015.09.21 10:07:14.450,1.35776,1.35787,2.81,1.37
2015.09.21 10:07:15.248,1.35779,1.35787,1.00,1.12
2015.09.21 10:07:16.001,1.35779,1.35787,1.37,1.00
2015.09.21 10:07:16.304,1.3578,1.35789,1.62,1.00
2015.09.21 10:07:16.809,1.35782,1.3579,1.00,1.65
2015.09.21 10:07:17.416,1.35782,1.3579,1.12,1.10
2015.09.21 10:07:17.917,1.35783,1.35792,1.50,1.87
2015.09.21 10:07:18.170,1.35782,1.3579,1.10,1.00
2015.09.21 10:07:18.805,1.35782,1.3579,1.87,1.00
2015.09.21 10:07:19.833,1.35782,1.3579,1.87,1.00
2015.09.21 10:07:20.525,1.35783,1.35791,1.12,1.00
2015.09.21 10:07:21.293,1.35782,1.35792,1.50,1.87
2015.09.21 10:07:21.796,1.35782,1.35792,1.87,1.87
2015.09.21 10:07:22.612,1.35784,1.35792,1.00,1.87
2015.09.21 10:07:23.322,1.35783,1.35791,1.00,1.87
2015.09.21 10:07:24.546,1.35782,1.35787,1.00,1.00
2015.09.21 10:07:24.598,1.35778,1.35786,1.10,1.00
2015.09.21 10:07:25.103,1.35778,1.35789,1.87,1.20
2015.09.21 10:07:25.835,1.35778,1.3579,2.32,2.70
2015.09.21 10:07:26.779,1.35781,1.35789,1.00,1.12
2015.09.21 10:07:27.615,1.3578,1.35788,1.00,1.12
2015.09.21 10:07:28.904,1.35779,1.35785,1.00,1.87
2015.09.21 10:07:29.006,1.35775,1.35782,1.57,1.12
2015.09.21 10:07:29.681,1.35774,1.35782,1.35,1.00
2015.09.21 10:07:30.204,1.35773,1.35783,1.50,1.12
2015.09.21 10:07:30.718,1.35771,1.35782,1.12,2.25
2015.09.21 10:07:31.039,1.35769,1.3578,2.25,2.25
2015.09.21 10:07:31.568,1.35769,1.35781,2.62,3.60
2015.09.21 10:07:32.083,1.35771,1.3578,1.37,1.00
2015.09.21 10:07:33.488,1.35771,1.35781,1.12,1.12
2015.09.21 10:07:34.024,1.35772,1.3578,1.87,1.00
2015.09.21 10:07:34.654,1.3577,1.35778,1.95,1.00
2015.09.21 10:07:35.159,1.3577,1.35779,1.37,1.00
2015.09.21 10:07:35.692,1.3577,1.35779,1.00,3.37
2015.09.21 10:07:36.777,1.3577,1.35778,1.00,2.25
2015.09.21 10:07:37.202,1.35769,1.35776,1.00,1.37
2015.09.21 10:07:37.406,1.35765,1.35774,2.25,1.87
2015.09.21 10:07:37.507,1.35765,1.3577,1.00,1.00
2015.09.21 10:07:38.015,1.35763,1.3577,1.00,1.00
2015.09.21 10:07:38.538,1.35762,1.3577,1.67,1.87
2015.09.21 10:07:39.075,1.35762,1.3577,1.67,4.87
2015.09.21 10:07:39.441,1.35762,1.3577,1.35,1.87
2015.09.21 10:07:39.886,1.35762,1.35769,1.35,1.37
2015.09.21 10:07:40.424,1.35762,1.35769,1.60,1.87
2015.09.21 10:07:40.576,1.35762,1.35768,1.35,2.25
2015.09.21 10:07:40.628,1.35761,1.35765,1.35,1.00
2015.09.21 10:07:41.135,1.35762,1.35766,1.00,1.00
2015.09.21 10:07:41.600,1.35757,1.3576,1.50,1.00
2015.09.21 10:07:41.652,1.35757,1.3576,1.00,1.37
2015.09.21 10:07:41.703,1.35755,1.35757,1.50,1.00
2015.09.21 10:07:41.805,1.35753,1.3576,1.00,1.87
2015.09.21 10:07:42.159,1.35752,1.35761,1.37,1.95
2015.09.21 10:07:42.312,1.35752,1.35762,1.50,1.50
2015.09.21 10:07:42.731,1.35755,1.3576,1.00,1.10
2015.09.21 10:07:42.782,1.35752,1.35759,1.00,1.00
2015.09.21 10:07:42.935,1.35748,1.35755,1.12,1.00
2015.09.21 10:07:43.037,1.35746,1.35755,1.75,1.50
2015.09.21 10:07:43.138,1.35746,1.35755,1.50,1.00
2015.09.21 10:07:44.020,1.35744,1.35755,1.87,1.10
2015.09.21 10:07:44.815,1.35747,1.35755,1.00,2.70
2015.09.21 10:07:45.945,1.35747,1.35755,1.00,5.25
2015.09.21 10:07:45.997,1.35745,1.35753,1.00,1.20
2015.09.21 10:07:46.503,1.35745,1.35753,1.00,1.37
2015.09.21 10:07:46.655,1.35745,1.3575,1.00,1.00
2015.09.21 10:07:46.757,1.3574,1.3575,2.62,1.87
2015.09.21 10:07:47.304,1.3574,1.3575,1.50,3.75
2015.09.21 10:07:47.407,1.35739,1.35749,1.00,1.10
2015.09.21 10:07:47.912,1.35738,1.35749,1.12,1.47
2015.09.21 10:07:48.448,1.35741,1.35749,1.00,1.20
2015.09.21 10:07:48.931,1.35737,1.35745,2.32,1.37
2015.09.21 10:07:49.136,1.35737,1.35745,1.00,1.87
2015.09.21 10:07:49.679,1.35736,1.35744,1.00,1.12
2015.09.21 10:07:50.536,1.35735,1.35745,1.75,2.70
2015.09.21 10:07:51.055,1.35735,1.35745,2.62,1.12
2015.09.21 10:07:51.858,1.35735,1.35745,2.62,1.37
2015.09.21 10:07:54.069,1.35735,1.35746,1.75,3.37
2015.09.21 10:07:54.173,1.35736,1.35744,1.00,1.37
2015.09.21 10:07:54.580,1.35733,1.35743,1.95,1.37
2015.09.21 10:07:55.508,1.35731,1.35741,2.70,1.12
2015.09.21 10:07:56.118,1.35733,1.3574,1.12,1.00
2015.09.21 10:07:56.372,1.35737,1.35745,1.00,3.37
2015.09.21 10:07:56.424,1.35736,1.35745,1.75,3.00
2015.09.21 10:07:56.475,1.35739,1.35745,1.00,1.12
2015.09.21 10:07:56.758,1.35738,1.35745,1.12,1.87
2015.09.21 10:07:57.315,1.35741,1.35746,1.00,1.00
2015.09.21 10:07:57.619,1.35742,1.35749,1.00,1.12
2015.09.21 10:07:58.705,1.35742,1.35748,1.00,1.37
2015.09.21 10:07:58.757,1.3574,1.35747,1.00,1.87
2015.09.21 10:07:59.112,1.35739,1.35741,1.10,1.50
2015.09.21 10:07:59.163,1.35732,1.3574,1.75,1.50
2015.09.21 10:07:59.668,1.35731,1.3574,2.47,2.25
2015.09.21 10:08:00.073,1.35733,1.35741,2.05,1.95
2015.09.21 10:08:00.275,1.35734,1.3574,1.00,1.12
2015.09.21 10:08:00.800,1.35732,1.3574,1.67,1.12
2015.09.21 10:08:01.278,1.3573,1.35736,1.87,1.00
2015.09.21 10:08:01.610,1.35722,1.35725,1.00,1.00
2015.09.21 10:08:01.812,1.35718,1.35719,1.00,1.00
2015.09.21 10:08:01.863,1.35713,1.35717,2.25,1.37
2015.09.21 10:08:02.116,1.35708,1.35713,1.37,1.00
2015.09.21 10:08:02.218,1.35705,1.35714,3.22,1.50
2015.09.21 10:08:02.536,1.35705,1.35715,2.10,1.50
2015.09.21 10:08:03.451,1.35703,1.35715,1.20,3.45
2015.09.21 10:08:04.036,1.35701,1.35708,1.12,1.00
2015.09.21 10:08:05.661,1.35704,1.35708,1.37,1.00
2015.09.21 10:08:05.763,1.35705,1.35713,1.12,1.12
2015.09.21 10:08:05.865,1.35707,1.35713,1.00,1.37
2015.09.21 10:08:06.067,1.35706,1.35715,1.87,1.12
2015.09.21 10:08:06.270,1.35709,1.35717,1.00,1.50
2015.09.21 10:08:06.691,1.35706,1.35716,2.25,1.50
2015.09.21 10:08:06.794,1.35705,1.35714,1.47,1.00
2015.09.21 10:08:06.896,1.35704,1.35714,1.37,1.87
2015.09.21 10:08:07.488,1.35703,1.35711,1.50,1.00
2015.09.21 10:08:08.173,1.35701,1.35709,3.22,1.00
2015.09.21 10:08:08.681,1.35701,1.35709,1.10,1.87
2015.09.21 10:08:09.433,1.35701,1.35709,1.12,1.50
2015.09.21 10:08:09.939,1.35699,1.35709,2.01,1.37
2015.09.21 10:08:10.475,1.357,1.35708,1.07,1.12
2015.09.21 10:08:11.010,1.35701,1.35709,1.00,1.50
2015.09.21 10:08:11.485,1.35701,1.3571,1.87,1.12
2015.09.21 10:08:12.286,1.35703,1.35711,1.50,1.00
2015.09.21 10:08:12.793,1.35703,1.35711,1.50,1.50
2015.09.21 10:08:13.097,1.35701,1.35709,2.25,1.12
2015.09.21 10:08:13.900,1.35701,1.35709,1.12,1.50
2015.09.21 10:08:14.420,1.35701,1.35708,1.00,1.12
2015.09.21 10:08:17.560,1.35699,1.35708,1.50,1.00
2015.09.21 10:08:17.867,1.35704,1.3571,1.00,1.37
2015.09.21 10:08:17.970,1.35703,1.35711,1.00,1.00
2015.09.21 10:08:18.128,1.35703,1.35712,1.00,2.77
2015.09.21 10:08:18.701,1.35701,1.3571,1.50,1.00
2015.09.21 10:08:18.753,1.35703,1.35713,1.00,1.50
2015.09.21 10:08:19.347,1.35703,1.35713,1.00,1.37
2015.09.21 10:08:19.903,1.35703,1.35713,1.00,1.37
2015.09.21 10:08:20.947,1.35704,1.35711,1.00,1.00
2015.09.21 10:08:21.512,1.35706,1.35711,1.00,1.00
2015.09.21 10:08:22.821,1.35708,1.35712,1.00,1.50
2015.09.21 10:08:23.024,1.35708,1.35713,1.00,1.12
2015.09.21 10:08:23.847,1.35705,1.35713,1.12,1.75
2015.09.21 10:08:24.452,1.35705,1.35712,1.00,1.12
2015.09.21 10:08:24.980,1.35704,1.35712,1.95,1.37
2015.09.21 10:08:26.134,1.35704,1.35712,1.57,1.12
2015.09.21 10:08:26.644,1.35704,1.35712,1.12,1.37
2015.09.21 10:08:30.943,1.35704,1.35712,1.50,1.00
2015.09.21 10:08:33.202,1.35707,1.35713,1.37,1.00
2015.09.21 10:08:33.309,1.35708,1.35717,1.00,1.50
2015.09.21 10:08:33.817,1.35708,1.35716,1.50,1.00
2015.09.21 10:08:34.349,1.3571,1.35717,1.50,1.00
2015.09.21 10:08:34.869,1.3571,1.35718,1.50,1.50
2015.09.21 10:08:35.370,1.3571,1.35718,1.50,1.50
2015.09.21 10:08:35.675,1.35712,1.35722,1.37,2.05
2015.09.21 10:08:35.727,1.35711,1.3572,1.85,1.12
2015.09.21 10:08:35.829,1.35709,1.3572,3.00,3.60
2015.09.21 10:08:36.126,1.35709,1.35716,1.12,1.00
2015.09.21 10:08:36.534,1.35705,1.35715,3.07,1.87
2015.09.21 10:08:36.838,1.35708,1.35718,1.12,2.25
2015.09.21 10:08:37.408,1.3571,1.35717,1.00,1.12
2015.09.21 10:08:37.930,1.35707,1.35717,1.85,1.50
2015.09.21 10:08:38.440,1.35707,1.35715,1.57,1.00
2015.09.21 10:08:39.186,1.35708,1.35716,1.87,1.00
2015.09.21 10:08:39.711,1.35708,1.35716,1.00,1.50
2015.09.21 10:08:40.015,1.3571,1.35717,1.00,1.12
2015.09.21 10:08:40.651,1.3571,1.35719,1.12,1.37
2015.09.21 10:08:41.177,1.3571,1.35718,1.37,1.50
2015.09.21 10:08:41.481,1.35711,1.3572,1.95,3.00
2015.09.21 10:08:41.583,1.35711,1.35719,1.10,1.72
2015.09.21 10:08:41.786,1.35707,1.35715,1.10,1.50
2015.09.21 10:08:42.094,1.35705,1.35715,1.37,3.75
2015.09.21 10:08:42.145,1.35704,1.35713,1.87,1.12
2015.09.21 10:08:42.399,1.35704,1.35713,1.12,1.87
2015.09.21 10:08:42.771,1.35701,1.35709,1.10,1.00
2015.09.21 10:08:45.677,1.357,1.3571,1.50,1.37
2015.09.21 10:08:46.200,1.357,1.3571,2.25,1.50
2015.09.21 10:08:48.350,1.35701,1.35711,1.47,1.87
2015.09.21 10:08:49.267,1.35704,1.35712,1.00,1.87
2015.09.21 10:08:49.768,1.35704,1.35712,1.00,1.50
2015.09.21 10:08:50.421,1.35706,1.35714,1.57,1.00
2015.09.21 10:08:50.776,1.35705,1.35713,1.50,1.37
2015.09.21 10:08:51.283,1.35703,1.35711,1.50,1.12
2015.09.21 10:08:52.027,1.35703,1.35712,1.50,1.12
2015.09.21 10:08:52.533,1.35704,1.35712,1.50,1.87
2015.09.21 10:08:54.044,1.35704,1.35709,1.00,1.00
2015.09.21 10:08:54.415,1.35702,1.35711,1.12,1.75
2015.09.21 10:08:55.184,1.35702,1.35709,1.00,1.37
2015.09.21 10:08:55.286,1.35702,1.35709,1.00,1.12
2015.09.21 10:08:55.466,1.35702,1.35707,1.00,1.00
2015.09.21 10:08:55.517,1.357,1.35707,1.00,1.00
2015.09.21 10:08:55.619,1.35698,1.35704,1.00,1.50
2015.09.21 10:08:55.923,1.35692,1.35699,1.00,1.00
2015.09.21 10:08:56.125,1.3569,1.35698,1.20,1.12
2015.09.21 10:08:56.653,1.35688,1.35699,1.87,1.12
2015.09.21 10:08:57.578,1.35689,1.35699,1.37,1.00
2015.09.21 10:08:57.926,1.35689,1.35699,1.12,1.75
2015.09.21 10:08:58.429,1.35689,1.35699,1.00,1.50
2015.09.21 10:08:58.931,1.35689,1.35699,1.00,1.50
2015.09.21 10:09:00.010,1.35687,1.35695,1.87,1.00
2015.09.21 10:09:01.765,1.35687,1.35696,1.37,1.12
2015.09.21 10:09:02.268,1.35686,1.35695,1.37,1.12
2015.09.21 10:09:02.573,1.35689,1.35698,1.00,1.85
2015.09.21 10:09:02.675,1.35689,1.35696,1.50,1.00
2015.09.21 10:09:03.061,1.3569,1.35699,1.00,1.37
2015.09.21 10:09:03.593,1.3569,1.35699,1.37,1.00
2015.09.21 10:09:03.918,1.35689,1.35697,1.50,1.97
2015.09.21 10:09:04.171,1.35689,1.35697,1.00,1.00
2015.09.21 10:09:04.603,1.35692,1.357,1.00,1.10
2015.09.21 10:09:04.908,1.35692,1.35703,2.25,1.12
2015.09.21 10:09:06.400,1.35694,1.35704,1.95,1.00
2015.09.21 10:09:06.904,1.35694,1.35704,1.95,1.00
2015.09.21 10:09:08.507,1.35697,1.35705,1.10,2.25
2015.09.21 10:09:09.668,1.35696,1.35705,1.12,2.10
2015.09.21 10:09:09.972,1.35695,1.35703,1.00,1.12
2015.09.21 10:09:10.124,1.35692,1.357,1.12,1.12
2015.09.21 10:09:10.675,1.35692,1.35702,1.00,1.37
2015.09.21 10:09:11.433,1.35693,1.35703,1.00,2.25
2015.09.21 10:09:11.484,1.35693,1.35703,1.47,1.50
2015.09.21 10:09:11.535,1.35696,1.35703,1.00,1.00
2015.09.21 10:09:16.234,1.35696,1.35704,1.00,1.12
2015.09.21 10:09:16.740,1.35697,1.35705,1.10,1.87
2015.09.21 10:09:17.965,1.35696,1.35704,1.12,1.00
2015.09.21 10:09:18.527,1.35697,1.35705,1.00,1.87
2015.09.21 10:09:19.593,1.35695,1.35706,3.00,2.62
2015.09.21 10:09:20.259,1.35695,1.35705,3.00,1.50
2015.09.21 10:09:20.361,1.35698,1.35707,1.12,1.50
2015.09.21 10:09:20.666,1.35699,1.35705,1.00,1.00
2015.09.21 10:09:21.172,1.357,1.35705,1.00,1.00
2015.09.21 10:09:21.678,1.35697,1.35706,1.37,2.10
2015.09.21 10:09:22.223,1.35697,1.35705,1.00,1.00
2015.09.21 10:09:23.351,1.35697,1.35705,1.00,2.10
2015.09.21 10:09:23.857,1.35696,1.35705,1.12,1.30
2015.09.21 10:09:24.617,1.35697,1.35705,1.12,2.10
2015.09.21 10:09:25.236,1.35698,1.35706,1.00,2.47
2015.09.21 10:09:25.338,1.35696,1.35705,1.12,1.60
2015.09.21 10:09:25.877,1.35696,1.35706,1.37,1.72
2015.09.21 10:09:26.232,1.35696,1.35705,1.12,1.12
2015.09.21 10:09:26.485,1.35699,1.35709,1.37,1.50
2015.09.21 10:09:27.835,1.35699,1.35709,1.37,2.10
2015.09.21 10:09:28.189,1.35696,1.35707,1.75,1.72
2015.09.21 10:09:29.780,1.35698,1.35707,1.00,1.00
2015.09.21 10:09:29.882,1.35697,1.35708,1.75,1.12
2015.09.21 10:09:30.388,1.35701,1.35708,1.00,1.00
2015.09.21 10:09:31.056,1.35702,1.3571,1.87,1.00
2015.09.21 10:09:31.107,1.35702,1.35713,1.87,1.87
2015.09.21 10:09:32.536,1.35702,1.35713,1.95,2.25
2015.09.21 10:09:33.138,1.35703,1.35712,1.37,1.00
2015.09.21 10:09:34.290,1.35705,1.35713,1.00,1.10
2015.09.21 10:09:34.392,1.35707,1.35715,1.00,3.37
2015.09.21 10:09:35.438,1.35704,1.35715,1.75,2.70
2015.09.21 10:09:35.907,1.35706,1.35711,1.00,1.00
2015.09.21 10:09:36.261,1.35701,1.3571,3.00,1.00
2015.09.21 10:09:36.847,1.35701,1.35713,3.37,1.12
2015.09.21 10:09:37.353,1.35704,1.35712,1.00,1.47
2015.09.21 10:09:37.858,1.35703,1.35711,1.00,1.37
2015.09.21 10:09:38.083,1.35702,1.35712,1.00,1.57
2015.09.21 10:09:38.617,1.35702,1.35712,1.00,1.57
2015.09.21 10:09:39.389,1.357,1.3571,1.12,1.87
2015.09.21 10:09:40.033,1.35699,1.35707,2.62,1.00
2015.09.21 10:09:40.490,1.35699,1.35709,3.00,1.00
2015.09.21 10:09:40.798,1.35699,1.35709,1.87,1.00
2015.09.21 10:09:41.305,1.357,1.35708,1.00,1.12
2015.09.21 10:09:41.712,1.35698,1.35708,1.95,1.12
2015.09.21 10:09:42.355,1.35699,1.35707,1.12,1.00
2015.09.21 10:09:42.975,1.35698,1.35706,1.50,1.00
2015.09.21 10:09:47.499,1.35699,1.35709,1.37,2.02
2015.09.21 10:09:47.603,1.35702,1.35711,1.00,1.20
2015.09.21 10:09:48.277,1.35702,1.35713,1.47,1.20
2015.09.21 10:09:48.986,1.35702,1.35714,1.95,2.40
2015.09.21 10:09:49.527,1.35702,1.35714,1.47,3.07
2015.09.21 10:09:50.060,1.35702,1.35712,1.10,1.07
2015.09.21 10:09:50.111,1.35701,1.35712,3.00,1.45
2015.09.21 10:09:50.518,1.35699,1.35707,1.95,1.00
2015.09.21 10:09:51.418,1.35699,1.35707,1.00,1.00
2015.09.21 10:09:51.855,1.35697,1.35705,2.25,1.00
2015.09.21 10:09:52.177,1.35696,1.35706,1.12,1.75
2015.09.21 10:09:52.692,1.35696,1.35705,1.12,1.00
2015.09.21 10:09:56.002,1.35696,1.35706,2.05,1.00
2015.09.21 10:09:57.206,1.35696,1.35705,2.05,1.00
2015.09.21 10:09:57.459,1.35695,1.35705,3.00,2.25
2015.09.21 10:09:57.965,1.35695,1.35705,1.12,4.12
2015.09.21 10:09:58.707,1.35693,1.35701,1.00,1.00
2015.09.21 10:09:59.490,1.35693,1.35701,1.37,1.00
2015.09.21 10:10:00.397,1.35693,1.35701,1.37,1.00
2015.09.21 10:10:00.651,1.35696,1.35705,1.50,2.25
2015.09.21 10:10:01.158,1.35695,1.35703,1.87,1.00
2015.09.21 10:10:01.749,1.35695,1.35706,1.12,2.62
2015.09.21 10:10:03.029,1.35695,1.35705,1.87,2.25
2015.09.21 10:10:03.487,1.357,1.35708,1.00,1.50
2015.09.21 10:10:03.740,1.357,1.3571,1.37,3.97
2015.09.21 10:10:04.347,1.357,1.3571,1.12,1.50
2015.09.21 10:10:08.319,1.357,1.3571,1.87,1.50
2015.09.21 10:10:08.624,1.35702,1.35711,1.12,1.12
2015.09.21 10:10:09.321,1.35702,1.35713,2.62,2.25
2015.09.21 10:10:10.636,1.35702,1.35713,2.62,2.25
2015.09.21 10:10:10.839,1.35702,1.35705,1.00,2.10
2015.09.21 10:10:10.941,1.35701,1.35705,1.57,1.80
2015.09.21 10:10:11.220,1.35701,1.35705,1.10,1.72
2015.09.21 10:10:11.271,1.35699,1.35702,1.00,1.00
2015.09.21 10:10:11.423,1.35698,1.35704,1.00,1.12
2015.09.21 10:10:11.576,1.35695,1.35702,1.50,1.50
2015.09.21 10:10:11.829,1.35694,1.35702,1.50,2.25
2015.09.21 10:10:12.513,1.35695,1.35702,1.00,3.00
2015.09.21 10:10:13.453,1.35694,1.35697,1.12,2.10
2015.09.21 10:10:13.554,1.35694,1.35697,1.12,1.00
2015.09.21 10:10:13.757,1.3569,1.35698,2.62,2.10
2015.09.21 10:10:13.808,1.3569,1.357,2.62,3.22
2015.09.21 10:10:14.011,1.35691,1.35699,1.50,3.60
2015.09.21 10:10:14.062,1.3569,1.35698,2.62,1.60
2015.09.21 10:10:14.474,1.35692,1.35697,1.37,2.47
2015.09.21 10:10:14.929,1.35692,1.357,1.87,3.22
2015.09.21 10:10:15.232,1.35693,1.35701,1.12,1.50
2015.09.21 10:10:15.972,1.35693,1.35701,1.00,2.10
2015.09.21 10:10:16.727,1.35693,1.35701,1.00,4.35
2015.09.21 10:10:16.829,1.3569,1.35699,1.75,2.47
2015.09.21 10:10:17.359,1.35691,1.35699,1.00,1.30
2015.09.21 10:10:17.567,1.35691,1.35699,1.00,1.72
2015.09.21 10:10:18.116,1.35691,1.35699,1.12,1.35
2015.09.21 10:10:18.421,1.35691,1.35695,1.12,1.50
2015.09.21 10:10:18.623,1.35688,1.35696,1.00,3.20
2015.09.21 10:10:18.775,1.35687,1.35692,1.50,2.07
2015.09.21 10:10:19.029,1.35683,1.35688,1.00,1.57
2015.09.21 10:10:19.715,1.35681,1.35688,2.62,1.60
2015.09.21 10:10:19.817,1.35682,1.35688,1.12,1.35
2015.09.21 10:10:19.868,1.35682,1.35688,1.37,1.35
2015.09.21 10:10:19.970,1.35682,1.35688,1.50,1.60
2015.09.21 10:10:20.537,1.35681,1.35688,1.12,1.60
2015.09.21 10:10:20.790,1.35682,1.35688,1.37,1.60
2015.09.21 10:10:21.345,1.35682,1.35688,1.12,1.60
2015.09.21 10:10:21.849,1.35683,1.35688,1.00,1.60
2015.09.21 10:10:22.352,1.35682,1.35688,1.12,1.35
2015.09.21 10:10:22.910,1.35683,1.35688,1.00,1.35
2015.09.21 10:10:23.868,1.35683,1.35689,1.00,1.00
2015.09.21 10:10:24.171,1.35686,1.35693,1.37,1.50
2015.09.21 10:10:24.685,1.35686,1.35694,1.37,1.35
2015.09.21 10:10:25.439,1.35686,1.35694,1.37,1.60
2015.09.21 10:10:25.978,1.35686,1.35694,1.37,1.35
2015.09.21 10:10:26.308,1.35686,1.35691,1.00,2.10
2015.09.21 10:10:26.751,1.35684,1.35691,1.12,3.97
2015.09.21 10:10:27.258,1.35684,1.35691,1.00,3.22
2015.09.21 10:10:27.770,1.35683,1.35691,1.87,3.22
2015.09.21 10:10:28.293,1.35684,1.35691,1.00,3.22
2015.09.21 10:10:28.837,1.35684,1.3569,1.00,2.10
2015.09.21 10:10:29.457,1.35684,1.35691,1.00,3.22
2015.09.21 10:10:30.007,1.35684,1.35691,1.00,2.47
2015.09.21 10:10:30.058,1.35684,1.35691,1.00,1.87
2015.09.21 10:10:30.210,1.35684,1.35691,1.37,3.00
2015.09.21 10:10:30.902,1.35684,1.35692,1.37,1.00
2015.09.21 10:10:31.055,1.35684,1.35694,1.75,1.35
2015.09.21 10:10:31.208,1.35686,1.35694,1.37,1.35
2015.09.21 10:10:31.410,1.35687,1.35695,1.12,2.10
2015.09.21 10:10:32.120,1.35688,1.35696,1.50,1.35
2015.09.21 10:10:32.638,1.35689,1.35696,2.62,2.10
2015.09.21 10:10:32.840,1.3569,1.35698,1.37,1.56
2015.09.21 10:10:32.942,1.3569,1.35699,1.37,1.68
2015.09.21 10:10:33.514,1.35692,1.357,1.50,1.50
2015.09.21 10:10:34.064,1.35692,1.357,1.50,1.35
2015.09.21 10:10:34.410,1.35689,1.35697,1.00,3.15
2015.09.21 10:10:34.663,1.35688,1.35695,1.00,2.85
2015.09.21 10:10:34.866,1.35685,1.35694,1.50,2.47
2015.09.21 10:10:35.193,1.35684,1.3569,1.00,2.10
2015.09.21 10:10:36.051,1.35684,1.3569,1.50,4.35
2015.09.21 10:10:36.855,1.35684,1.3569,1.00,4.35
2015.09.21 10:10:38.131,1.35684,1.35691,1.50,4.72
2015.09.21 10:10:38.650,1.35685,1.35689,1.00,1.60
2015.09.21 10:10:38.853,1.35682,1.3569,3.37,1.60
2015.09.21 10:10:39.358,1.35682,1.35689,2.25,2.10
2015.09.21 10:10:40.606,1.35682,1.35689,2.25,1.60
2015.09.21 10:10:41.112,1.35682,1.3569,2.25,3.60
2015.09.21 10:10:41.642,1.35682,1.3569,2.25,2.10
2015.09.21 10:10:42.276,1.35682,1.35689,2.25,2.10
2015.09.21 10:10:42.937,1.35683,1.35689,1.00,1.60
2015.09.21 10:10:43.980,1.35682,1.3569,1.50,2.10
2015.09.21 10:10:44.295,1.35682,1.3569,1.50,4.35
2015.09.21 10:10:44.653,1.35682,1.35689,1.50,1.00
2015.09.21 10:10:44.704,1.35682,1.35689,1.12,1.00
2015.09.21 10:10:44.856,1.35683,1.35691,1.12,1.50
2015.09.21 10:10:48.364,1.35682,1.3569,1.37,2.10
2015.09.21 10:10:48.517,1.35681,1.3569,2.62,2.10
2015.09.21 10:10:49.649,1.35681,1.35687,1.00,2.47
2015.09.21 10:10:49.700,1.35679,1.35686,1.50,2.10
2015.09.21 10:10:50.235,1.35679,1.35688,1.50,2.85
2015.09.21 10:10:50.438,1.35679,1.35688,2.62,3.22
2015.09.21 10:10:51.453,1.35679,1.35686,1.37,1.60
2015.09.21 10:10:51.555,1.35679,1.35686,2.62,1.00
2015.09.21 10:10:51.657,1.3568,1.35689,1.00,2.55
2015.09.21 10:10:51.809,1.35682,1.35689,1.00,1.60
2015.09.21 10:10:52.316,1.35682,1.35689,2.25,1.30
2015.09.21 10:10:52.877,1.35683,1.3569,1.00,5.85
2015.09.21 10:10:53.273,1.35683,1.3569,1.50,3.60
2015.09.21 10:10:53.576,1.35683,1.3569,1.50,2.10
2015.09.21 10:10:53.627,1.35686,1.35691,1.00,1.37
2015.09.21 10:10:53.830,1.35689,1.35698,1.87,3.00
2015.09.21 10:10:54.378,1.35692,1.35701,1.37,2.10
2015.09.21 10:10:54.431,1.35692,1.35701,1.37,1.72
2015.09.21 10:10:56.401,1.35694,1.35701,1.00,1.30
2015.09.21 10:10:56.907,1.35693,1.35702,1.12,1.35
2015.09.21 10:10:57.865,1.35693,1.35701,1.12,1.30
2015.09.21 10:10:58.414,1.35694,1.35702,1.00,3.22
2015.09.21 10:10:59.039,1.35692,1.357,1.37,2.10
2015.09.21 10:10:59.191,1.35692,1.357,1.50,2.10
2015.09.21 10:11:00.253,1.35694,1.35703,1.12,2.47
2015.09.21 10:11:01.255,1.35695,1.35703,1.50,2.47
2015.09.21 10:11:02.176,1.35695,1.35703,1.50,2.47
2015.09.21 10:11:02.741,1.35695,1.35703,1.50,2.47
2015.09.21 10:11:03.488,1.35696,1.35703,1.50,2.10
2015.09.21 10:11:03.541,1.35697,1.35705,1.37,1.37
2015.09.21 10:11:03.899,1.35701,1.35707,1.00,2.62
2015.09.21 10:11:04.158,1.35701,1.35708,1.12,1.67
2015.09.21 10:11:04.816,1.35701,1.35708,1.50,1.67
2015.09.21 10:11:05.741,1.35702,1.35708,1.00,1.30
2015.09.21 10:11:06.380,1.35703,1.3571,1.00,3.22
2015.09.21 10:11:06.922,1.35702,1.3571,2.25,1.60
2015.09.21 10:11:07.915,1.35702,1.3571,1.87,3.60
2015.09.21 10:11:08.438,1.35702,1.3571,1.37,3.60
2015.09.21 10:11:08.742,1.35704,1.35711,1.12,1.72
2015.09.21 10:11:08.995,1.35705,1.35715,2.62,2.47
2015.09.21 10:11:09.722,1.35708,1.35716,1.87,2.47
2015.09.21 10:11:09.874,1.35708,1.35716,1.87,4.72
2015.09.21 10:11:10.430,1.35708,1.35716,1.50,1.12
2015.09.21 10:11:11.158,1.35709,1.35717,1.37,1.00
2015.09.21 10:11:11.729,1.35709,1.35717,1.37,1.00
2015.09.21 10:11:12.147,1.35709,1.35717,1.12,1.00
2015.09.21 10:11:13.337,1.35708,1.35718,1.87,1.72
2015.09.21 10:11:15.852,1.35709,1.35717,1.50,1.30
2015.09.21 10:11:16.473,1.3571,1.35717,1.12,1.35
2015.09.21 10:11:16.524,1.35709,1.35716,1.00,2.10
2015.09.21 10:11:16.627,1.35708,1.35715,1.37,1.30
2015.09.21 10:11:16.678,1.35708,1.35715,1.00,2.10
2015.09.21 10:11:17.237,1.35706,1.35714,1.50,1.72
2015.09.21 10:11:18.379,1.35706,1.35715,1.12,1.30
2015.09.21 10:11:18.760,1.35708,1.35716,1.37,1.60
2015.09.21 10:11:20.089,1.35708,1.35716,1.37,1.35
2015.09.21 10:11:20.292,1.35705,1.35713,1.37,1.35
2015.09.21 10:11:20.394,1.35704,1.35712,1.00,1.12
2015.09.21 10:11:20.647,1.35703,1.35711,1.37,1.35
2015.09.21 10:11:20.749,1.35701,1.35711,1.75,1.30
2015.09.21 10:11:20.952,1.357,1.35712,3.45,1.97
2015.09.21 10:11:21.370,1.35703,1.35711,1.00,1.35
2015.09.21 10:11:21.421,1.35703,1.35711,1.00,1.60
2015.09.21 10:11:21.876,1.35705,1.35712,1.00,2.10
2015.09.21 10:11:22.029,1.35705,1.35713,1.37,2.25
2015.09.21 10:11:22.080,1.35706,1.35713,1.37,1.50
2015.09.21 10:11:22.181,1.35705,1.35714,1.12,1.00
2015.09.21 10:11:22.283,1.35709,1.35716,1.00,3.22
2015.09.21 10:11:22.651,1.35706,1.35715,1.12,2.10
2015.09.21 10:11:22.804,1.35705,1.35713,1.50,2.10
2015.09.21 10:11:22.906,1.35705,1.35711,1.00,2.10
2015.09.21 10:11:23.160,1.35702,1.35712,2.25,3.60
2015.09.21 10:11:23.588,1.35701,1.35709,1.00,1.35
2015.09.21 10:11:24.264,1.35701,1.35709,1.37,1.35
2015.09.21 10:11:24.796,1.35703,1.3571,1.12,1.35
2015.09.21 10:11:25.744,1.35703,1.3571,1.37,2.10
2015.09.21 10:11:26.277,1.35703,1.35711,1.00,2.10
2015.09.21 10:11:26.988,1.35703,1.35709,1.37,1.00
2015.09.21 10:11:27.349,1.35701,1.35703,1.37,1.00
2015.09.21 10:11:27.703,1.35705,1.35711,1.00,1.30
2015.09.21 10:11:28.254,1.35706,1.35712,1.12,1.72
2015.09.21 10:11:28.305,1.35706,1.35712,1.37,1.12
2015.09.21 10:11:29.113,1.3571,1.35716,1.75,1.37
2015.09.21 10:11:29.165,1.35713,1.3572,1.00,1.30
2015.09.21 10:11:29.677,1.35711,1.3572,1.75,1.67
2015.09.21 10:11:30.193,1.35713,1.35721,1.87,1.37
2015.09.21 10:11:30.346,1.35714,1.35722,1.37,1.12
2015.09.21 10:11:30.896,1.35715,1.35722,2.25,1.00
2015.09.21 10:11:31.213,1.35716,1.35722,1.37,1.60
2015.09.21 10:11:31.314,1.35716,1.35723,1.12,3.22
2015.09.21 10:11:32.062,1.35715,1.35722,1.00,3.60
2015.09.21 10:11:32.318,1.35713,1.35721,1.00,1.35
2015.09.21 10:11:32.895,1.35711,1.35719,1.12,1.72
2015.09.21 10:11:32.946,1.35711,1.35717,1.50,1.00
2015.09.21 10:11:33.380,1.35707,1.35715,1.20,1.30
2015.09.21 10:11:33.431,1.35706,1.35713,1.37,1.00
2015.09.21 10:11:33.987,1.35705,1.35713,1.00,1.50
2015.09.21 10:11:34.391,1.35704,1.35711,2.25,1.00
2015.09.21 10:11:35.330,1.35704,1.35713,1.50,1.12
2015.09.21 10:11:35.871,1.35704,1.35712,1.50,1.00
2015.09.21 10:11:36.589,1.35704,1.35713,1.12,1.12
2015.09.21 10:11:37.209,1.35704,1.35712,1.00,1.00
2015.09.21 10:11:37.689,1.35703,1.35711,3.37,1.30
2015.09.21 10:11:38.429,1.357,1.35706,1.37,1.00
2015.09.21 10:11:38.488,1.357,1.35706,1.00,1.72
2015.09.21 10:11:38.743,1.35695,1.35705,3.00,1.97
2015.09.21 10:11:38.845,1.35695,1.35704,1.50,1.30
2015.09.21 10:11:38.946,1.35695,1.35705,1.50,2.07
2015.09.21 10:11:39.452,1.35696,1.35703,1.00,1.00
2015.09.21 10:11:39.994,1.35696,1.35704,1.00,2.05
2015.09.21 10:11:40.548,1.35696,1.35704,1.12,2.05
2015.09.21 10:11:40.751,1.35695,1.35704,1.37,1.37
2015.09.21 10:11:41.457,1.35695,1.35705,1.12,1.42
2015.09.21 10:11:41.977,1.35695,1.35705,1.87,1.67
2015.09.21 10:11:42.513,1.35699,1.35703,1.00,1.00
2015.09.21 10:11:42.816,1.35705,1.35711,1.00,1.87
2015.09.21 10:11:43.340,1.35704,1.3571,1.00,1.00
2015.09.21 10:11:43.946,1.35705,1.35711,1.00,1.30
2015.09.21 10:11:44.483,1.35705,1.35712,1.00,1.35
2015.09.21 10:11:44.996,1.35705,1.35712,1.00,1.67
2015.09.21 10:11:45.520,1.35704,1.35711,1.00,2.47
2015.09.21 10:11:45.673,1.357,1.3571,3.45,2.10
2015.09.21 10:11:45.925,1.357,1.35708,1.12,1.60
2015.09.21 10:11:46.650,1.35699,1.35708,2.25,1.35
2015.09.21 10:11:47.182,1.357,1.35708,1.00,1.35
2015.09.21 10:11:47.694,1.357,1.35707,1.00,1.00
2015.09.21 10:11:48.743,1.35699,1.35707,2.62,1.00
2015.09.21 10:11:49.286,1.357,1.35707,1.00,1.00
2015.09.21 10:11:50.704,1.357,1.35707,1.87,1.35
2015.09.21 10:11:51.009,1.35696,1.35705,2.25,1.37
2015.09.21 10:11:51.060,1.35696,1.35705,1.12,3.00
2015.09.21 10:11:51.262,1.35694,1.35702,1.00,1.00
2015.09.21 10:11:51.415,1.35691,1.35699,1.12,1.00
2015.09.21 10:11:52.153,1.35692,1.35698,1.00,1.00
2015.09.21 10:11:52.668,1.35691,1.35699,1.50,1.00
2015.09.21 10:11:53.232,1.35691,1.35699,2.62,1.00
2015.09.21 10:11:54.129,1.35692,1.35699,1.50,1.00
2015.09.21 10:11:54.332,1.35692,1.35701,1.37,1.00
2015.09.21 10:11:54.985,1.35692,1.35702,1.50,1.42
2015.09.21 10:11:55.526,1.35693,1.35701,1.00,1.00
2015.09.21 10:11:56.164,1.35693,1.35701,1.87,1.00
2015.09.21 10:11:56.265,1.35693,1.35701,1.50,1.60
2015.09.21 10:11:56.808,1.35692,1.35698,1.50,1.00
2015.09.21 10:11:57.705,1.35691,1.35698,1.87,1.00
2015.09.21 10:11:58.706,1.35693,1.357,1.37,1.00
2015.09.21 10:11:59.242,1.35693,1.35701,1.87,1.35
2015.09.21 10:11:59.646,1.35696,1.35702,1.37,1.00
2015.09.21 10:11:59.749,1.35696,1.35704,1.00,2.47
2015.09.21 10:11:59.851,1.35694,1.35702,1.50,1.00
2015.09.21 10:12:00.204,1.35694,1.357,1.00,1.00
2015.09.21 10:12:00.660,1.35692,1.35699,2.25,1.00
2015.09.21 10:12:00.964,1.35692,1.35699,1.37,1.00
2015.09.21 10:12:01.066,1.35693,1.35701,1.37,1.00
2015.09.21 10:12:01.849,1.35693,1.35701,1.37,1.00
2015.09.21 10:12:02.219,1.35692,1.357,1.50,2.47
2015.09.21 10:12:02.372,1.3569,1.35698,5.25,1.00
2015.09.21 10:12:02.877,1.35692,1.35697,1.00,1.00
2015.09.21 10:12:03.382,1.35691,1.35697,1.00,1.00
2015.09.21 10:12:04.655,1.35691,1.35696,1.00,1.00
2015.09.21 10:12:04.807,1.35689,1.35696,1.50,1.00
2015.09.21 10:12:05.010,1.35688,1.35695,1.12,1.50
2015.09.21 10:12:05.314,1.35687,1.3569,1.37,1.00
2015.09.21 10:12:06.287,1.35687,1.3569,1.12,1.00
2015.09.21 10:12:07.033,1.35687,1.35691,1.12,1.00
2015.09.21 10:12:07.580,1.35687,1.3569,1.12,1.00
2015.09.21 10:12:08.223,1.35688,1.3569,1.00,1.00
2015.09.21 10:12:08.756,1.35689,1.35691,1.00,1.00
2015.09.21 10:12:09.117,1.35687,1.35689,1.00,1.00
2015.09.21 10:12:09.219,1.35685,1.35688,1.95,1.00
2015.09.21 10:12:09.271,1.35685,1.3569,1.00,1.50
2015.09.21 10:12:09.567,1.35683,1.3569,1.87,1.87
2015.09.21 10:12:09.618,1.3568,1.35688,1.37,1.30
2015.09.21 10:12:10.124,1.3568,1.35688,1.12,1.00
2015.09.21 10:12:10.805,1.35679,1.35687,1.50,1.00
2015.09.21 10:12:11.163,1.35679,1.35686,1.00,1.60
2015.09.21 10:12:11.468,1.35678,1.35682,1.12,2.10
2015.09.21 10:12:11.716,1.35676,1.35682,1.57,2.47
2015.09.21 10:12:12.367,1.35675,1.35682,1.00,1.35
2015.09.21 10:12:12.418,1.35674,1.35678,1.00,2.10
2015.09.21 10:12:12.925,1.35675,1.35678,1.00,2.10
2015.09.21 10:12:13.330,1.35675,1.35681,1.12,1.67
2015.09.21 10:12:13.382,1.35675,1.35682,1.50,1.75
2015.09.21 10:12:13.726,1.35682,1.35688,1.00,1.60
2015.09.21 10:12:13.979,1.3568,1.35687,2.25,2.10
2015.09.21 10:12:14.484,1.35679,1.35686,1.50,1.35
2015.09.21 10:12:14.891,1.35679,1.35685,1.00,1.60
2015.09.21 10:12:15.396,1.35678,1.35685,1.37,1.30
2015.09.21 10:12:16.356,1.35681,1.35687,2.25,1.42
2015.09.21 10:12:16.559,1.35683,1.3569,1.12,1.37
2015.09.21 10:12:16.711,1.35683,1.35691,2.62,1.35
2015.09.21 10:12:17.247,1.35683,1.3569,1.87,1.30
2015.09.21 10:12:17.748,1.35683,1.35689,1.87,1.00
2015.09.21 10:12:18.103,1.35683,1.35688,1.37,1.00
2015.09.21 10:12:18.734,1.35686,1.35692,1.12,2.05
2015.09.21 10:12:18.888,1.35686,1.35691,1.12,1.35
2015.09.21 10:12:19.609,1.35686,1.35691,1.37,1.30
2015.09.21 10:12:20.249,1.35684,1.3569,1.50,1.35
2015.09.21 10:12:20.301,1.35682,1.35688,1.00,1.60
2015.09.21 10:12:20.861,1.35681,1.35688,2.70,1.60
2015.09.21 10:12:21.063,1.35683,1.35689,1.00,1.35
2015.09.21 10:12:21.569,1.35684,1.35691,1.00,1.35
2015.09.21 10:12:22.075,1.35685,1.35691,1.00,1.35
2015.09.21 10:12:22.654,1.35684,1.3569,1.87,1.00
2015.09.21 10:12:23.159,1.35682,1.35691,1.12,1.67
2015.09.21 10:12:23.665,1.3568,1.3569,4.57,1.35
2015.09.21 10:12:24.120,1.35681,1.3569,1.37,1.35
2015.09.21 10:12:25.178,1.3568,1.35688,1.39,1.67
2015.09.21 10:12:25.229,1.35679,1.35686,1.12,2.47
2015.09.21 10:12:25.381,1.35679,1.35686,1.10,2.10
2015.09.21 10:12:25.483,1.35677,1.35684,1.12,1.37
2015.09.21 10:12:26.425,1.35675,1.35683,1.50,1.50
2015.09.21 10:12:26.881,1.35674,1.35683,1.50,2.25
2015.09.21 10:12:28.438,1.35674,1.35683,1.12,1.87
2015.09.21 10:12:29.091,1.35674,1.35683,1.50,1.50
2015.09.21 10:12:29.626,1.35673,1.35683,1.87,1.87
2015.09.21 10:12:30.449,1.35673,1.3568,2.25,1.30
2015.09.21 10:12:31.037,1.35673,1.35681,2.25,1.35
2015.09.21 10:12:31.548,1.35673,1.35681,2.25,1.60
2015.09.21 10:12:32.921,1.35673,1.35681,2.25,1.60
2015.09.21 10:12:34.480,1.35673,1.3568,1.50,1.35
2015.09.21 10:12:35.010,1.35674,1.3568,1.00,2.10
2015.09.21 10:12:35.550,1.35673,1.35678,1.00,1.00
2015.09.21 10:12:35.652,1.35671,1.35677,1.00,1.00
2015.09.21 10:12:36.004,1.35673,1.3568,1.12,2.10
2015.09.21 10:12:36.308,1.35671,1.35677,1.50,2.47
2015.09.21 10:12:37.210,1.35671,1.35677,1.37,2.85
2015.09.21 10:12:38.003,1.35672,1.35676,1.12,2.10
2015.09.21 10:12:38.054,1.35658,1.35664,1.00,1.00
2015.09.21 10:12:38.105,1.35658,1.35664,1.00,1.37
2015.09.21 10:12:38.409,1.35653,1.35663,1.12,1.87
2015.09.21 10:12:39.029,1.35651,1.35659,1.12,1.00
2015.09.21 10:12:39.484,1.3565,1.35657,2.62,1.00
2015.09.21 10:12:40.342,1.35651,1.35659,1.37,1.37
2015.09.21 10:12:40.848,1.3565,1.35659,3.45,1.00
2015.09.21 10:12:41.910,1.35652,1.35658,1.00,1.00
2015.09.21 10:12:42.222,1.35648,1.35656,4.31,1.12
2015.09.21 10:12:42.527,1.35643,1.3565,3.00,1.35
2015.09.21 10:12:43.000,1.35645,1.35649,1.87,1.00
2015.09.21 10:12:43.101,1.35647,1.35654,2.25,1.00
2015.09.21 10:12:43.203,1.35649,1.35657,1.50,1.00
2015.09.21 10:12:43.963,1.3565,1.35659,1.00,1.37
2015.09.21 10:12:44.015,1.35647,1.35655,1.75,1.00
2015.09.21 10:12:44.521,1.35649,1.35656,1.00,1.00
2015.09.21 10:12:44.893,1.35652,1.35656,1.00,1.00
2015.09.21 10:12:45.298,1.3565,1.35656,3.00,2.47
2015.09.21 10:12:45.742,1.35652,1.35659,1.00,1.72
2015.09.21 10:12:46.368,1.35653,1.35658,1.00,1.00
2015.09.21 10:12:46.672,1.35654,1.3566,1.00,1.50
2015.09.21 10:12:46.926,1.35656,1.3566,1.00,1.00
2015.09.21 10:12:47.077,1.35656,1.35664,1.00,1.37
2015.09.21 10:12:47.179,1.35656,1.35662,1.00,1.60
2015.09.21 10:12:47.691,1.35657,1.35664,1.00,1.12
2015.09.21 10:12:48.197,1.35656,1.35662,1.00,1.60
2015.09.21 10:12:48.399,1.35654,1.35661,1.87,2.10
2015.09.21 10:12:49.146,1.35654,1.35661,1.00,1.72
2015.09.21 10:12:49.651,1.35653,1.35661,2.32,2.10
2015.09.21 10:12:50.590,1.35654,1.35662,1.00,3.60
2015.09.21 10:12:51.097,1.35652,1.35659,2.25,1.00
2015.09.21 10:12:51.821,1.35652,1.3566,1.00,1.72
2015.09.21 10:12:51.872,1.35651,1.35659,1.00,3.22
2015.09.21 10:12:52.400,1.3565,1.35658,1.50,1.67
2015.09.21 10:12:52.910,1.3565,1.35657,1.50,1.12
2015.09.21 10:12:53.413,1.3565,1.35657,1.50,1.37
2015.09.21 10:12:55.137,1.3565,1.35657,1.12,1.00
2015.09.21 10:12:55.441,1.35647,1.35654,2.62,1.30
2015.09.21 10:12:55.593,1.35648,1.35656,1.37,1.12
2015.09.21 10:12:56.098,1.35651,1.35658,1.00,2.62
2015.09.21 10:12:56.619,1.35651,1.35658,1.00,3.60
2015.09.21 10:12:58.266,1.3565,1.35657,1.12,1.00
2015.09.21 10:12:59.013,1.35652,1.35657,1.00,1.00
2015.09.21 10:12:59.266,1.35652,1.35659,1.00,1.12
2015.09.21 10:12:59.986,1.3565,1.35658,1.87,1.00
2015.09.21 10:13:00.518,1.3565,1.35658,1.87,1.00
2015.09.21 10:13:01.025,1.35651,1.35661,1.75,1.80
2015.09.21 10:13:01.578,1.35654,1.35661,1.12,1.35
2015.09.21 10:13:02.085,1.35652,1.35661,1.12,1.72
2015.09.21 10:13:02.390,1.35651,1.35657,1.87,2.47
2015.09.21 10:13:02.940,1.35651,1.35657,1.37,2.47
2015.09.21 10:13:03.570,1.3565,1.35657,4.12,2.47
2015.09.21 10:13:04.095,1.3565,1.35656,3.75,1.60
2015.09.21 10:13:04.910,1.35652,1.35656,1.00,1.35
2015.09.21 10:13:05.924,1.35652,1.35657,1.12,2.10
2015.09.21 10:13:06.475,1.35651,1.35656,1.37,2.85
2015.09.21 10:13:06.526,1.3565,1.35655,1.87,1.72
2015.09.21 10:13:06.678,1.35646,1.35652,1.50,1.30
2015.09.21 10:13:06.729,1.35646,1.35652,1.00,1.60
2015.09.21 10:13:07.249,1.35643,1.3565,1.50,1.60
2015.09.21 10:13:07.841,1.35643,1.35651,1.87,1.72
2015.09.21 10:13:07.892,1.35643,1.35651,1.87,1.72
2015.09.21 10:13:08.394,1.35643,1.3565,1.50,1.72
2015.09.21 10:13:09.372,1.35644,1.3565,1.00,1.35
2015.09.21 10:13:09.424,1.35642,1.3565,1.75,1.35
2015.09.21 10:13:10.770,1.35642,1.3565,1.87,1.72
2015.09.21 10:13:10.823,1.35642,1.3565,1.87,3.22
2015.09.21 10:13:10.924,1.35642,1.3565,1.87,1.72
2015.09.21 10:13:11.127,1.35642,1.3565,1.87,3.22
2015.09.21 10:13:11.659,1.35643,1.35651,1.75,1.60
2015.09.21 10:13:12.187,1.35644,1.35651,1.12,1.60
2015.09.21 10:13:12.341,1.35645,1.35651,1.50,1.00
2015.09.21 10:13:12.392,1.35645,1.35653,1.87,1.35
2015.09.21 10:13:12.494,1.35647,1.35653,1.37,1.30
2015.09.21 10:13:12.897,1.35648,1.35654,1.37,1.00
2015.09.21 10:13:13.645,1.35645,1.35654,2.25,2.05
2015.09.21 10:13:13.696,1.35645,1.35654,1.87,2.47
2015.09.21 10:13:14.195,1.35644,1.35652,1.12,1.37
2015.09.21 10:13:14.246,1.35644,1.35652,1.12,3.97
2015.09.21 10:13:14.550,1.35643,1.35651,1.37,1.00
2015.09.21 10:13:15.452,1.35644,1.35651,1.00,2.10
2015.09.21 10:13:15.655,1.35639,1.35648,2.62,1.35
2015.09.21 10:13:16.333,1.35636,1.35645,1.12,1.67
2015.09.21 10:13:16.536,1.35636,1.35644,1.12,1.72
2015.09.21 10:13:16.587,1.35635,1.35644,1.37,2.10
2015.09.21 10:13:17.105,1.35634,1.35644,1.50,2.85
2015.09.21 10:13:17.687,1.35642,1.35643,2.25,1.00
2015.09.21 10:13:17.741,1.35645,1.35652,1.37,1.37
2015.09.21 10:13:17.792,1.35645,1.35654,1.37,2.10
2015.09.21 10:13:18.198,1.35647,1.35656,1.37,1.35
2015.09.21 10:13:18.688,1.35651,1.35658,1.00,1.30
2015.09.21 10:13:19.194,1.35651,1.35659,1.12,3.22
2015.09.21 10:13:19.457,1.35651,1.35659,1.00,1.00
2015.09.21 10:13:19.972,1.35652,1.35659,1.00,1.30
2015.09.21 10:13:20.542,1.35651,1.3566,1.75,3.22
2015.09.21 10:13:21.602,1.35652,1.35661,1.12,2.47
2015.09.21 10:13:22.107,1.35652,1.35661,1.87,1.67
2015.09.21 10:13:22.411,1.35651,1.35658,1.37,1.00
2015.09.21 10:13:22.513,1.3565,1.35658,1.87,1.60
2015.09.21 10:13:23.403,1.3565,1.35658,2.25,1.35
2015.09.21 10:13:23.605,1.35651,1.3566,1.12,1.72
2015.09.21 10:13:23.657,1.35652,1.3566,1.50,1.12
2015.09.21 10:13:24.231,1.35653,1.35661,1.87,1.00
2015.09.21 10:13:24.737,1.35654,1.35662,1.37,1.67
2015.09.21 10:13:25.459,1.35655,1.35662,1.00,1.35
2015.09.21 10:13:26.199,1.35653,1.35663,1.75,1.75
2015.09.21 10:13:26.301,1.35655,1.35661,2.25,1.00
2015.09.21 10:13:26.405,1.35659,1.35665,1.00,1.12
2015.09.21 10:13:26.506,1.35659,1.35667,1.00,2.10
2015.09.21 10:13:26.760,1.35657,1.35664,1.50,1.35
2015.09.21 10:13:27.269,1.35657,1.35665,1.12,1.35
2015.09.21 10:13:27.472,1.35655,1.35663,1.12,1.00
2015.09.21 10:13:27.523,1.35654,1.35663,1.12,1.87
2015.09.21 10:13:27.827,1.35651,1.35659,1.12,1.00
2015.09.21 10:13:28.556,1.3565,1.35657,2.25,1.00
2015.09.21 10:13:29.065,1.35651,1.35657,1.00,1.37
2015.09.21 10:13:29.532,1.35649,1.35657,1.75,1.37
2015.09.21 10:13:29.990,1.35652,1.35659,1.50,1.00
2015.09.21 10:13:30.523,1.35652,1.35659,1.50,1.37
2015.09.21 10:13:31.029,1.35652,1.35659,1.50,1.12
2015.09.21 10:13:31.712,1.35651,1.35659,2.62,1.37
2015.09.21 10:13:32.233,1.3565,1.35658,1.87,1.12
2015.09.21 10:13:32.451,1.3565,1.35657,2.25,1.00
2015.09.21 10:13:32.962,1.35649,1.35656,1.50,1.00
2015.09.21 10:13:33.329,1.35646,1.35651,1.37,2.10
2015.09.21 10:13:33.389,1.35646,1.3565,1.00,2.47
2015.09.21 10:13:33.440,1.35646,1.35651,1.00,2.05
2015.09.21 10:13:33.697,1.35645,1.35651,1.12,1.30
2015.09.21 10:13:34.729,1.35645,1.35651,2.62,1.30
2015.09.21 10:13:34.935,1.35645,1.35652,3.00,1.00
2015.09.21 10:13:35.087,1.35646,1.35654,1.37,1.00
2015.09.21 10:13:38.276,1.35647,1.35655,1.50,1.12
2015.09.21 10:13:38.836,1.35648,1.35654,1.00,1.12
2015.09.21 10:13:39.544,1.35648,1.35656,1.75,1.67
2015.09.21 10:13:39.646,1.35651,1.35658,1.50,1.00
2015.09.21 10:13:40.152,1.35651,1.3566,1.87,1.57
2015.09.21 10:13:40.355,1.35651,1.3566,2.25,1.20
2015.09.21 10:13:40.658,1.35652,1.3566,1.37,1.80
2015.09.21 10:13:41.266,1.35654,1.35661,1.37,1.12
2015.09.21 10:13:41.368,1.35654,1.35661,1.50,1.00
2015.09.21 10:13:42.354,1.35655,1.35662,1.87,1.30
2015.09.21 10:13:42.758,1.35656,1.35663,3.37,1.00
2015.09.21 10:13:42.911,1.35659,1.35665,1.47,1.00
2015.09.21 10:13:43.729,1.3566,1.35666,1.00,1.12
2015.09.21 10:13:43.781,1.35656,1.35664,1.50,1.97
2015.09.21 10:13:43.882,1.35654,1.3566,3.07,1.37
2015.09.21 10:13:44.035,1.35651,1.3566,1.50,1.75
2015.09.21 10:13:44.187,1.35651,1.35658,1.12,1.12
2015.09.21 10:13:44.902,1.35649,1.35657,1.50,1.12
2015.09.21 10:13:45.410,1.35649,1.35656,1.37,1.00
2015.09.21 10:13:46.254,1.35648,1.35656,1.85,1.00
2015.09.21 10:13:46.789,1.35648,1.35655,1.57,1.00
2015.09.21 10:13:47.901,1.35646,1.35654,3.00,1.00
2015.09.21 10:13:48.407,1.35646,1.35654,1.37,1.87
2015.09.21 10:13:48.458,1.35646,1.35654,1.00,1.87
2015.09.21 10:13:48.509,1.35643,1.35651,3.00,1.00
2015.09.21 10:13:48.611,1.35641,1.3565,1.37,2.25
2015.09.21 10:13:48.662,1.3564,1.35649,1.50,1.35
2015.09.21 10:13:48.713,1.35638,1.35645,1.00,2.10
2015.09.21 10:13:49.093,1.35626,1.35633,1.50,1.37
2015.09.21 10:13:49.599,1.35624,1.35631,2.62,1.00
2015.09.21 10:13:49.701,1.35623,1.35631,2.62,1.00
2015.09.21 10:13:50.353,1.35625,1.35631,1.00,1.00
2015.09.21 10:13:50.860,1.35625,1.35632,1.00,1.00
2015.09.21 10:13:51.011,1.35625,1.35633,1.87,1.00
2015.09.21 10:13:51.113,1.35625,1.35635,1.87,1.00
2015.09.21 10:13:52.931,1.35625,1.35633,1.50,1.12
2015.09.21 10:13:53.236,1.35623,1.3563,1.37,1.00
2015.09.21 10:13:53.733,1.35626,1.35633,1.87,1.00
2015.09.21 10:13:54.244,1.35626,1.35634,1.12,1.00
2015.09.21 10:13:54.345,1.35625,1.35631,1.12,1.00
2015.09.21 10:13:55.027,1.35626,1.35634,1.00,2.10
2015.09.21 10:13:55.078,1.35626,1.35633,1.12,1.00
2015.09.21 10:13:55.337,1.35628,1.35633,1.00,1.00
2015.09.21 10:13:55.438,1.3563,1.35636,1.00,1.10
2015.09.21 10:13:55.489,1.35628,1.35638,1.00,1.85
2015.09.21 10:13:55.980,1.35628,1.35639,1.37,1.12
2015.09.21 10:13:56.523,1.3563,1.35638,1.87,1.00
2015.09.21 10:13:56.826,1.35631,1.3564,1.37,1.00
2015.09.21 10:13:57.380,1.35631,1.35641,1.37,1.00
2015.09.21 10:13:58.056,1.3563,1.35642,3.00,1.75
2015.09.21 10:13:59.740,1.35632,1.3564,1.37,1.00
2015.09.21 10:14:00.544,1.35633,1.35641,1.12,1.00
2015.09.21 10:14:00.922,1.35634,1.35643,1.37,2.25
2015.09.21 10:14:01.074,1.35637,1.35645,1.87,1.00
2015.09.21 10:14:01.746,1.35638,1.35646,1.00,2.70
2015.09.21 10:14:01.798,1.35635,1.35645,1.87,1.50
2015.09.21 10:14:02.338,1.35636,1.35645,1.37,1.12
2015.09.21 10:14:03.733,1.35635,1.35643,3.00,1.00
2015.09.21 10:14:05.565,1.35635,1.35643,2.25,1.00
2015.09.21 10:14:06.074,1.35635,1.35644,1.00,1.75
2015.09.21 10:14:06.277,1.35632,1.3564,1.12,1.00
2015.09.21 10:14:06.975,1.3563,1.3564,1.50,2.25
2015.09.21 10:14:07.493,1.3563,1.3564,1.50,2.25
2015.09.21 10:14:08.153,1.35629,1.35637,1.50,1.00
2015.09.21 10:14:08.624,1.35627,1.35634,1.50,1.00
2015.09.21 10:14:08.675,1.35627,1.35634,1.37,1.00
2015.09.21 10:14:09.232,1.35625,1.35634,3.00,1.72
2015.09.21 10:14:09.333,1.35625,1.35632,1.12,1.30
2015.09.21 10:14:09.384,1.35627,1.35633,1.00,1.67
2015.09.21 10:14:10.259,1.35627,1.35633,1.00,1.15
2015.09.21 10:14:10.767,1.35627,1.35635,1.00,2.32
2015.09.21 10:14:11.462,1.35625,1.35634,1.95,1.20
2015.09.21 10:14:11.974,1.35625,1.35633,1.20,1.75
2015.09.21 10:14:12.482,1.35623,1.35632,1.12,1.82
2015.09.21 10:14:13.009,1.35623,1.35631,1.12,1.15
2015.09.21 10:14:13.731,1.35621,1.35631,1.50,2.17
2015.09.21 10:14:14.035,1.35618,1.35626,2.32,1.00
2015.09.21 10:14:14.700,1.35617,1.35625,1.00,1.00
2015.09.21 10:14:14.751,1.35615,1.35625,1.87,1.50
2015.09.21 10:14:15.259,1.35616,1.35624,1.87,1.00
2015.09.21 10:14:16.079,1.35617,1.35625,1.12,1.50
2015.09.21 10:14:16.434,1.35617,1.35626,1.12,1.12
2015.09.21 10:14:16.940,1.35616,1.35627,3.37,1.75
2015.09.21 10:14:17.595,1.35619,1.35627,1.00,1.00
2015.09.21 10:14:18.603,1.35618,1.35628,1.12,1.12
2015.09.21 10:14:20.254,1.3562,1.35628,1.12,1.50
2015.09.21 10:14:20.356,1.35618,1.35626,1.00,1.00
2015.09.21 10:14:20.886,1.35616,1.35626,1.10,1.50
2015.09.21 10:14:21.404,1.35616,1.35625,1.00,1.00
2015.09.21 10:14:21.916,1.35616,1.35626,1.12,2.25
2015.09.21 10:14:22.467,1.35616,1.35625,1.37,1.00
2015.09.21 10:14:23.424,1.35616,1.35626,1.37,1.50
2015.09.21 10:14:24.195,1.35618,1.35626,1.37,1.50
2015.09.21 10:14:24.681,1.35619,1.35628,1.12,1.12
2015.09.21 10:14:25.187,1.35619,1.35627,1.12,1.50
2015.09.21 10:14:25.238,1.35619,1.35625,1.12,1.00
2015.09.21 10:14:25.766,1.35619,1.35626,1.12,1.00
2015.09.21 10:14:26.343,1.35619,1.35625,1.12,1.00
2015.09.21 10:14:27.002,1.35617,1.35625,1.12,1.00
2015.09.21 10:14:27.418,1.35617,1.35627,1.12,2.25
2015.09.21 10:14:27.469,1.35616,1.35629,1.20,2.25
2015.09.21 10:14:29.367,1.35619,1.35629,1.37,3.52
2015.09.21 10:14:30.716,1.35619,1.35629,1.50,1.50
2015.09.21 10:14:31.180,1.3562,1.3563,3.75,1.87
2015.09.21 10:14:31.232,1.35621,1.35629,1.00,1.00
2015.09.21 10:14:31.384,1.35623,1.35631,1.00,2.25
2015.09.21 10:14:31.689,1.3562,1.35629,1.00,1.00
2015.09.21 10:14:32.208,1.35619,1.35629,1.12,1.12
2015.09.21 10:14:32.309,1.35618,1.35626,1.47,1.00
2015.09.21 10:14:32.984,1.35618,1.35629,1.12,1.50
2015.09.21 10:14:33.412,1.3562,1.35628,1.87,1.10
2015.09.21 10:14:33.514,1.35622,1.3563,1.12,1.57
2015.09.21 10:14:33.716,1.3562,1.35628,1.12,1.12
2015.09.21 10:14:33.767,1.35618,1.35628,1.20,1.95
2015.09.21 10:14:34.383,1.35616,1.35626,1.12,1.50
2015.09.21 10:14:34.699,1.35617,1.35625,1.37,1.00
2015.09.21 10:14:35.237,1.35617,1.35625,1.50,1.00
2015.09.21 10:14:37.032,1.35617,1.35628,1.20,1.75
2015.09.21 10:14:37.581,1.3562,1.35628,1.00,1.87
2015.09.21 10:14:38.150,1.35617,1.35627,1.20,1.00
2015.09.21 10:14:38.455,1.35617,1.35625,1.00,2.25
2015.09.21 10:14:39.009,1.35615,1.35625,2.25,2.25
2015.09.21 10:14:40.060,1.35615,1.35625,1.87,2.25
2015.09.21 10:14:40.465,1.35617,1.35628,1.12,2.62
2015.09.21 10:14:40.973,1.35615,1.35626,1.20,2.25
2015.09.21 10:14:41.024,1.35615,1.35623,1.00,1.00
2015.09.21 10:14:41.430,1.35612,1.35622,1.37,1.37
2015.09.21 10:14:41.902,1.35611,1.35622,1.20,2.40
2015.09.21 10:14:42.055,1.35611,1.35619,1.20,1.00
2015.09.21 10:14:42.446,1.35611,1.35619,1.37,1.00
2015.09.21 10:14:42.598,1.35614,1.35622,1.00,1.00
2015.09.21 10:14:43.198,1.35615,1.35622,1.00,1.00
2015.09.21 10:14:43.856,1.35614,1.35622,2.25,1.00
2015.09.21 10:14:44.384,1.35615,1.35623,1.00,1.00
2015.09.21 10:14:44.536,1.35613,1.35623,1.50,1.12
2015.09.21 10:14:44.688,1.35613,1.35621,1.00,1.00
2015.09.21 10:14:44.840,1.35614,1.35622,1.37,1.37
2015.09.21 10:14:44.941,1.35615,1.35623,1.00,1.20
2015.09.21 10:14:45.929,1.35615,1.35624,1.50,1.87
2015.09.21 10:14:46.434,1.35614,1.35624,1.00,2.62
2015.09.21 10:14:46.971,1.35615,1.35623,1.12,1.00
2015.09.21 10:14:47.324,1.35614,1.35623,1.00,1.37
2015.09.21 10:14:47.848,1.35613,1.35621,1.00,1.00
2015.09.21 10:14:48.352,1.35613,1.35623,1.37,1.75
2015.09.21 10:14:48.996,1.35614,1.35622,1.12,1.00
2015.09.21 10:14:49.594,1.35614,1.35622,1.37,1.00
2015.09.21 10:14:49.847,1.35613,1.35621,1.12,1.00
2015.09.21 10:14:50.368,1.3561,1.35621,2.62,3.00
2015.09.21 10:14:50.520,1.3561,1.35619,2.25,1.00
2015.09.21 10:14:51.026,1.3561,1.35618,1.12,1.10
2015.09.21 10:14:51.998,1.3561,1.35618,1.37,1.10
2015.09.21 10:14:52.443,1.35608,1.35618,1.12,1.95
2015.09.21 10:14:52.495,1.35607,1.35618,1.20,1.75
2015.09.21 10:14:53.000,1.35607,1.35618,2.10,1.75
2015.09.21 10:14:53.152,1.35611,1.35618,1.00,1.00
2015.09.21 10:14:53.668,1.35611,1.35619,1.00,1.00
2015.09.21 10:14:54.203,1.35611,1.35618,1.00,1.00
2015.09.21 10:14:54.772,1.35611,1.35619,1.00,1.50
2015.09.21 10:14:57.319,1.35611,1.35619,2.62,1.00
2015.09.21 10:14:57.623,1.35615,1.35622,1.37,1.00
2015.09.21 10:14:58.154,1.35615,1.35623,1.37,1.00
2015.09.21 10:14:59.080,1.35615,1.35623,1.12,1.00
2015.09.21 10:14:59.601,1.35615,1.35623,1.50,1.00
2015.09.21 10:15:00.135,1.35617,1.35624,1.00,1.50
2015.09.21 10:15:00.614,1.35614,1.35624,1.37,1.50
2015.09.21 10:15:00.868,1.35617,1.35625,1.00,2.62
2015.09.21 10:15:01.579,1.35617,1.35625,1.00,1.80
2015.09.21 10:15:02.081,1.35616,1.35624,1.00,1.00
2015.09.21 10:15:02.975,1.35616,1.35624,1.00,1.37
2015.09.21 10:15:03.671,1.35615,1.35623,1.00,1.00
2015.09.21 10:15:05.480,1.35616,1.35623,1.00,1.00
2015.09.21 10:15:06.591,1.35616,1.35623,1.00,1.37
2015.09.21 10:15:06.961,1.35614,1.3562,1.00,1.00
2015.09.21 10:15:07.467,1.35614,1.35622,1.12,1.37
2015.09.21 10:15:08.642,1.35614,1.3562,1.00,1.00
2015.09.21 10:15:09.151,1.35614,1.35621,1.00,1.00
2015.09.21 10:15:09.253,1.35614,1.35622,2.25,1.00
2015.09.21 10:15:09.354,1.35616,1.35624,1.12,1.50
2015.09.21 10:15:10.033,1.35616,1.35624,1.37,1.00
2015.09.21 10:15:10.539,1.35616,1.35626,1.12,1.50
2015.09.21 10:15:11.149,1.35617,1.35625,1.12,2.62
2015.09.21 10:15:12.862,1.35618,1.35625,1.00,1.50
2015.09.21 10:15:12.964,1.35616,1.35624,1.12,1.00
2015.09.21 10:15:14.859,1.35616,1.35624,1.37,1.00
2015.09.21 10:15:15.373,1.35616,1.35624,1.12,1.00
2015.09.21 10:15:20.328,1.35614,1.35624,2.62,1.50
2015.09.21 10:15:21.204,1.35615,1.35624,1.87,1.00
2015.09.21 10:15:22.389,1.35615,1.35624,1.37,1.37
2015.09.21 10:15:22.754,1.35615,1.35621,1.00,1.12
2015.09.21 10:15:23.841,1.35612,1.35622,1.87,1.87
2015.09.21 10:15:24.465,1.35615,1.35624,1.00,2.25
2015.09.21 10:15:25.002,1.35615,1.35624,1.37,1.37
2015.09.21 10:15:26.115,1.35616,1.35625,1.00,1.75
2015.09.21 10:15:27.722,1.35616,1.35625,1.50,1.87
2015.09.21 10:15:28.077,1.35618,1.35626,1.00,1.80
2015.09.21 10:15:28.937,1.3562,1.35628,3.00,1.00
2015.09.21 10:15:29.394,1.35621,1.35629,1.00,1.60
2015.09.21 10:15:30.067,1.35618,1.35627,1.37,1.00
2015.09.21 10:15:30.573,1.35617,1.35627,1.50,1.37
2015.09.21 10:15:31.083,1.35617,1.35627,1.37,1.50
2015.09.21 10:15:31.658,1.35617,1.35627,1.87,1.50
2015.09.21 10:15:31.933,1.35618,1.35629,1.75,1.87
2015.09.21 10:15:32.503,1.35624,1.35629,1.37,1.30
2015.09.21 10:15:32.554,1.35625,1.35632,1.12,1.00
2015.09.21 10:15:32.918,1.35626,1.35635,1.50,3.22
2015.09.21 10:15:33.439,1.35626,1.35635,2.25,1.67
2015.09.21 10:15:33.961,1.35627,1.35635,1.00,1.72
2015.09.21 10:15:34.492,1.35627,1.35635,1.00,1.72
2015.09.21 10:15:35.065,1.35627,1.35635,1.00,1.72
2015.09.21 10:15:35.589,1.35627,1.35635,1.00,1.60
2015.09.21 10:15:35.931,1.35625,1.35633,1.57,1.35
2015.09.21 10:15:36.749,1.35625,1.35634,2.25,2.25
2015.09.21 10:15:36.901,1.35625,1.35629,1.00,1.00
2015.09.21 10:15:37.532,1.35624,1.35634,1.87,1.95
2015.09.21 10:15:38.039,1.35625,1.35633,1.12,1.00
2015.09.21 10:15:39.029,1.35625,1.35633,1.00,1.72
2015.09.21 10:15:40.689,1.35625,1.3563,1.00,1.00
2015.09.21 10:15:41.199,1.35624,1.35631,1.00,1.00
2015.09.21 10:15:41.749,1.35623,1.35631,1.50,1.00
2015.09.21 10:15:42.232,1.35625,1.35631,1.00,1.00
2015.09.21 10:15:42.593,1.35621,1.3563,1.50,1.12
2015.09.21 10:15:42.694,1.35624,1.35631,1.00,1.87
2015.09.21 10:15:42.846,1.35625,1.35633,2.25,1.00
2015.09.21 10:15:43.523,1.35626,1.35633,1.10,1.00
2015.09.21 10:15:43.827,1.3563,1.35634,1.00,1.00
2015.09.21 10:15:44.360,1.35629,1.35634,1.00,1.72
2015.09.21 10:15:45.030,1.3563,1.35635,1.12,1.50
2015.09.21 10:15:45.132,1.35631,1.35636,1.00,1.12
2015.09.21 10:15:45.234,1.35635,1.35638,1.00,1.12
2015.09.21 10:15:45.774,1.35635,1.35639,1.00,1.00
2015.09.21 10:15:46.737,1.35635,1.35637,1.00,1.00
2015.09.21 10:15:46.788,1.35629,1.35635,1.00,1.00
2015.09.21 10:15:46.991,1.35627,1.35634,1.50,1.00
2015.09.21 10:15:47.143,1.35629,1.35634,1.00,1.35
2015.09.21 10:15:47.713,1.3563,1.35634,1.00,1.35
2015.09.21 10:15:48.392,1.35629,1.35634,1.00,1.35
2015.09.21 10:15:48.900,1.3563,1.35634,1.00,1.35
2015.09.21 10:15:49.446,1.35629,1.35634,1.00,1.35
2015.09.21 10:15:50.038,1.3563,1.35634,1.00,1.35
2015.09.21 10:15:50.451,1.3563,1.35634,1.00,1.72
2015.09.21 10:15:51.126,1.35629,1.35632,1.00,1.00
2015.09.21 10:15:51.476,1.35625,1.35632,1.00,1.37
2015.09.21 10:15:51.847,1.35625,1.3563,1.00,1.87
2015.09.21 10:15:52.366,1.35624,1.35629,1.00,1.00
2015.09.21 10:15:53.083,1.35625,1.3563,1.00,1.50
2015.09.21 10:15:53.636,1.35625,1.35629,1.00,1.37
2015.09.21 10:15:53.690,1.35621,1.35629,1.12,1.37
2015.09.21 10:15:54.196,1.3562,1.35629,1.87,1.37
2015.09.21 10:15:55.030,1.3562,1.35629,1.50,1.75
2015.09.21 10:15:55.553,1.3562,1.35625,1.00,1.00
2015.09.21 10:15:56.451,1.35619,1.35626,1.00,1.50
2015.09.21 10:15:56.755,1.35619,1.35626,1.37,1.00
2015.09.21 10:15:57.913,1.35619,1.35626,1.50,1.00
2015.09.21 10:15:58.238,1.35625,1.35631,1.00,1.12
2015.09.21 10:15:58.757,1.35625,1.3563,1.00,1.00
2015.09.21 10:15:59.745,1.35625,1.35631,1.50,1.00
2015.09.21 10:16:00.597,1.35625,1.35632,1.00,1.00
2015.09.21 10:16:01.161,1.35625,1.35631,1.00,1.00
2015.09.21 10:16:01.696,1.35624,1.35632,3.75,1.00
2015.09.21 10:16:02.203,1.35625,1.35633,2.25,1.00
2015.09.21 10:16:03.041,1.35625,1.35633,1.37,1.37
2015.09.21 10:16:03.345,1.35625,1.35631,1.37,1.37
2015.09.21 10:16:03.601,1.3563,1.35636,1.00,1.37
2015.09.21 10:16:04.273,1.3563,1.35639,1.12,1.50
2015.09.21 10:16:04.775,1.3563,1.35639,1.00,2.47
2015.09.21 10:16:04.978,1.3563,1.35636,1.00,2.10
2015.09.21 10:16:05.029,1.35627,1.35636,1.00,2.10
2015.09.21 10:16:05.471,1.35625,1.35636,2.62,3.60
2015.09.21 10:16:05.725,1.35629,1.35638,1.50,1.50
2015.09.21 10:16:06.233,1.3563,1.35639,1.00,1.37
2015.09.21 10:16:06.386,1.3563,1.35638,1.87,1.00
2015.09.21 10:16:06.799,1.35635,1.3564,1.00,2.10
2015.09.21 10:16:06.901,1.35632,1.35641,1.12,2.10
2015.09.21 10:16:08.108,1.35633,1.3564,1.00,1.72
2015.09.21 10:16:08.159,1.35633,1.3564,1.00,3.97
2015.09.21 10:16:08.683,1.35631,1.35639,1.75,1.00
2015.09.21 10:16:09.204,1.35632,1.35639,1.00,1.00
2015.09.21 10:16:10.536,1.35631,1.35639,1.50,1.00
2015.09.21 10:16:11.322,1.35631,1.35639,1.50,1.00
2015.09.21 10:16:12.013,1.35631,1.35639,1.00,1.00
2015.09.21 10:16:15.064,1.3563,1.35638,1.37,1.12
2015.09.21 10:16:16.045,1.3563,1.35638,1.12,1.12
2015.09.21 10:16:16.802,1.35628,1.35638,1.37,1.20
2015.09.21 10:16:17.442,1.3563,1.35638,1.50,1.37
2015.09.21 10:16:17.493,1.3563,1.35638,1.87,1.00
2015.09.21 10:16:18.551,1.3563,1.35638,1.87,1.12
2015.09.21 10:16:18.754,1.3563,1.35638,1.12,1.87
2015.09.21 10:16:19.813,1.35629,1.35639,1.00,2.47
2015.09.21 10:16:20.314,1.35627,1.35639,1.37,3.00
2015.09.21 10:16:23.684,1.35627,1.35635,1.12,1.00
2015.09.21 10:16:24.191,1.35625,1.35637,1.87,2.70
2015.09.21 10:16:24.938,1.35625,1.35637,1.87,2.70
2015.09.21 10:16:26.593,1.35626,1.35636,1.12,1.12
2015.09.21 10:16:26.998,1.35628,1.35637,1.00,1.12
2015.09.21 10:16:29.080,1.35628,1.35636,1.12,1.00
2015.09.21 10:16:29.385,1.35631,1.35639,1.00,1.12
2015.09.21 10:16:29.638,1.35631,1.35639,1.12,1.12
2015.09.21 10:16:30.386,1.35631,1.35639,1.12,1.72
2015.09.21 10:16:30.539,1.35633,1.35639,1.60,1.00
2015.09.21 10:16:30.743,1.35637,1.35645,2.62,1.00
2015.09.21 10:16:31.097,1.35635,1.35645,1.87,1.50
2015.09.21 10:16:31.198,1.35634,1.35645,4.50,1.12
2015.09.21 10:16:31.796,1.35633,1.35644,1.00,1.87
2015.09.21 10:16:32.315,1.35633,1.35644,1.37,1.87
2015.09.21 10:16:34.580,1.35633,1.35644,1.37,1.12
2015.09.21 10:16:35.264,1.35633,1.35644,1.50,1.12
2015.09.21 10:16:36.228,1.35634,1.35642,1.12,1.00
2015.09.21 10:16:36.873,1.35636,1.35644,1.12,1.12
2015.09.21 10:16:38.195,1.35636,1.35644,1.87,1.00
2015.09.21 10:16:38.297,1.35639,1.35647,1.00,1.10
2015.09.21 10:16:38.829,1.3564,1.35647,1.00,1.00
2015.09.21 10:16:39.435,1.35639,1.35647,2.25,1.00
2015.09.21 10:16:39.957,1.35639,1.35649,1.12,1.75
2015.09.21 10:16:40.471,1.3564,1.35646,1.00,1.00
2015.09.21 10:16:40.992,1.35639,1.35646,1.12,1.00
2015.09.21 10:16:41.093,1.3564,1.35646,1.37,1.00
2015.09.21 10:16:41.195,1.3564,1.3565,1.50,2.25
2015.09.21 10:16:41.549,1.35637,1.35647,1.12,1.37
2015.09.21 10:16:42.201,1.35636,1.35645,1.50,1.87
2015.09.21 10:16:42.253,1.35633,1.35642,1.12,1.75
2015.09.21 10:16:42.609,1.3563,1.3564,3.75,1.75
2015.09.21 10:16:45.525,1.3563,1.35637,1.00,1.12
2015.09.21 10:16:46.262,1.35629,1.35637,1.00,1.12
2015.09.21 10:16:46.821,1.3563,1.35638,1.00,3.97
2015.09.21 10:16:47.548,1.35627,1.35637,1.00,1.75
2015.09.21 10:16:47.838,1.35626,1.35636,1.00,3.15
2015.09.21 10:16:48.378,1.35626,1.35634,1.87,1.00
2015.09.21 10:16:48.429,1.35627,1.35636,1.37,1.00
2015.09.21 10:16:49.731,1.35628,1.35638,2.62,1.37
2015.09.21 10:16:49.833,1.35628,1.35638,2.62,1.12
2015.09.21 10:16:50.355,1.3563,1.35639,1.12,1.00
2015.09.21 10:16:50.407,1.3563,1.35639,1.12,1.67
2015.09.21 10:16:51.180,1.35631,1.35641,1.37,2.05
2015.09.21 10:16:51.919,1.35631,1.3564,1.37,1.67
2015.09.21 10:16:52.555,1.35631,1.3564,1.00,1.35
2015.09.21 10:16:53.062,1.35629,1.35637,1.37,1.00
2015.09.21 10:16:53.755,1.35629,1.35637,1.12,1.00
2015.09.21 10:16:54.129,1.35629,1.35637,1.50,1.00
2015.09.21 10:16:55.355,1.3563,1.35638,1.37,1.00
2015.09.21 10:16:56.344,1.3563,1.35638,1.50,1.00
2015.09.21 10:16:56.445,1.3563,1.35638,1.50,1.00
2015.09.21 10:16:57.176,1.3563,1.35638,1.12,1.00
2015.09.21 10:16:57.705,1.35629,1.35637,1.50,1.00
2015.09.21 10:16:58.625,1.35631,1.3564,1.37,2.10
2015.09.21 10:16:59.458,1.35631,1.3564,1.37,1.50
2015.09.21 10:17:00.179,1.35633,1.3564,1.37,2.10
2015.09.21 10:17:00.233,1.35632,1.35639,1.00,1.67
2015.09.21 10:17:00.385,1.3563,1.3564,2.62,2.25
2015.09.21 10:17:00.487,1.35632,1.3564,1.50,1.00
2015.09.21 10:17:00.589,1.35634,1.35642,1.12,1.00
2015.09.21 10:17:01.092,1.35635,1.35643,1.00,1.00
2015.09.21 10:17:01.780,1.35635,1.35643,1.37,1.00
2015.09.21 10:17:01.831,1.35635,1.35643,1.37,1.60
2015.09.21 10:17:02.534,1.35635,1.35643,1.75,1.60
2015.09.21 10:17:02.976,1.35636,1.35643,1.00,1.35
2015.09.21 10:17:03.804,1.35634,1.35643,1.50,1.35
2015.09.21 10:17:03.855,1.35634,1.35639,1.12,1.30
2015.09.21 10:17:04.406,1.35632,1.3564,1.87,1.30
2015.09.21 10:17:06.431,1.35632,1.35641,1.50,1.35
2015.09.21 10:17:06.482,1.35632,1.35639,1.00,1.30
2015.09.21 10:17:06.684,1.3563,1.35637,1.37,1.00
2015.09.21 10:17:06.902,1.35628,1.35637,1.50,1.00
2015.09.21 10:17:07.382,1.35628,1.35634,1.12,1.00
2015.09.21 10:17:08.012,1.35628,1.35632,1.00,1.00
2015.09.21 10:17:08.549,1.35626,1.35631,1.12,1.00
2015.09.21 10:17:09.064,1.35624,1.35631,4.12,1.00
2015.09.21 10:17:10.520,1.35624,1.35632,4.50,1.00
2015.09.21 10:17:10.917,1.35624,1.35632,4.87,1.00
2015.09.21 10:17:11.484,1.35625,1.35636,2.62,1.12
2015.09.21 10:17:12.216,1.35626,1.35637,1.87,1.12
2015.09.21 10:17:12.766,1.35627,1.35638,2.70,1.87
2015.09.21 10:17:14.792,1.35629,1.35638,1.37,1.12
2015.09.21 10:17:14.893,1.35631,1.35637,1.37,1.00
2015.09.21 10:17:15.492,1.35631,1.35639,1.12,1.37
2015.09.21 10:17:16.758,1.3563,1.35639,1.37,2.05
2015.09.21 10:17:16.809,1.35628,1.35638,1.50,1.12
2015.09.21 10:17:17.113,1.35628,1.35635,1.50,1.00
2015.09.21 10:17:17.618,1.35625,1.35635,1.87,1.75
2015.09.21 10:17:17.922,1.35624,1.35631,1.12,1.00
2015.09.21 10:17:18.377,1.35624,1.3563,1.00,1.00
2015.09.21 10:17:19.511,1.35622,1.3563,1.50,1.00
2015.09.21 10:17:19.612,1.35621,1.35628,2.25,1.00
2015.09.21 10:17:21.022,1.35622,1.35631,1.37,1.50
2015.09.21 10:17:21.428,1.35624,1.35631,1.75,1.12
2015.09.21 10:17:21.530,1.35628,1.35634,1.00,1.47
2015.09.21 10:17:21.817,1.35627,1.35636,1.12,1.12
2015.09.21 10:17:21.868,1.35627,1.35637,1.12,1.12
2015.09.21 10:17:22.410,1.35628,1.35636,1.50,1.00
2015.09.21 10:17:22.462,1.35628,1.35636,1.50,1.00
2015.09.21 10:17:22.563,1.35628,1.35636,1.50,1.00
2015.09.21 10:17:22.665,1.3563,1.35638,1.00,1.00
2015.09.21 10:17:23.866,1.35627,1.35635,1.00,1.00
2015.09.21 10:17:24.270,1.35625,1.35636,1.57,1.12
2015.09.21 10:17:25.652,1.35626,1.35636,1.00,2.02
2015.09.21 10:17:26.760,1.35625,1.35632,2.25,1.12
2015.09.21 10:17:26.811,1.35621,1.35628,1.37,1.00
2015.09.21 10:17:26.965,1.3562,1.35628,1.87,1.12
2015.09.21 10:17:27.066,1.35619,1.35627,1.00,1.87
2015.09.21 10:17:27.271,1.35615,1.35623,2.25,1.37
2015.09.21 10:17:27.423,1.35614,1.35622,1.37,1.12
2015.09.21 10:17:28.341,1.35612,1.35623,1.12,1.75
2015.09.21 10:17:31.066,1.35613,1.35622,1.12,1.12
2015.09.21 10:17:35.278,1.35613,1.35623,1.12,1.75
2015.09.21 10:17:35.533,1.35615,1.35624,1.37,2.25
2015.09.21 10:17:35.635,1.35616,1.35624,1.75,1.00
2015.09.21 10:17:38.696,1.35616,1.35627,1.37,2.32
2015.09.21 10:17:39.302,1.35615,1.35625,1.75,1.75
2015.09.21 10:17:40.150,1.35615,1.35625,1.37,1.12
2015.09.21 10:17:43.411,1.35615,1.35625,1.12,3.37
2015.09.21 10:17:43.966,1.35614,1.35624,1.12,1.12
2015.09.21 10:17:44.498,1.35614,1.35622,1.75,1.00
2015.09.21 10:17:45.020,1.35613,1.35624,1.87,1.12
2015.09.21 10:17:45.171,1.35614,1.35625,1.75,4.12
2015.09.21 10:17:45.697,1.35614,1.35625,1.37,4.50
2015.09.21 10:17:45.856,1.35613,1.35621,1.37,1.00
2015.09.21 10:17:46.362,1.35614,1.35622,1.12,1.87
2015.09.21 10:17:47.413,1.35616,1.35625,3.37,2.25
2015.09.21 10:17:47.464,1.35619,1.35627,1.12,1.00
2015.09.21 10:17:47.977,1.35618,1.35628,1.47,1.00
2015.09.21 10:17:48.383,1.35618,1.35628,1.37,1.00
2015.09.21 10:17:48.920,1.35621,1.35629,1.37,1.00
2015.09.21 10:17:50.263,1.35621,1.35625,1.37,1.00
2015.09.21 10:17:51.110,1.3562,1.35626,1.12,1.00
2015.09.21 10:17:51.659,1.3562,1.35625,1.37,1.00
2015.09.21 10:17:52.190,1.3562,1.35626,1.37,1.00
2015.09.21 10:17:53.094,1.3562,1.35625,1.37,1.00
2015.09.21 10:17:53.345,1.3562,1.35626,1.12,1.00
2015.09.21 10:17:54.017,1.3562,1.35626,1.37,1.00
2015.09.21 10:17:54.220,1.3562,1.35629,1.75,1.50
2015.09.21 10:17:54.523,1.35621,1.3563,1.00,4.57
2015.09.21 10:17:55.313,1.35619,1.3563,1.85,2.62
2015.09.21 10:17:55.749,1.3562,1.35626,1.00,1.00
2015.09.21 10:17:55.901,1.35619,1.35627,1.00,1.37
2015.09.21 10:17:58.112,1.35617,1.35625,1.12,1.00
2015.09.21 10:17:58.503,1.35619,1.35625,1.12,1.00
2015.09.21 10:17:58.555,1.35618,1.35628,2.70,1.00
2015.09.21 10:18:01.837,1.35618,1.35628,2.32,1.12
2015.09.21 10:18:02.930,1.35618,1.35628,2.70,1.00
2015.09.21 10:18:03.497,1.35621,1.35629,1.37,1.50
2015.09.21 10:18:04.031,1.35621,1.35629,1.37,1.50
2015.09.21 10:18:05.669,1.35621,1.35629,1.37,1.50
2015.09.21 10:18:06.642,1.35626,1.35629,1.00,1.50
2015.09.21 10:18:07.539,1.35626,1.35631,1.00,1.12
2015.09.21 10:18:07.743,1.35629,1.35631,1.00,1.00
2015.09.21 10:18:07.844,1.35627,1.35631,1.00,1.87
2015.09.21 10:18:07.946,1.35623,1.35629,1.00,1.12
2015.09.21 10:18:07.997,1.35623,1.35629,1.00,1.37
2015.09.21 10:18:09.151,1.35621,1.35628,3.00,1.37
2015.09.21 10:18:09.810,1.35621,1.35629,3.00,1.37
2015.09.21 10:18:10.395,1.35621,1.35627,1.50,1.00
2015.09.21 10:18:11.119,1.3562,1.35626,3.00,1.37
2015.09.21 10:18:11.703,1.3562,1.35627,2.25,2.02
2015.09.21 10:18:12.043,1.3562,1.35624,2.25,1.12
2015.09.21 10:18:12.517,1.35615,1.35623,4.12,1.37
2015.09.21 10:18:13.582,1.35618,1.35626,1.87,1.12
2015.09.21 10:18:14.099,1.35618,1.35628,2.32,1.37
2015.09.21 10:18:14.698,1.35618,1.35628,2.32,1.75
2015.09.21 10:18:15.177,1.35618,1.35625,1.10,2.62
2015.09.21 10:18:15.329,1.35615,1.35624,3.75,1.75
2015.09.21 10:18:15.836,1.35616,1.35622,1.00,1.00
2015.09.21 10:18:17.035,1.35615,1.35624,5.62,1.75
2015.09.21 10:18:17.187,1.35616,1.35624,1.37,1.00
2015.09.21 10:18:17.486,1.35615,1.35625,5.25,2.25
2015.09.21 10:18:17.537,1.35616,1.35624,1.00,1.12
2015.09.21 10:18:18.206,1.35615,1.35623,4.50,1.50
2015.09.21 10:18:18.981,1.35615,1.35624,2.62,1.12
2015.09.21 10:18:19.803,1.35614,1.35624,1.12,1.12
2015.09.21 10:18:20.395,1.35615,1.35624,1.00,1.12
2015.09.21 10:18:20.998,1.35613,1.35624,3.75,1.12
2015.09.21 10:18:22.503,1.35615,1.35624,1.00,1.12
2015.09.21 10:18:23.034,1.35614,1.35624,1.12,1.12
2015.09.21 10:18:23.581,1.35615,1.35624,1.00,1.12
2015.09.21 10:18:24.710,1.35614,1.35624,1.12,1.12
2015.09.21 10:18:25.415,1.35615,1.35624,1.00,1.12
2015.09.21 10:18:26.020,1.35614,1.35624,1.12,1.12
2015.09.21 10:18:27.436,1.35615,1.35624,1.00,1.12
2015.09.21 10:18:28.260,1.35614,1.35624,1.12,1.12
2015.09.21 10:18:28.362,1.35614,1.35624,1.50,1.12
2015.09.21 10:18:28.463,1.35615,1.35623,1.87,1.00
2015.09.21 10:18:28.879,1.35615,1.35621,1.12,1.37
2015.09.21 10:18:28.933,1.35611,1.35621,1.00,1.85
2015.09.21 10:18:29.136,1.3561,1.35619,1.50,1.72
2015.09.21 10:18:29.440,1.35606,1.35612,1.00,1.00
2015.09.21 10:18:29.746,1.35607,1.35615,1.12,1.50
2015.09.21 10:18:30.054,1.35613,1.35616,1.00,1.00
2015.09.21 10:18:30.206,1.35609,1.35616,1.12,1.00
2015.09.21 10:18:30.748,1.3561,1.35618,2.62,1.00
2015.09.21 10:18:30.901,1.3561,1.35621,4.50,1.85
2015.09.21 10:18:31.525,1.35612,1.3562,2.62,1.00
2015.09.21 10:18:32.054,1.35612,1.3562,1.12,1.00
2015.09.21 10:18:32.592,1.35611,1.35621,1.00,2.25
2015.09.21 10:18:33.160,1.3561,1.3562,1.50,1.12
2015.09.21 10:18:33.693,1.3561,1.35619,1.50,1.00
2015.09.21 10:18:33.996,1.3561,1.35619,1.50,1.37
2015.09.21 10:18:34.335,1.35607,1.35616,1.50,1.85
2015.09.21 10:18:34.386,1.35607,1.35614,1.50,1.12
2015.09.21 10:18:34.488,1.35607,1.35612,1.50,1.00
2015.09.21 10:18:34.994,1.35606,1.35613,1.00,1.50
2015.09.21 10:18:36.388,1.35606,1.35614,1.72,1.50
2015.09.21 10:18:40.665,1.35606,1.35614,1.00,1.37
2015.09.21 10:18:42.959,1.35606,1.35614,1.37,1.12
2015.09.21 10:18:43.112,1.35606,1.35614,2.10,1.00
2015.09.21 10:18:43.677,1.35606,1.35613,1.72,1.00
2015.09.21 10:18:44.593,1.35607,1.35613,1.00,1.00
2015.09.21 10:18:45.600,1.35606,1.35611,1.00,1.00
2015.09.21 10:18:46.120,1.35606,1.35612,1.35,1.50
2015.09.21 10:18:46.424,1.35607,1.35614,1.72,1.00
2015.09.21 10:18:47.383,1.35606,1.35613,2.10,1.00
2015.09.21 10:18:47.901,1.35604,1.35614,4.72,1.50
2015.09.21 10:18:48.427,1.35605,1.35613,1.72,1.00
2015.09.21 10:18:48.859,1.35607,1.35614,1.30,1.50
2015.09.21 10:18:49.223,1.35611,1.35615,1.00,1.50
