2012.03.20 03:00:00.715,1.10392,1.10405,1.50,1.50
2012.03.20 03:00:01.865,1.10392,1.10406,1.50,1.50
2012.03.20 03:00:03.167,1.10392,1.10405,1.50,1.50
2012.03.20 03:00:03.756,1.10392,1.10405,1.50,1.50
2012.03.20 03:00:04.172,1.10392,1.10406,1.50,1.50
2012.03.20 03:00:04.765,1.10392,1.10406,1.50,1.50
2012.03.20 03:00:06.372,1.10392,1.10406,1.50,2.25
2012.03.20 03:00:07.030,1.10392,1.10406,1.50,2.63
2012.03.20 03:00:08.724,1.10392,1.10406,1.50,1.88
2012.03.20 03:00:09.411,1.10392,1.10406,3.75,1.88
2012.03.20 03:00:10.087,1.10394,1.10406,2.25,1.13
2012.03.20 03:00:10.161,1.10395,1.10408,2.85,1.88
2012.03.20 03:00:10.724,1.10396,1.10409,1.35,1.13
2012.03.20 03:00:11.920,1.10395,1.10409,2.10,1.88
2012.03.20 03:00:12.232,1.10392,1.10409,3.00,1.88
2012.03.20 03:00:12.309,1.10392,1.10407,1.50,1.88
2012.03.20 03:00:12.658,1.10394,1.1041,2.85,3.38
2012.03.20 03:00:13.002,1.10395,1.10409,1.35,1.13
2012.03.20 03:00:17.161,1.10395,1.10409,1.35,2.63
2012.03.20 03:00:17.714,1.10396,1.10412,5.10,1.88
2012.03.20 03:00:18.036,1.10399,1.10412,2.25,1.88
2012.03.20 03:00:18.373,1.10398,1.10414,5.85,1.88
2012.03.20 03:00:18.449,1.10398,1.10414,4.35,1.88
2012.03.20 03:00:18.814,1.10398,1.10414,5.10,2.63
2012.03.20 03:00:19.071,1.10398,1.10414,2.85,3.38
2012.03.20 03:00:19.617,1.10398,1.10414,2.85,2.63
2012.03.20 03:00:21.585,1.10399,1.10415,2.85,2.25
2012.03.20 03:00:21.852,1.10398,1.10413,1.35,1.50
2012.03.20 03:00:22.816,1.104,1.10413,2.25,1.88
2012.03.20 03:00:23.512,1.10398,1.10414,5.10,1.50
2012.03.20 03:00:24.434,1.10398,1.10414,2.85,1.88
2012.03.20 03:00:25.632,1.10398,1.10413,1.35,1.50
2012.03.20 03:00:26.983,1.10396,1.1041,1.35,1.50
2012.03.20 03:00:27.057,1.10395,1.1041,3.00,2.25
2012.03.20 03:00:27.608,1.10394,1.1041,2.25,4.88
2012.03.20 03:00:27.745,1.10394,1.1041,2.25,5.63
2012.03.20 03:00:28.281,1.10394,1.10408,2.25,1.13
2012.03.20 03:00:29.755,1.10394,1.1041,2.25,3.19
2012.03.20 03:00:31.239,1.10394,1.1041,1.50,3.57
2012.03.20 03:00:31.371,1.10394,1.10408,1.50,1.13
2012.03.20 03:00:34.195,1.10394,1.10406,1.50,2.63
2012.03.20 03:00:34.343,1.10386,1.10398,1.50,1.50
2012.03.20 03:00:34.416,1.10383,1.10398,1.95,1.50
2012.03.20 03:00:34.484,1.10383,1.10398,1.50,1.50
2012.03.20 03:00:34.553,1.10383,1.10398,1.50,1.50
2012.03.20 03:00:34.887,1.1039,1.10404,1.50,3.42
2012.03.20 03:00:35.026,1.10384,1.10401,1.50,2.25
2012.03.20 03:00:35.576,1.10386,1.10402,1.50,4.50
2012.03.20 03:00:37.204,1.10386,1.10397,1.50,2.25
2012.03.20 03:00:37.722,1.10383,1.10397,2.44,2.25
2012.03.20 03:00:38.315,1.10381,1.10397,3.00,2.25
2012.03.20 03:00:38.381,1.10381,1.1039,3.00,2.25
2012.03.20 03:00:38.902,1.1038,1.1039,1.50,2.25
2012.03.20 03:00:39.896,1.1038,1.10394,1.50,1.50
2012.03.20 03:00:40.691,1.10381,1.10396,1.50,4.50
2012.03.20 03:00:41.243,1.10384,1.10396,1.50,1.50
2012.03.20 03:00:41.311,1.10384,1.10397,1.50,1.50
2012.03.20 03:00:43.676,1.10384,1.10396,1.50,3.75
2012.03.20 03:00:43.862,1.10381,1.10396,1.50,4.50
2012.03.20 03:00:44.149,1.10383,1.10396,1.50,3.75
2012.03.20 03:00:47.440,1.10383,1.10396,1.50,3.38
2012.03.20 03:00:47.529,1.10377,1.10392,1.50,3.75
2012.03.20 03:00:47.937,1.10377,1.1039,1.50,1.50
2012.03.20 03:00:48.066,1.10375,1.1039,3.75,1.50
2012.03.20 03:00:51.823,1.10376,1.10391,2.25,3.00
2012.03.20 03:00:52.031,1.10376,1.10393,3.75,1.88
2012.03.20 03:00:52.742,1.10376,1.10393,1.50,3.75
2012.03.20 03:00:53.251,1.10375,1.10391,1.50,1.50
2012.03.20 03:00:55.391,1.10377,1.10393,1.50,3.00
2012.03.20 03:00:56.801,1.10377,1.10393,1.50,3.00
2012.03.20 03:00:57.420,1.10377,1.10393,1.50,3.00
2012.03.20 03:00:57.912,1.10377,1.10393,1.50,3.00
2012.03.20 03:00:59.012,1.10377,1.10393,1.50,3.00
2012.03.20 03:01:00.336,1.10377,1.10393,1.50,3.00
2012.03.20 03:01:00.943,1.10375,1.10391,1.50,2.25
2012.03.20 03:01:01.489,1.10376,1.10393,1.50,1.50
2012.03.20 03:01:07.883,1.10376,1.10393,1.50,2.25
2012.03.20 03:01:08.512,1.10376,1.10393,1.50,2.25
2012.03.20 03:01:09.060,1.10376,1.10393,1.50,2.25
2012.03.20 03:01:12.681,1.10376,1.10393,1.50,2.25
2012.03.20 03:01:21.750,1.10376,1.10393,3.75,1.50
2012.03.20 03:01:22.369,1.10376,1.10393,3.75,1.50
2012.03.20 03:01:44.398,1.10376,1.10393,3.94,1.50
2012.03.20 03:01:44.479,1.10376,1.10393,6.19,1.50
2012.03.20 03:01:44.697,1.10379,1.10394,1.50,1.50
2012.03.20 03:01:45.004,1.10381,1.10395,2.85,1.50
2012.03.20 03:01:45.219,1.10382,1.104,2.10,2.35
2012.03.20 03:01:45.295,1.10382,1.104,2.10,2.25
2012.03.20 03:01:46.737,1.10382,1.104,2.10,2.25
2012.03.20 03:01:46.862,1.10382,1.104,1.50,2.25
2012.03.20 03:01:46.932,1.10381,1.10397,3.00,1.50
2012.03.20 03:01:47.819,1.10381,1.10395,2.25,2.25
2012.03.20 03:01:48.278,1.10379,1.10392,1.35,1.50
2012.03.20 03:01:48.413,1.10379,1.10394,1.35,1.50
2012.03.20 03:01:48.953,1.10382,1.10396,1.50,1.50
2012.03.20 03:01:50.223,1.10382,1.10396,1.50,1.50
2012.03.20 03:01:50.445,1.10383,1.10399,1.50,3.00
2012.03.20 03:01:50.513,1.10385,1.10399,1.50,3.10
2012.03.20 03:01:51.024,1.10385,1.10399,1.50,2.25
2012.03.20 03:01:51.273,1.10387,1.10401,1.50,3.38
2012.03.20 03:01:51.793,1.10384,1.104,1.50,5.25
2012.03.20 03:01:53.329,1.10384,1.10399,1.50,1.50
2012.03.20 03:01:53.405,1.10384,1.10396,1.50,2.25
2012.03.20 03:01:53.782,1.10378,1.10394,3.79,3.75
2012.03.20 03:01:54.425,1.1038,1.10395,2.10,1.50
2012.03.20 03:01:54.764,1.10381,1.10399,1.50,2.25
2012.03.20 03:01:55.348,1.10381,1.10399,2.25,2.25
2012.03.20 03:01:57.405,1.10381,1.10399,2.25,3.00
2012.03.20 03:02:01.622,1.10381,1.10399,1.50,2.25
2012.03.20 03:02:01.873,1.10381,1.10398,1.50,3.00
2012.03.20 03:02:02.377,1.10378,1.10395,2.10,3.75
2012.03.20 03:02:02.939,1.1038,1.10396,2.85,3.00
2012.03.20 03:02:05.833,1.1038,1.10396,2.85,3.00
2012.03.20 03:02:06.378,1.1038,1.10396,7.35,3.00
2012.03.20 03:02:06.511,1.10383,1.10399,2.25,3.94
2012.03.20 03:02:07.504,1.10383,1.104,3.00,2.25
2012.03.20 03:02:08.184,1.10383,1.104,2.25,3.00
2012.03.20 03:02:08.742,1.10383,1.104,2.25,3.75
2012.03.20 03:02:09.300,1.10382,1.10398,1.50,1.50
2012.03.20 03:02:10.060,1.10381,1.10399,2.25,2.25
2012.03.20 03:02:10.613,1.10381,1.10399,3.00,2.25
2012.03.20 03:02:11.324,1.10381,1.10398,2.25,2.25
2012.03.20 03:02:11.463,1.10381,1.10398,2.25,3.00
2012.03.20 03:02:11.605,1.10381,1.10398,1.50,3.75
2012.03.20 03:02:12.137,1.1038,1.10396,2.85,1.50
2012.03.20 03:02:12.615,1.10382,1.10398,1.50,5.25
2012.03.20 03:02:13.224,1.10382,1.10396,1.50,2.25
2012.03.20 03:02:13.546,1.10379,1.10395,2.10,2.25
2012.03.20 03:02:13.627,1.10378,1.10395,1.35,4.50
2012.03.20 03:02:14.267,1.10378,1.10395,1.35,2.25
2012.03.20 03:02:15.355,1.10381,1.10397,1.50,1.50
2012.03.20 03:02:15.737,1.10381,1.10399,2.25,5.44
2012.03.20 03:02:16.332,1.10381,1.10399,2.25,3.75
2012.03.20 03:02:16.403,1.10384,1.10399,1.50,2.25
2012.03.20 03:02:16.712,1.10384,1.104,1.80,3.75
2012.03.20 03:02:18.350,1.10386,1.10403,4.65,3.00
2012.03.20 03:02:18.635,1.1039,1.10405,2.25,3.75
2012.03.20 03:02:18.836,1.1039,1.10407,2.25,5.25
2012.03.20 03:02:20.021,1.10391,1.10409,4.50,3.00
2012.03.20 03:02:20.555,1.10393,1.1041,2.25,3.75
2012.03.20 03:02:21.635,1.10393,1.1041,2.25,4.13
2012.03.20 03:02:25.922,1.10393,1.1041,2.25,1.13
2012.03.20 03:02:25.990,1.10397,1.1041,1.50,1.13
2012.03.20 03:02:26.302,1.10397,1.10411,1.50,3.38
2012.03.20 03:02:27.191,1.10397,1.10411,1.50,4.13
2012.03.20 03:02:28.185,1.10397,1.10411,1.50,4.13
2012.03.20 03:02:28.255,1.10395,1.10409,1.50,2.25
2012.03.20 03:02:29.052,1.10392,1.10409,3.00,2.25
2012.03.20 03:02:31.783,1.10392,1.1041,5.25,2.25
2012.03.20 03:02:35.333,1.10393,1.1041,1.50,1.88
2012.03.20 03:02:35.844,1.10392,1.10405,2.25,1.13
2012.03.20 03:02:36.193,1.10388,1.10406,5.25,2.82
2012.03.20 03:02:36.263,1.10388,1.10406,4.50,2.82
2012.03.20 03:02:36.800,1.10388,1.10406,2.25,4.88
2012.03.20 03:02:39.232,1.10387,1.10403,3.75,1.88
2012.03.20 03:02:39.490,1.10387,1.10403,3.75,1.50
2012.03.20 03:02:40.284,1.10389,1.10405,1.50,1.50
2012.03.20 03:02:41.762,1.10389,1.10403,1.50,2.25
2012.03.20 03:02:41.831,1.10387,1.10403,3.75,3.75
2012.03.20 03:02:44.242,1.10387,1.10403,3.75,4.13
2012.03.20 03:02:44.596,1.10391,1.10407,4.50,1.88
2012.03.20 03:02:44.669,1.10391,1.10407,4.88,1.88
2012.03.20 03:02:44.743,1.10391,1.10407,4.88,1.88
2012.03.20 03:02:44.889,1.10392,1.1041,3.19,6.23
2012.03.20 03:02:45.435,1.10392,1.10407,1.50,1.50
2012.03.20 03:02:46.345,1.10393,1.10407,1.50,1.50
2012.03.20 03:02:46.593,1.10392,1.10409,3.75,2.85
2012.03.20 03:02:47.209,1.10392,1.10409,3.00,2.85
2012.03.20 03:02:47.601,1.10392,1.10403,2.25,2.25
2012.03.20 03:02:47.679,1.10388,1.10403,2.63,2.25
2012.03.20 03:02:47.754,1.10388,1.10403,1.50,3.00
2012.03.20 03:02:47.894,1.10387,1.10401,1.50,2.25
2012.03.20 03:02:48.482,1.10382,1.10398,2.43,1.50
2012.03.20 03:02:48.605,1.10377,1.10393,3.00,3.75
2012.03.20 03:02:49.107,1.10379,1.10393,2.25,1.50
2012.03.20 03:02:49.172,1.10378,1.10396,4.50,1.50
2012.03.20 03:02:49.372,1.10378,1.10396,5.40,1.50
2012.03.20 03:02:49.943,1.10378,1.10396,4.80,1.50
2012.03.20 03:02:50.486,1.10378,1.10394,3.30,1.50
2012.03.20 03:02:50.990,1.10379,1.10395,1.80,1.50
2012.03.20 03:02:52.664,1.1038,1.10395,2.74,1.50
2012.03.20 03:02:52.732,1.10382,1.10398,1.05,2.25
2012.03.20 03:02:52.801,1.10382,1.10398,1.05,2.25
2012.03.20 03:02:53.320,1.10383,1.10399,2.40,1.50
2012.03.20 03:02:54.550,1.10386,1.10404,1.65,5.10
2012.03.20 03:02:55.564,1.10386,1.10404,3.75,2.85
2012.03.20 03:02:55.906,1.10387,1.10404,1.50,2.85
2012.03.20 03:02:57.884,1.10389,1.10406,1.50,1.50
2012.03.20 03:02:58.014,1.10391,1.10407,1.50,5.25
2012.03.20 03:02:58.543,1.10392,1.10408,1.50,1.50
2012.03.20 03:03:00.272,1.10391,1.10407,1.50,2.25
2012.03.20 03:03:01.835,1.10391,1.10406,1.50,1.50
2012.03.20 03:03:02.112,1.10389,1.10405,4.50,1.50
2012.03.20 03:03:03.472,1.10386,1.10404,2.25,1.50
2012.03.20 03:03:04.002,1.10386,1.10404,2.25,2.25
2012.03.20 03:03:04.571,1.10386,1.10404,2.25,1.50
2012.03.20 03:03:05.088,1.10387,1.10404,2.44,1.50
2012.03.20 03:03:05.167,1.10388,1.10406,2.25,5.25
2012.03.20 03:03:05.521,1.1039,1.10407,1.50,1.50
2012.03.20 03:03:06.076,1.1039,1.10408,1.50,4.50
2012.03.20 03:03:06.406,1.10393,1.10408,1.50,2.25
2012.03.20 03:03:06.478,1.10391,1.10407,1.50,1.50
2012.03.20 03:03:06.775,1.10391,1.10406,1.50,1.50
2012.03.20 03:03:07.428,1.10387,1.10403,1.50,1.50
2012.03.20 03:03:07.787,1.10385,1.10401,2.25,1.50
2012.03.20 03:03:08.741,1.10387,1.10403,1.50,3.75
2012.03.20 03:03:10.693,1.10387,1.10403,1.88,1.50
2012.03.20 03:03:10.771,1.1039,1.10406,1.50,3.75
2012.03.20 03:03:11.039,1.10391,1.104,1.50,2.25
2012.03.20 03:03:11.184,1.10391,1.10405,1.50,2.25
2012.03.20 03:03:11.257,1.10386,1.10401,1.50,1.50
2012.03.20 03:03:11.455,1.10382,1.104,2.44,1.50
2012.03.20 03:03:12.001,1.10382,1.104,2.25,2.25
2012.03.20 03:03:15.973,1.10382,1.10398,2.25,2.25
2012.03.20 03:03:16.483,1.10381,1.10397,1.69,1.50
2012.03.20 03:03:17.719,1.10381,1.10395,1.50,2.25
2012.03.20 03:03:17.864,1.10379,1.10395,2.25,3.75
2012.03.20 03:03:21.577,1.10376,1.10391,2.43,1.50
2012.03.20 03:03:21.752,1.10376,1.1039,1.68,2.25
2012.03.20 03:03:23.562,1.10375,1.10389,1.50,3.00
2012.03.20 03:03:24.147,1.10373,1.10389,2.25,4.50
2012.03.20 03:03:24.662,1.10375,1.10389,1.50,3.00
2012.03.20 03:03:26.407,1.10377,1.10391,2.25,2.25
2012.03.20 03:03:26.745,1.10377,1.10393,4.69,1.50
2012.03.20 03:03:27.297,1.10379,1.10395,2.25,3.00
2012.03.20 03:03:27.822,1.10379,1.10395,2.25,1.50
2012.03.20 03:03:31.684,1.10379,1.10395,1.50,1.50
2012.03.20 03:03:32.010,1.10376,1.10394,1.50,4.50
2012.03.20 03:03:32.746,1.10376,1.10394,1.50,5.25
2012.03.20 03:03:45.529,1.10376,1.10394,2.25,5.25
2012.03.20 03:03:46.140,1.10376,1.10394,2.25,3.75
2012.03.20 03:03:46.641,1.10376,1.10394,2.25,3.75
2012.03.20 03:03:48.430,1.10379,1.10394,1.50,2.25
2012.03.20 03:03:51.451,1.10378,1.10394,2.25,3.75
2012.03.20 03:03:51.995,1.10378,1.10394,3.00,1.50
2012.03.20 03:03:52.194,1.1038,1.10396,1.50,4.50
2012.03.20 03:03:52.971,1.10382,1.10397,1.50,3.00
2012.03.20 03:03:54.347,1.10382,1.10398,1.50,1.65
2012.03.20 03:03:54.763,1.10382,1.10398,4.69,1.65
2012.03.20 03:03:55.232,1.10382,1.10398,4.50,1.65
2012.03.20 03:03:56.251,1.10382,1.10396,3.00,1.50
2012.03.20 03:03:58.222,1.10382,1.10399,4.50,1.65
2012.03.20 03:03:58.866,1.10384,1.10399,1.50,1.65
2012.03.20 03:04:00.364,1.10384,1.10401,1.50,3.75
2012.03.20 03:04:00.624,1.10385,1.10403,4.50,1.69
2012.03.20 03:04:01.362,1.10385,1.10403,4.50,1.73
2012.03.20 03:04:01.762,1.10385,1.10403,4.50,1.50
2012.03.20 03:04:03.953,1.10385,1.10403,4.50,1.69
2012.03.20 03:04:04.461,1.10383,1.10401,3.00,2.25
2012.03.20 03:04:05.308,1.10383,1.10401,1.50,3.75
2012.03.20 03:04:05.660,1.10381,1.10396,1.50,2.25
2012.03.20 03:04:06.182,1.10381,1.10395,1.50,2.44
2012.03.20 03:04:07.255,1.1038,1.10395,1.50,3.19
2012.03.20 03:04:08.016,1.10382,1.10396,1.50,4.69
2012.03.20 03:04:08.636,1.1038,1.10394,1.50,2.25
2012.03.20 03:04:08.999,1.10376,1.10394,2.25,3.75
2012.03.20 03:04:09.136,1.10379,1.10394,1.50,2.25
2012.03.20 03:04:15.403,1.10376,1.10391,2.25,2.25
2012.03.20 03:04:15.490,1.10375,1.10391,1.50,3.75
2012.03.20 03:04:15.703,1.10373,1.10389,3.00,1.50
2012.03.20 03:04:17.804,1.10374,1.10391,1.50,3.19
2012.03.20 03:04:18.755,1.10374,1.10389,1.50,2.25
2012.03.20 03:04:19.302,1.10373,1.10389,2.25,3.75
2012.03.20 03:04:19.811,1.10373,1.10388,2.25,2.25
2012.03.20 03:04:24.693,1.10373,1.10389,1.50,4.50
2012.03.20 03:04:25.982,1.10374,1.10389,1.50,3.00
2012.03.20 03:04:37.863,1.10372,1.1039,1.50,2.25
2012.03.20 03:04:40.312,1.10372,1.1039,1.50,2.63
2012.03.20 03:04:40.658,1.10369,1.10385,2.25,1.50
2012.03.20 03:04:41.212,1.10369,1.10385,1.50,1.50
2012.03.20 03:04:50.515,1.1037,1.10388,1.50,2.44
2012.03.20 03:04:50.592,1.10374,1.1039,1.50,5.25
2012.03.20 03:04:51.126,1.10374,1.1039,1.50,1.50
2012.03.20 03:04:51.443,1.10371,1.10388,2.25,2.25
2012.03.20 03:04:54.094,1.10371,1.10389,2.44,1.50
2012.03.20 03:04:56.705,1.10375,1.1039,1.50,2.25
2012.03.20 03:04:56.832,1.10376,1.10393,1.50,2.85
2012.03.20 03:04:57.479,1.10375,1.10391,1.50,1.50
2012.03.20 03:05:00.282,1.10376,1.10393,1.50,3.60
2012.03.20 03:05:00.722,1.10378,1.10393,1.50,1.35
2012.03.20 03:05:06.891,1.10379,1.10394,3.00,1.35
2012.03.20 03:05:07.085,1.1038,1.10396,1.50,1.50
2012.03.20 03:05:07.458,1.10378,1.10396,3.00,5.25
2012.03.20 03:05:09.255,1.1038,1.10396,1.50,3.00
2012.03.20 03:05:11.573,1.10379,1.10395,1.50,1.50
2012.03.20 03:05:12.131,1.10379,1.10395,1.50,4.69
2012.03.20 03:05:12.342,1.10376,1.10394,1.50,2.25
2012.03.20 03:05:13.470,1.10376,1.10394,1.50,1.50
2012.03.20 03:05:13.784,1.1038,1.10396,1.50,6.75
2012.03.20 03:05:14.321,1.1038,1.10396,1.50,6.00
2012.03.20 03:05:14.695,1.1038,1.10396,1.50,6.75
2012.03.20 03:05:15.313,1.1038,1.10396,1.50,6.00
2012.03.20 03:05:22.092,1.1038,1.10396,1.50,6.00
2012.03.20 03:05:22.342,1.10381,1.10396,1.50,5.25
2012.03.20 03:05:29.293,1.10381,1.10396,1.50,4.50
2012.03.20 03:05:32.003,1.10381,1.10396,1.50,3.75
2012.03.20 03:05:37.891,1.10379,1.10396,1.50,3.75
2012.03.20 03:05:41.790,1.10383,1.10396,1.50,3.75
2012.03.20 03:05:42.385,1.10383,1.10396,1.50,3.75
2012.03.20 03:05:44.120,1.10378,1.10396,2.25,5.25
2012.03.20 03:05:45.661,1.10378,1.10396,2.25,4.50
2012.03.20 03:05:47.161,1.1038,1.10396,1.50,3.00
2012.03.20 03:05:51.972,1.10378,1.10396,1.50,4.50
2012.03.20 03:05:53.708,1.10378,1.10396,1.50,5.25
2012.03.20 03:05:56.552,1.10378,1.10396,2.25,5.25
2012.03.20 03:05:57.114,1.10381,1.10398,1.50,1.69
2012.03.20 03:05:57.431,1.1038,1.10396,1.50,2.25
2012.03.20 03:06:00.312,1.10382,1.10397,1.50,3.75
2012.03.20 03:06:01.122,1.1038,1.10396,1.50,2.25
2012.03.20 03:06:02.314,1.10382,1.10397,1.50,1.50
2012.03.20 03:06:02.385,1.10382,1.10397,1.50,1.50
2012.03.20 03:06:02.926,1.10383,1.10399,1.50,1.35
2012.03.20 03:06:07.312,1.10386,1.10398,1.50,3.00
2012.03.20 03:06:07.444,1.10384,1.10399,1.50,3.00
2012.03.20 03:06:07.513,1.10384,1.104,1.50,4.50
2012.03.20 03:06:08.389,1.10385,1.104,1.50,2.25
2012.03.20 03:06:08.583,1.10385,1.10402,1.50,2.25
2012.03.20 03:06:10.863,1.10386,1.10402,1.50,1.69
2012.03.20 03:06:12.873,1.10386,1.10401,1.50,2.25
2012.03.20 03:06:12.954,1.10383,1.10401,2.25,3.75
2012.03.20 03:06:19.015,1.10386,1.10401,1.50,2.25
2012.03.20 03:06:20.471,1.10384,1.104,2.25,1.50
2012.03.20 03:06:21.101,1.10386,1.10401,1.50,2.25
2012.03.20 03:06:22.553,1.10386,1.10402,1.50,1.50
2012.03.20 03:06:24.138,1.10388,1.10404,1.50,2.85
2012.03.20 03:06:26.644,1.10386,1.10403,3.00,2.10
2012.03.20 03:06:27.151,1.10388,1.10404,1.50,2.85
2012.03.20 03:06:27.701,1.10385,1.10402,3.00,2.25
2012.03.20 03:06:28.482,1.10385,1.10403,3.00,2.85
2012.03.20 03:06:28.553,1.10388,1.10403,1.50,1.35
2012.03.20 03:06:29.793,1.10385,1.10403,3.00,5.10
2012.03.20 03:06:30.243,1.10387,1.10404,1.50,2.10
2012.03.20 03:06:31.761,1.10385,1.10403,3.00,2.85
2012.03.20 03:06:32.341,1.10388,1.10403,1.50,3.60
2012.03.20 03:06:33.221,1.10385,1.10401,1.50,1.50
2012.03.20 03:06:36.173,1.10387,1.10403,1.50,5.10
2012.03.20 03:06:47.822,1.10385,1.10401,5.25,1.50
2012.03.20 03:06:48.381,1.10385,1.10401,2.25,1.50
2012.03.20 03:06:56.528,1.10385,1.10401,2.25,1.50
2012.03.20 03:06:58.023,1.10385,1.10401,2.25,1.50
2012.03.20 03:06:58.997,1.10383,1.10399,3.00,1.50
2012.03.20 03:06:59.671,1.10383,1.10399,2.25,1.50
2012.03.20 03:07:00.236,1.10381,1.10398,1.50,1.50
2012.03.20 03:07:00.320,1.10379,1.10395,2.25,2.25
2012.03.20 03:07:00.395,1.10379,1.10395,2.25,2.25
2012.03.20 03:07:00.947,1.10378,1.10396,3.00,1.50
2012.03.20 03:07:01.150,1.10381,1.10397,1.50,3.00
2012.03.20 03:07:01.697,1.1038,1.10396,2.25,1.50
2012.03.20 03:07:02.369,1.10382,1.10398,2.25,5.25
2012.03.20 03:07:02.887,1.10384,1.104,1.50,4.50
2012.03.20 03:07:03.274,1.10384,1.104,2.25,3.75
2012.03.20 03:07:04.237,1.10384,1.104,3.00,1.50
2012.03.20 03:07:04.744,1.10387,1.104,3.75,1.50
2012.03.20 03:07:04.839,1.10388,1.10404,1.50,2.25
2012.03.20 03:07:05.050,1.1039,1.10406,1.50,2.44
2012.03.20 03:07:05.131,1.1039,1.10406,2.25,1.50
2012.03.20 03:07:05.684,1.1039,1.10406,3.00,1.50
2012.03.20 03:07:06.264,1.10391,1.10409,2.25,2.25
2012.03.20 03:07:07.927,1.10391,1.10409,2.25,2.44
2012.03.20 03:07:09.612,1.10391,1.10409,1.50,2.25
2012.03.20 03:07:10.818,1.10389,1.10407,4.50,2.25
2012.03.20 03:07:13.856,1.10392,1.10408,1.50,2.25
2012.03.20 03:07:16.573,1.1039,1.10406,1.50,1.50
2012.03.20 03:07:17.160,1.10389,1.10405,3.75,1.50
2012.03.20 03:07:17.362,1.10395,1.10409,1.50,3.00
2012.03.20 03:07:18.053,1.10395,1.1041,1.50,3.00
2012.03.20 03:07:19.683,1.10393,1.10409,1.50,1.50
2012.03.20 03:07:20.964,1.10394,1.10409,1.50,1.69
2012.03.20 03:07:21.417,1.10392,1.10409,1.50,2.44
2012.03.20 03:07:22.952,1.10395,1.10409,1.50,1.69
2012.03.20 03:07:23.334,1.10395,1.10411,1.50,6.19
2012.03.20 03:07:23.885,1.10395,1.10411,1.50,5.44
2012.03.20 03:07:24.406,1.10395,1.10411,1.50,5.25
2012.03.20 03:07:24.603,1.10397,1.10411,1.50,2.25
2012.03.20 03:07:25.696,1.10397,1.10412,1.50,3.00
2012.03.20 03:07:26.524,1.10394,1.1041,2.25,1.50
2012.03.20 03:07:26.664,1.10394,1.10405,1.50,1.50
2012.03.20 03:07:26.731,1.1039,1.10405,1.50,1.50
2012.03.20 03:07:26.926,1.10388,1.10405,2.25,3.00
2012.03.20 03:07:27.506,1.1039,1.10406,1.50,3.75
2012.03.20 03:07:28.744,1.10392,1.10406,1.50,2.25
2012.03.20 03:07:29.002,1.10389,1.10406,2.25,1.50
2012.03.20 03:07:29.504,1.10389,1.10406,2.25,1.50
2012.03.20 03:07:31.853,1.10389,1.10407,2.25,5.25
2012.03.20 03:07:33.052,1.10391,1.10407,1.50,1.50
2012.03.20 03:07:36.912,1.10394,1.10407,1.50,1.50
2012.03.20 03:07:36.983,1.10392,1.10407,1.50,1.50
2012.03.20 03:07:42.594,1.10392,1.10407,1.50,4.50
2012.03.20 03:07:47.334,1.10392,1.10407,1.50,1.50
2012.03.20 03:07:51.071,1.10392,1.10407,1.50,1.50
2012.03.20 03:07:51.614,1.10392,1.10406,1.50,1.50
2012.03.20 03:07:53.518,1.10396,1.10408,2.25,3.19
2012.03.20 03:07:53.664,1.10396,1.10408,3.75,2.25
2012.03.20 03:07:53.735,1.10398,1.10411,1.50,2.25
2012.03.20 03:07:53.938,1.10398,1.10413,2.25,3.75
2012.03.20 03:07:54.382,1.104,1.10413,1.50,2.25
2012.03.20 03:07:56.098,1.104,1.10413,2.25,2.25
2012.03.20 03:07:56.169,1.10406,1.10419,1.50,3.75
2012.03.20 03:07:56.594,1.10406,1.10422,2.25,5.10
2012.03.20 03:07:56.796,1.1041,1.10422,1.50,3.60
2012.03.20 03:07:57.154,1.10408,1.1042,1.50,2.25
2012.03.20 03:07:57.433,1.10405,1.1042,2.25,2.25
2012.03.20 03:08:00.081,1.10405,1.10421,2.25,2.25
2012.03.20 03:08:01.353,1.10408,1.10421,1.50,2.25
2012.03.20 03:08:05.401,1.10406,1.10421,1.50,2.25
2012.03.20 03:08:08.756,1.10406,1.1042,1.50,2.25
2012.03.20 03:08:09.328,1.10406,1.10421,1.50,3.75
2012.03.20 03:08:09.616,1.10406,1.10419,1.50,2.25
2012.03.20 03:08:10.217,1.10404,1.10419,1.50,2.25
2012.03.20 03:08:10.312,1.104,1.10416,1.50,3.75
2012.03.20 03:08:10.385,1.104,1.10415,1.50,1.50
2012.03.20 03:08:10.994,1.10401,1.10417,1.50,1.69
2012.03.20 03:08:11.392,1.10401,1.10418,1.50,2.25
2012.03.20 03:08:13.138,1.10399,1.10416,2.25,3.00
2012.03.20 03:08:13.262,1.10399,1.10413,2.25,2.25
2012.03.20 03:08:13.478,1.10395,1.10412,2.25,2.25
2012.03.20 03:08:13.555,1.10397,1.10412,1.50,2.25
2012.03.20 03:08:13.913,1.10395,1.10412,2.25,2.25
2012.03.20 03:08:14.045,1.10395,1.10409,2.25,2.25
2012.03.20 03:08:14.728,1.10393,1.10411,3.18,2.25
2012.03.20 03:08:15.459,1.10396,1.10408,1.50,2.25
2012.03.20 03:08:16.002,1.10392,1.10408,2.25,3.00
2012.03.20 03:08:18.073,1.10392,1.10408,2.25,3.00
2012.03.20 03:08:18.144,1.10395,1.10408,1.50,3.00
2012.03.20 03:08:29.431,1.10395,1.1041,1.50,3.75
2012.03.20 03:08:29.563,1.10397,1.1041,1.50,3.00
2012.03.20 03:08:29.892,1.10399,1.10414,1.50,1.50
2012.03.20 03:08:30.862,1.10394,1.10412,2.25,4.50
2012.03.20 03:08:34.072,1.10394,1.10412,2.25,4.50
2012.03.20 03:08:35.615,1.10394,1.10411,1.50,1.50
2012.03.20 03:08:44.995,1.10394,1.10409,1.50,2.25
2012.03.20 03:08:45.695,1.10393,1.10409,2.25,3.75
2012.03.20 03:08:49.000,1.10392,1.10407,1.50,1.50
2012.03.20 03:08:49.355,1.10387,1.10403,2.25,4.69
2012.03.20 03:08:50.105,1.10386,1.10401,1.50,1.50
2012.03.20 03:08:50.413,1.10387,1.10404,1.50,4.50
2012.03.20 03:08:53.474,1.10388,1.10403,1.50,1.50
2012.03.20 03:08:54.024,1.10388,1.10405,1.50,1.50
2012.03.20 03:08:54.610,1.10388,1.10405,1.50,1.50
2012.03.20 03:08:55.133,1.10388,1.10405,1.50,1.50
2012.03.20 03:08:57.357,1.10388,1.10405,1.50,3.75
2012.03.20 03:08:57.953,1.10386,1.10404,2.25,2.25
2012.03.20 03:09:09.397,1.10389,1.10405,1.50,5.25
2012.03.20 03:09:17.232,1.10387,1.10403,5.25,1.50
2012.03.20 03:09:17.674,1.10386,1.10401,1.50,1.50
2012.03.20 03:09:35.902,1.10388,1.10403,1.50,3.75
2012.03.20 03:09:39.335,1.10386,1.10403,1.50,5.25
2012.03.20 03:09:39.838,1.10385,1.10403,2.25,5.25
2012.03.20 03:09:43.010,1.10385,1.10403,2.25,5.44
2012.03.20 03:09:44.691,1.10385,1.10403,2.25,5.44
2012.03.20 03:09:45.191,1.10385,1.10403,4.50,3.00
2012.03.20 03:10:02.002,1.10386,1.10403,1.50,2.25
2012.03.20 03:10:02.072,1.10388,1.10404,1.50,4.50
2012.03.20 03:10:15.796,1.10389,1.10404,1.50,3.00
2012.03.20 03:10:16.361,1.10389,1.10406,1.50,3.75
2012.03.20 03:10:19.978,1.10389,1.10406,1.50,3.94
2012.03.20 03:10:20.286,1.10385,1.10399,1.50,2.25
2012.03.20 03:10:20.591,1.10385,1.104,1.50,3.75
2012.03.20 03:10:20.974,1.10388,1.104,1.50,3.75
2012.03.20 03:10:21.109,1.10385,1.104,1.50,3.75
2012.03.20 03:10:22.872,1.10384,1.104,1.50,3.00
2012.03.20 03:10:31.128,1.10381,1.10398,1.65,3.75
2012.03.20 03:10:31.613,1.10379,1.10395,2.25,3.00
2012.03.20 03:10:32.143,1.1038,1.10395,1.50,3.00
2012.03.20 03:10:32.722,1.1038,1.10397,1.50,1.50
2012.03.20 03:10:34.393,1.1038,1.10396,1.50,1.50
2012.03.20 03:10:37.712,1.1038,1.10396,1.50,1.50
2012.03.20 03:10:37.903,1.10382,1.10396,1.50,1.50
2012.03.20 03:10:38.412,1.10381,1.10396,1.50,1.50
2012.03.20 03:10:39.397,1.10381,1.10396,1.50,1.50
2012.03.20 03:10:39.617,1.10378,1.10391,1.50,1.50
2012.03.20 03:10:39.691,1.10378,1.10386,1.50,2.25
2012.03.20 03:10:40.098,1.10376,1.10386,1.50,1.50
2012.03.20 03:10:40.191,1.10372,1.10388,1.50,4.50
2012.03.20 03:10:40.733,1.10373,1.10388,1.50,4.50
2012.03.20 03:10:41.150,1.10375,1.1039,1.50,1.50
2012.03.20 03:10:41.345,1.10375,1.10391,1.50,4.50
2012.03.20 03:10:41.734,1.10375,1.10391,1.50,4.88
2012.03.20 03:10:41.805,1.10372,1.10387,1.50,2.25
2012.03.20 03:10:42.226,1.10371,1.10385,1.50,2.25
2012.03.20 03:10:42.738,1.10369,1.10385,2.25,2.25
2012.03.20 03:10:42.996,1.10369,1.10383,1.50,1.50
2012.03.20 03:10:43.069,1.10366,1.10382,1.50,1.50
2012.03.20 03:10:43.221,1.10363,1.10379,2.25,2.25
2012.03.20 03:10:43.413,1.10365,1.1038,1.50,3.00
2012.03.20 03:10:43.798,1.10367,1.10381,1.50,3.75
2012.03.20 03:10:44.211,1.10365,1.10378,1.50,2.25
2012.03.20 03:10:45.233,1.10366,1.10378,1.50,2.25
2012.03.20 03:10:45.367,1.10366,1.10383,1.50,3.00
2012.03.20 03:10:45.887,1.10366,1.10383,1.50,3.00
2012.03.20 03:10:47.179,1.10366,1.10383,1.50,3.00
2012.03.20 03:10:52.022,1.10364,1.10382,3.00,1.50
2012.03.20 03:10:52.763,1.10367,1.10383,1.50,4.50
2012.03.20 03:10:53.310,1.10368,1.10383,1.50,2.25
2012.03.20 03:10:54.263,1.10368,1.10386,1.50,3.75
2012.03.20 03:10:54.626,1.1037,1.10386,1.50,2.25
2012.03.20 03:10:57.465,1.10369,1.10385,1.50,1.50
2012.03.20 03:10:57.791,1.10371,1.10386,1.50,2.25
2012.03.20 03:11:08.205,1.10371,1.10387,1.50,4.50
2012.03.20 03:11:08.998,1.10368,1.10386,2.25,3.75
2012.03.20 03:11:09.554,1.10368,1.10385,1.50,2.25
2012.03.20 03:11:25.124,1.10368,1.10385,2.25,3.00
2012.03.20 03:11:30.978,1.10368,1.10383,2.25,2.25
2012.03.20 03:11:31.418,1.10367,1.10382,1.50,2.25
2012.03.20 03:11:31.620,1.10365,1.10382,1.69,3.75
2012.03.20 03:12:06.822,1.10364,1.1038,3.19,2.25
2012.03.20 03:12:06.954,1.10364,1.10382,3.19,3.75
2012.03.20 03:12:07.479,1.10366,1.10382,1.50,2.25
2012.03.20 03:12:07.986,1.10364,1.10382,4.69,2.25
2012.03.20 03:12:09.809,1.10364,1.1038,3.00,2.25
2012.03.20 03:12:09.876,1.10363,1.1038,1.50,3.75
2012.03.20 03:12:11.563,1.10362,1.1038,2.25,4.50
2012.03.20 03:12:17.692,1.10362,1.1038,2.25,5.25
2012.03.20 03:12:17.764,1.1036,1.10378,3.19,2.25
2012.03.20 03:12:19.004,1.1036,1.10378,3.38,2.25
2012.03.20 03:12:19.578,1.1036,1.10377,1.88,1.50
2012.03.20 03:12:19.644,1.1036,1.10377,1.50,1.50
2012.03.20 03:12:25.176,1.10359,1.10375,2.25,1.50
2012.03.20 03:12:26.573,1.10361,1.10377,1.50,6.00
2012.03.20 03:12:26.885,1.10364,1.10377,2.25,3.00
2012.03.20 03:12:27.023,1.10364,1.10378,3.94,1.50
2012.03.20 03:12:32.454,1.10362,1.10377,1.50,1.50
2012.03.20 03:12:32.795,1.1036,1.10378,3.75,3.00
2012.03.20 03:12:32.992,1.1036,1.10376,2.25,1.50
2012.03.20 03:12:34.828,1.10358,1.10376,3.75,3.00
2012.03.20 03:12:34.901,1.10358,1.10376,1.50,3.00
2012.03.20 03:12:35.244,1.10355,1.10369,1.50,1.50
2012.03.20 03:12:35.393,1.10353,1.10367,2.25,3.00
2012.03.20 03:12:35.802,1.10351,1.10367,1.50,3.75
2012.03.20 03:12:36.204,1.10349,1.10366,3.00,2.25
2012.03.20 03:12:36.648,1.10351,1.10367,1.50,3.75
2012.03.20 03:12:36.954,1.10351,1.10365,1.50,3.00
2012.03.20 03:12:37.024,1.10349,1.10365,1.50,4.50
2012.03.20 03:12:38.692,1.1035,1.10363,2.25,1.50
2012.03.20 03:12:39.038,1.10349,1.10363,1.50,3.00
2012.03.20 03:12:39.374,1.1035,1.10357,1.50,1.50
2012.03.20 03:12:39.509,1.10348,1.10357,1.50,1.50
2012.03.20 03:12:39.576,1.10346,1.10357,1.50,1.50
2012.03.20 03:12:39.886,1.10342,1.10351,3.94,2.25
2012.03.20 03:12:40.278,1.10338,1.10351,2.25,2.25
2012.03.20 03:12:40.909,1.10337,1.10345,1.50,2.25
2012.03.20 03:12:41.256,1.10333,1.10344,1.50,1.50
2012.03.20 03:12:41.328,1.10329,1.10343,1.50,1.50
2012.03.20 03:12:41.397,1.10329,1.10341,1.50,2.25
2012.03.20 03:12:41.664,1.10329,1.10344,1.50,2.25
2012.03.20 03:12:41.870,1.10332,1.10343,1.50,2.25
2012.03.20 03:12:42.384,1.10331,1.10343,1.50,2.25
2012.03.20 03:12:42.756,1.10334,1.10343,1.50,2.25
2012.03.20 03:12:43.264,1.10331,1.10343,1.50,2.25
2012.03.20 03:12:43.338,1.10329,1.10343,2.25,2.25
2012.03.20 03:12:45.988,1.10329,1.10338,1.50,2.25
2012.03.20 03:12:46.055,1.10327,1.10338,2.44,2.25
2012.03.20 03:12:46.923,1.1032,1.10338,5.44,3.00
2012.03.20 03:12:46.996,1.10324,1.10335,1.50,1.50
2012.03.20 03:12:47.123,1.10321,1.10335,1.69,1.50
2012.03.20 03:12:47.592,1.10324,1.10335,1.50,1.50
2012.03.20 03:12:48.373,1.10324,1.10331,1.50,2.25
2012.03.20 03:12:48.444,1.1032,1.10331,4.69,2.25
2012.03.20 03:12:49.403,1.10321,1.10331,1.50,2.25
2012.03.20 03:12:50.403,1.10319,1.10331,2.25,2.25
2012.03.20 03:12:50.987,1.10318,1.10331,3.75,2.25
2012.03.20 03:13:01.231,1.10318,1.10333,1.50,1.50
2012.03.20 03:13:03.535,1.10318,1.10331,1.50,2.25
2012.03.20 03:13:07.241,1.10316,1.10331,1.50,2.25
2012.03.20 03:13:07.790,1.10317,1.10331,1.50,2.25
2012.03.20 03:13:09.398,1.10315,1.10326,2.25,2.25
2012.03.20 03:13:09.535,1.10312,1.10326,2.25,2.25
2012.03.20 03:13:09.999,1.10316,1.10326,2.25,2.25
2012.03.20 03:13:10.083,1.10317,1.10331,1.50,2.25
2012.03.20 03:13:10.410,1.10316,1.10334,4.50,3.00
2012.03.20 03:13:10.677,1.1032,1.10335,1.88,1.50
2012.03.20 03:13:11.193,1.10323,1.10336,1.50,1.35
2012.03.20 03:13:11.613,1.10325,1.10337,1.50,2.25
2012.03.20 03:13:11.936,1.10325,1.10338,1.50,1.50
2012.03.20 03:13:13.579,1.10325,1.10335,1.50,2.25
2012.03.20 03:13:13.657,1.1032,1.10335,2.25,2.25
2012.03.20 03:13:13.855,1.10318,1.10335,3.94,2.25
2012.03.20 03:13:14.108,1.1032,1.1033,1.50,2.25
2012.03.20 03:13:14.253,1.10317,1.1033,3.00,2.25
2012.03.20 03:13:14.553,1.10314,1.10327,2.44,1.50
2012.03.20 03:13:15.032,1.10317,1.1033,1.50,3.00
2012.03.20 03:13:15.432,1.10315,1.1033,1.50,3.00
2012.03.20 03:13:17.805,1.10315,1.10331,1.50,1.50
2012.03.20 03:13:19.397,1.10316,1.10331,1.50,2.25
2012.03.20 03:13:19.956,1.10315,1.10331,2.25,3.75
2012.03.20 03:13:20.482,1.10316,1.10334,1.50,3.75
2012.03.20 03:13:22.476,1.10318,1.10335,1.50,2.25
2012.03.20 03:13:22.924,1.1032,1.10336,1.50,2.25
2012.03.20 03:13:25.173,1.10323,1.10336,1.50,2.25
2012.03.20 03:13:25.464,1.10323,1.10338,1.50,2.85
2012.03.20 03:13:25.633,1.10325,1.10339,1.50,1.35
2012.03.20 03:13:27.002,1.10322,1.10339,2.25,1.35
2012.03.20 03:13:27.148,1.10325,1.10339,1.50,1.35
2012.03.20 03:13:27.643,1.10323,1.1034,1.50,3.60
2012.03.20 03:13:29.602,1.10325,1.1034,1.50,3.60
2012.03.20 03:13:32.157,1.10328,1.1034,1.50,2.85
2012.03.20 03:13:32.228,1.10328,1.1034,1.50,2.25
2012.03.20 03:13:32.356,1.10328,1.10343,1.50,2.85
2012.03.20 03:13:32.423,1.1033,1.10343,1.50,2.85
2012.03.20 03:13:32.932,1.10329,1.10343,1.50,2.85
2012.03.20 03:13:36.489,1.10327,1.10343,1.50,5.10
2012.03.20 03:13:43.184,1.10329,1.10344,1.50,2.25
2012.03.20 03:13:43.525,1.10329,1.10345,1.50,5.10
2012.03.20 03:13:44.645,1.10331,1.10345,1.50,2.85
2012.03.20 03:13:44.956,1.10331,1.10345,1.65,2.85
2012.03.20 03:13:45.398,1.10333,1.10346,1.50,3.00
2012.03.20 03:13:48.580,1.10333,1.10348,1.50,2.85
2012.03.20 03:13:49.084,1.10332,1.10347,1.50,2.10
2012.03.20 03:13:49.154,1.10334,1.10347,1.50,1.35
2012.03.20 03:13:49.692,1.10334,1.10348,1.50,2.85
2012.03.20 03:13:50.915,1.10331,1.10348,2.25,2.85
2012.03.20 03:13:56.797,1.10331,1.10349,3.75,3.60
2012.03.20 03:13:56.865,1.10332,1.10349,1.50,3.00
2012.03.20 03:13:57.066,1.10333,1.10354,4.69,3.00
2012.03.20 03:13:57.134,1.10333,1.10354,5.44,3.00
2012.03.20 03:13:57.325,1.10335,1.10355,1.50,3.60
2012.03.20 03:14:03.323,1.10334,1.10355,3.00,4.35
2012.03.20 03:14:12.052,1.10334,1.10353,3.19,1.13
2012.03.20 03:14:12.246,1.10335,1.10355,4.69,1.35
2012.03.20 03:14:12.757,1.10336,1.10355,1.50,1.35
2012.03.20 03:14:12.853,1.10337,1.10355,1.50,1.35
2012.03.20 03:14:21.093,1.10337,1.10355,1.50,1.35
2012.03.20 03:14:22.552,1.10335,1.10355,4.69,1.35
2012.03.20 03:14:30.530,1.10335,1.10355,4.50,1.35
2012.03.20 03:14:31.309,1.10334,1.10354,3.00,2.25
2012.03.20 03:14:31.632,1.10334,1.10352,3.00,1.50
2012.03.20 03:14:35.051,1.10334,1.10352,3.00,1.50
2012.03.20 03:14:38.064,1.10334,1.10352,3.00,2.25
2012.03.20 03:14:40.375,1.10334,1.10352,2.25,2.25
2012.03.20 03:14:40.916,1.10333,1.10352,1.50,4.50
2012.03.20 03:14:45.326,1.10332,1.10346,1.69,1.50
2012.03.20 03:14:45.480,1.10327,1.10344,3.00,2.25
2012.03.20 03:14:45.648,1.10326,1.10342,2.25,1.50
2012.03.20 03:14:45.740,1.10326,1.10342,1.50,3.94
2012.03.20 03:14:45.963,1.10324,1.10339,1.50,3.00
2012.03.20 03:14:46.036,1.10324,1.10338,1.50,1.50
2012.03.20 03:14:46.238,1.10321,1.10338,1.50,1.50
2012.03.20 03:14:46.594,1.10319,1.10337,3.00,2.25
2012.03.20 03:14:46.882,1.10319,1.10337,3.19,2.25
2012.03.20 03:14:47.234,1.10323,1.10341,1.50,5.25
2012.03.20 03:14:48.696,1.10325,1.10341,1.50,2.25
2012.03.20 03:14:50.469,1.10325,1.10338,1.50,1.13
2012.03.20 03:14:51.956,1.10325,1.10338,1.50,1.13
2012.03.20 03:14:52.473,1.10325,1.10338,1.50,1.13
2012.03.20 03:14:53.213,1.10325,1.10338,1.50,1.13
2012.03.20 03:14:53.765,1.10325,1.10338,1.50,1.13
2012.03.20 03:14:54.535,1.10325,1.10338,1.50,1.13
2012.03.20 03:14:55.052,1.10325,1.10337,1.50,1.13
2012.03.20 03:14:55.373,1.10327,1.10342,2.25,1.13
2012.03.20 03:14:55.444,1.10327,1.10342,4.50,1.13
2012.03.20 03:14:55.516,1.1033,1.10342,1.50,1.13
2012.03.20 03:14:55.703,1.10331,1.10344,1.50,1.13
2012.03.20 03:14:55.907,1.10333,1.10344,1.50,1.13
2012.03.20 03:14:57.366,1.10333,1.10344,1.50,1.13
2012.03.20 03:14:57.885,1.10334,1.10345,1.50,1.13
2012.03.20 03:14:59.274,1.10335,1.10344,1.50,1.13
2012.03.20 03:14:59.724,1.10338,1.10347,1.50,1.13
2012.03.20 03:15:01.088,1.10336,1.1035,1.50,1.13
2012.03.20 03:15:01.404,1.10336,1.1035,1.50,1.13
2012.03.20 03:15:01.995,1.10334,1.10349,1.50,1.13
2012.03.20 03:15:04.386,1.10331,1.10348,3.00,1.13
2012.03.20 03:15:06.659,1.10331,1.10348,3.00,1.13
2012.03.20 03:15:06.966,1.10334,1.10349,1.50,1.50
2012.03.20 03:15:09.134,1.10334,1.10348,1.50,3.00
2012.03.20 03:15:09.204,1.10334,1.10348,1.50,1.50
2012.03.20 03:15:09.405,1.10332,1.10347,2.25,2.25
2012.03.20 03:15:09.539,1.10331,1.10348,2.25,2.63
2012.03.20 03:15:09.867,1.10335,1.10346,1.50,1.13
2012.03.20 03:15:09.935,1.10333,1.10346,1.50,1.13
2012.03.20 03:15:10.007,1.10331,1.10345,1.50,1.13
2012.03.20 03:15:10.074,1.10324,1.10345,2.44,1.13
2012.03.20 03:15:10.620,1.10327,1.10345,2.25,1.13
2012.03.20 03:15:12.598,1.10331,1.10348,3.75,1.69
2012.03.20 03:15:12.725,1.10331,1.10348,3.00,1.13
2012.03.20 03:15:13.064,1.10329,1.10348,3.94,1.13
2012.03.20 03:15:14.593,1.10331,1.10348,3.94,1.13
2012.03.20 03:15:15.198,1.10331,1.10348,3.94,1.13
2012.03.20 03:15:15.863,1.10332,1.10349,3.00,1.50
2012.03.20 03:15:17.403,1.10334,1.1035,1.50,3.00
2012.03.20 03:15:19.837,1.10332,1.1035,2.25,3.38
2012.03.20 03:15:20.644,1.10328,1.1035,2.25,3.38
2012.03.20 03:15:23.028,1.10328,1.10348,2.27,1.13
2012.03.20 03:15:24.705,1.10332,1.10348,1.50,3.00
2012.03.20 03:15:25.244,1.1033,1.10348,2.25,3.38
2012.03.20 03:15:26.685,1.1033,1.10345,3.75,1.13
2012.03.20 03:15:26.945,1.10327,1.10342,1.50,2.63
2012.03.20 03:15:27.265,1.10324,1.1034,2.25,1.50
2012.03.20 03:15:27.335,1.10324,1.1034,2.25,1.50
2012.03.20 03:15:27.463,1.10322,1.1034,2.25,1.88
2012.03.20 03:15:27.729,1.10322,1.10338,3.75,2.63
2012.03.20 03:15:27.796,1.1032,1.10338,2.25,2.63
2012.03.20 03:15:28.326,1.10319,1.10337,2.25,2.63
2012.03.20 03:15:28.453,1.10322,1.10338,1.50,2.25
2012.03.20 03:15:28.583,1.10322,1.10337,1.50,1.13
2012.03.20 03:15:29.254,1.10318,1.10337,2.25,1.13
2012.03.20 03:15:31.803,1.10322,1.10337,1.50,1.88
2012.03.20 03:15:32.216,1.10322,1.10338,2.25,1.88
2012.03.20 03:15:32.562,1.10324,1.1034,1.50,2.25
2012.03.20 03:15:33.046,1.10321,1.10339,3.00,4.88
2012.03.20 03:15:33.440,1.1032,1.10335,2.25,1.13
2012.03.20 03:15:33.516,1.10318,1.10334,3.00,1.88
2012.03.20 03:15:34.625,1.10321,1.10337,2.25,3.00
2012.03.20 03:15:35.084,1.10319,1.10333,1.50,1.13
2012.03.20 03:15:35.349,1.10314,1.10333,2.27,1.13
2012.03.20 03:15:36.387,1.10316,1.10333,2.44,1.13
2012.03.20 03:15:38.333,1.10318,1.10334,1.50,2.25
2012.03.20 03:15:38.653,1.10315,1.1033,1.50,1.13
2012.03.20 03:15:39.034,1.10315,1.1033,3.75,1.13
2012.03.20 03:15:40.255,1.10315,1.1033,1.50,1.13
2012.03.20 03:15:40.446,1.1032,1.10333,2.25,1.50
2012.03.20 03:15:40.583,1.10316,1.10333,2.44,1.88
2012.03.20 03:15:41.143,1.10317,1.10329,1.50,1.13
2012.03.20 03:15:41.275,1.1032,1.10329,2.40,1.13
2012.03.20 03:15:41.792,1.1032,1.10336,3.75,1.88
2012.03.20 03:15:45.480,1.10319,1.10334,2.25,1.88
2012.03.20 03:15:49.556,1.10321,1.10337,1.50,1.13
2012.03.20 03:15:50.685,1.10321,1.10337,1.50,1.13
2012.03.20 03:15:51.221,1.10321,1.10337,1.50,1.13
2012.03.20 03:15:54.722,1.1032,1.10337,3.60,1.88
2012.03.20 03:16:00.754,1.10321,1.10338,1.50,1.88
2012.03.20 03:16:01.188,1.10323,1.10338,1.50,1.88
2012.03.20 03:16:01.314,1.10323,1.10338,1.50,1.88
2012.03.20 03:16:01.387,1.10323,1.10338,1.50,1.88
2012.03.20 03:16:08.325,1.10322,1.10338,2.25,3.38
2012.03.20 03:16:09.460,1.10322,1.10338,1.50,3.38
2012.03.20 03:16:10.276,1.10322,1.10338,1.50,3.38
2012.03.20 03:16:10.612,1.10324,1.10338,2.25,1.88
2012.03.20 03:16:11.025,1.10322,1.10338,2.25,1.88
2012.03.20 03:16:12.373,1.10321,1.10338,3.75,1.88
2012.03.20 03:16:17.360,1.10321,1.10338,4.50,1.88
2012.03.20 03:16:17.439,1.10323,1.10338,1.50,1.88
2012.03.20 03:16:17.507,1.10327,1.10338,2.25,1.13
2012.03.20 03:16:17.579,1.10332,1.10338,2.25,1.13
2012.03.20 03:16:17.724,1.10332,1.10343,2.25,1.88
2012.03.20 03:16:18.170,1.1033,1.10344,1.50,1.13
2012.03.20 03:16:18.246,1.1033,1.10344,1.50,1.50
2012.03.20 03:16:18.598,1.10328,1.10341,2.25,1.88
2012.03.20 03:16:18.856,1.10325,1.10341,1.50,1.88
2012.03.20 03:16:19.015,1.10325,1.10341,1.50,1.88
2012.03.20 03:16:19.643,1.10324,1.1034,3.60,2.63
2012.03.20 03:16:23.235,1.10321,1.10336,3.94,1.88
2012.03.20 03:16:23.424,1.10319,1.10336,1.13,1.88
2012.03.20 03:16:23.985,1.1032,1.10336,2.40,1.88
2012.03.20 03:16:24.530,1.1032,1.10336,2.40,2.63
2012.03.20 03:16:25.054,1.10321,1.10336,2.25,1.88
2012.03.20 03:16:25.393,1.10321,1.10336,2.25,1.88
2012.03.20 03:16:28.364,1.10321,1.10336,2.25,1.88
2012.03.20 03:16:28.882,1.10321,1.10336,2.25,1.88
2012.03.20 03:16:31.366,1.10321,1.10329,2.25,1.13
2012.03.20 03:16:31.524,1.10318,1.10326,1.50,2.25
2012.03.20 03:16:31.606,1.10309,1.10326,3.00,2.25
2012.03.20 03:16:31.684,1.10309,1.10324,2.25,2.25
2012.03.20 03:16:31.762,1.10307,1.10323,1.50,1.50
2012.03.20 03:16:31.910,1.10308,1.10324,1.50,2.63
2012.03.20 03:16:32.626,1.10307,1.10324,1.50,3.38
2012.03.20 03:16:33.267,1.10308,1.10324,1.50,4.88
2012.03.20 03:16:35.846,1.10308,1.10324,1.50,4.88
2012.03.20 03:16:38.853,1.10305,1.10322,4.50,1.13
2012.03.20 03:16:39.528,1.10305,1.10323,5.25,2.63
2012.03.20 03:16:39.964,1.10308,1.10323,1.50,1.13
2012.03.20 03:16:43.161,1.10308,1.10323,1.50,1.13
2012.03.20 03:16:47.331,1.10308,1.10323,1.50,1.13
2012.03.20 03:16:47.743,1.1031,1.10323,1.50,1.13
2012.03.20 03:16:48.053,1.10308,1.10323,1.50,1.13
2012.03.20 03:16:51.848,1.10306,1.10322,1.50,1.88
2012.03.20 03:16:52.034,1.10307,1.10323,1.50,4.13
2012.03.20 03:16:56.234,1.10307,1.10323,1.50,1.13
2012.03.20 03:16:57.174,1.10309,1.10323,1.50,1.13
2012.03.20 03:16:57.243,1.10309,1.10323,1.50,1.13
2012.03.20 03:16:57.455,1.10307,1.10323,1.50,1.13
2012.03.20 03:16:58.297,1.10307,1.10323,1.50,1.13
2012.03.20 03:16:58.813,1.10307,1.10323,1.50,1.13
2012.03.20 03:16:59.347,1.10307,1.10323,1.50,1.13
2012.03.20 03:17:05.216,1.10307,1.10323,1.50,1.13
2012.03.20 03:17:05.762,1.10307,1.10323,1.50,1.13
2012.03.20 03:17:08.702,1.10307,1.10322,1.69,1.88
2012.03.20 03:17:09.128,1.1031,1.10328,2.25,1.88
2012.03.20 03:17:09.778,1.1031,1.10328,4.50,1.88
2012.03.20 03:17:13.394,1.10312,1.10329,2.25,1.13
2012.03.20 03:17:15.554,1.10312,1.10329,2.25,1.13
2012.03.20 03:17:18.159,1.10313,1.1033,2.25,2.63
2012.03.20 03:17:18.237,1.10315,1.1033,1.50,2.63
2012.03.20 03:17:18.817,1.10313,1.1033,2.25,2.63
2012.03.20 03:17:19.954,1.10315,1.10331,1.50,3.38
2012.03.20 03:17:24.074,1.10313,1.10328,2.25,2.63
2012.03.20 03:17:30.614,1.10315,1.1033,1.50,2.63
2012.03.20 03:17:32.635,1.10315,1.10326,1.50,2.63
2012.03.20 03:17:33.025,1.10307,1.10324,1.50,2.63
2012.03.20 03:17:33.578,1.10307,1.10324,2.25,2.63
2012.03.20 03:17:34.103,1.10309,1.10324,1.50,2.63
2012.03.20 03:17:34.355,1.10311,1.10324,1.50,2.63
2012.03.20 03:17:34.496,1.10311,1.10326,1.50,1.13
2012.03.20 03:17:34.637,1.10313,1.10327,1.50,3.38
2012.03.20 03:17:35.113,1.10315,1.10327,1.50,1.13
2012.03.20 03:17:35.453,1.10313,1.10327,1.50,1.13
2012.03.20 03:17:36.311,1.10307,1.10321,2.25,2.25
2012.03.20 03:17:36.687,1.10306,1.10322,1.50,2.82
2012.03.20 03:17:37.235,1.10308,1.10323,1.50,4.13
2012.03.20 03:17:37.587,1.10307,1.1032,1.50,2.63
2012.03.20 03:17:37.903,1.10305,1.1032,1.50,2.63
2012.03.20 03:17:38.626,1.10307,1.1032,1.50,2.63
2012.03.20 03:17:38.954,1.10309,1.10323,1.50,3.38
2012.03.20 03:17:39.442,1.10306,1.10323,2.25,3.38
2012.03.20 03:17:39.796,1.10306,1.10323,2.25,1.13
2012.03.20 03:17:40.054,1.10307,1.10324,3.00,1.88
2012.03.20 03:17:40.555,1.10309,1.10325,2.25,1.88
2012.03.20 03:17:41.474,1.10302,1.1032,3.00,4.13
2012.03.20 03:17:42.228,1.10305,1.1032,2.25,2.63
2012.03.20 03:17:42.496,1.10306,1.10323,2.25,2.63
2012.03.20 03:17:42.918,1.10303,1.10319,2.25,2.63
2012.03.20 03:17:43.048,1.10303,1.10319,2.25,2.63
2012.03.20 03:17:43.507,1.10303,1.10321,2.25,2.82
2012.03.20 03:17:43.929,1.10306,1.10322,1.50,5.82
2012.03.20 03:17:44.082,1.10304,1.10318,2.25,2.63
2012.03.20 03:17:44.333,1.10304,1.10318,2.25,2.63
2012.03.20 03:17:44.797,1.10304,1.10318,2.25,2.63
2012.03.20 03:17:45.554,1.1031,1.10323,1.50,2.63
2012.03.20 03:17:45.894,1.10311,1.10324,2.25,1.13
2012.03.20 03:17:46.414,1.10311,1.10326,2.25,1.13
2012.03.20 03:17:46.933,1.10311,1.10326,2.25,1.13
2012.03.20 03:17:50.293,1.10311,1.10326,2.25,1.13
2012.03.20 03:17:50.364,1.10311,1.10326,2.25,1.13
2012.03.20 03:17:50.614,1.10314,1.10329,1.50,3.57
2012.03.20 03:17:51.178,1.10315,1.10329,1.50,1.13
2012.03.20 03:17:51.345,1.10312,1.10328,2.25,1.88
2012.03.20 03:17:51.687,1.10316,1.10328,2.25,1.88
2012.03.20 03:17:51.828,1.10318,1.10332,2.25,1.13
2012.03.20 03:17:51.896,1.1032,1.10332,1.50,1.13
2012.03.20 03:17:51.965,1.10316,1.10332,1.50,3.00
2012.03.20 03:17:52.153,1.10318,1.10331,1.50,1.13
2012.03.20 03:17:52.523,1.10318,1.10331,1.50,1.13
2012.03.20 03:17:52.597,1.10313,1.10329,1.50,1.50
2012.03.20 03:17:53.904,1.10314,1.1033,1.50,1.88
2012.03.20 03:17:57.277,1.10312,1.10328,3.00,1.50
2012.03.20 03:17:57.523,1.10313,1.10331,1.50,4.69
2012.03.20 03:17:57.882,1.10313,1.10331,1.50,6.58
2012.03.20 03:17:58.422,1.10311,1.10329,2.25,1.69
2012.03.20 03:17:58.494,1.10311,1.10329,2.25,1.69
2012.03.20 03:17:59.574,1.10311,1.10329,4.50,1.69
2012.03.20 03:17:59.955,1.10311,1.10329,4.50,2.07
2012.03.20 03:18:01.214,1.10311,1.10329,4.50,1.88
2012.03.20 03:18:01.474,1.10313,1.1033,2.25,2.63
2012.03.20 03:18:02.481,1.10313,1.1033,2.25,2.63
2012.03.20 03:18:03.602,1.10313,1.1033,2.25,2.63
2012.03.20 03:18:08.443,1.10313,1.1033,2.63,2.25
2012.03.20 03:18:08.764,1.1032,1.10334,1.50,1.50
2012.03.20 03:18:09.428,1.10319,1.10335,2.25,2.63
2012.03.20 03:18:09.763,1.10316,1.10332,2.25,1.50
2012.03.20 03:18:10.293,1.10316,1.10332,2.25,1.88
2012.03.20 03:18:13.032,1.10319,1.10332,2.25,1.88
2012.03.20 03:18:13.300,1.10319,1.10335,3.75,1.13
2012.03.20 03:18:13.445,1.10322,1.10335,1.50,1.88
2012.03.20 03:18:13.754,1.10319,1.10335,2.25,1.50
2012.03.20 03:18:14.433,1.10319,1.10334,2.25,1.13
2012.03.20 03:18:16.214,1.10319,1.10335,2.25,1.50
2012.03.20 03:18:16.429,1.10319,1.10336,2.25,1.88
2012.03.20 03:18:16.497,1.10319,1.10337,2.25,1.88
2012.03.20 03:18:17.067,1.10323,1.10339,1.50,3.57
2012.03.20 03:18:18.865,1.1032,1.10338,2.25,1.88
2012.03.20 03:18:20.812,1.10323,1.10339,1.50,3.57
2012.03.20 03:18:22.869,1.10323,1.10339,2.25,2.63
2012.03.20 03:18:23.255,1.10328,1.10343,1.50,1.88
2012.03.20 03:18:23.813,1.10328,1.10343,1.50,1.13
2012.03.20 03:18:24.371,1.10325,1.10343,2.25,2.63
2012.03.20 03:18:25.486,1.10328,1.10343,1.50,1.13
2012.03.20 03:18:26.298,1.10328,1.10344,2.25,2.25
2012.03.20 03:18:26.568,1.10331,1.10344,1.50,1.13
2012.03.20 03:18:32.194,1.10329,1.10345,2.25,4.69
2012.03.20 03:18:32.829,1.10329,1.10344,1.50,1.13
2012.03.20 03:18:33.163,1.10331,1.10344,1.50,1.13
2012.03.20 03:18:42.457,1.10331,1.10345,1.50,2.25
2012.03.20 03:18:42.531,1.10331,1.10347,1.50,3.75
2012.03.20 03:18:43.133,1.10332,1.10347,1.50,2.25
2012.03.20 03:18:44.866,1.1033,1.10347,2.25,2.25
2012.03.20 03:18:46.256,1.1033,1.10346,1.50,1.50
2012.03.20 03:18:46.612,1.10324,1.10339,2.25,3.00
2012.03.20 03:18:46.690,1.10321,1.10337,3.00,2.25
2012.03.20 03:18:47.192,1.10323,1.10338,1.50,1.50
2012.03.20 03:18:47.691,1.10323,1.10338,1.50,1.50
2012.03.20 03:18:48.884,1.10324,1.10338,1.50,1.50
2012.03.20 03:18:49.729,1.10323,1.10338,2.25,1.50
2012.03.20 03:18:50.792,1.10323,1.10339,2.25,1.50
2012.03.20 03:18:53.893,1.10324,1.1034,1.50,3.38
2012.03.20 03:18:54.884,1.10324,1.10342,2.25,2.82
2012.03.20 03:18:55.012,1.10326,1.10342,1.50,1.32
2012.03.20 03:18:55.628,1.10326,1.10342,1.50,1.13
2012.03.20 03:19:07.192,1.10325,1.10341,1.50,1.50
2012.03.20 03:19:07.723,1.10325,1.1034,1.50,2.25
2012.03.20 03:19:08.273,1.10325,1.10341,1.50,1.88
2012.03.20 03:19:08.949,1.10325,1.10341,1.50,1.88
2012.03.20 03:19:14.273,1.10325,1.10338,1.50,2.25
2012.03.20 03:19:14.522,1.10322,1.10338,2.25,2.25
2012.03.20 03:19:15.843,1.10322,1.10338,2.25,2.25
2012.03.20 03:19:16.181,1.10322,1.1034,4.50,3.00
2012.03.20 03:19:16.443,1.10324,1.10341,1.50,3.94
2012.03.20 03:19:19.455,1.10324,1.10342,2.85,6.00
2012.03.20 03:19:19.894,1.10326,1.10344,1.50,2.44
2012.03.20 03:19:20.603,1.10326,1.10344,2.10,2.44
2012.03.20 03:19:25.497,1.10327,1.10344,2.85,1.50
2012.03.20 03:19:41.686,1.10327,1.10341,2.85,1.50
2012.03.20 03:19:42.383,1.10327,1.10344,2.85,2.63
2012.03.20 03:19:43.592,1.10329,1.10346,3.60,1.50
2012.03.20 03:19:43.786,1.1033,1.10346,2.85,1.50
2012.03.20 03:19:44.277,1.10332,1.1035,2.25,3.94
2012.03.20 03:19:46.957,1.10332,1.10349,2.25,2.25
2012.03.20 03:19:47.498,1.1033,1.10348,2.85,1.50
2012.03.20 03:19:47.753,1.1033,1.10348,2.85,1.50
2012.03.20 03:19:49.115,1.1033,1.10348,2.85,1.50
2012.03.20 03:19:49.760,1.1033,1.10346,1.35,1.50
2012.03.20 03:19:50.113,1.10328,1.10343,1.35,1.50
2012.03.20 03:20:00.407,1.10329,1.10346,3.60,1.88
2012.03.20 03:20:05.448,1.10329,1.10346,3.90,1.50
2012.03.20 03:20:05.712,1.10329,1.10346,3.60,1.50
2012.03.20 03:20:07.792,1.10328,1.10343,1.35,1.50
2012.03.20 03:20:12.168,1.10329,1.10347,2.10,4.50
2012.03.20 03:20:18.277,1.10329,1.10347,2.10,5.25
2012.03.20 03:20:25.518,1.10327,1.10345,1.50,1.50
2012.03.20 03:20:31.823,1.10327,1.10345,1.50,2.63
2012.03.20 03:20:32.913,1.10327,1.10344,1.50,3.00
2012.03.20 03:20:33.540,1.10327,1.10344,2.25,3.38
2012.03.20 03:20:37.633,1.10327,1.10344,2.25,1.13
2012.03.20 03:20:39.875,1.10329,1.10346,3.75,1.88
2012.03.20 03:20:40.423,1.10329,1.10347,1.50,2.63
2012.03.20 03:20:40.496,1.10329,1.10347,1.50,2.63
2012.03.20 03:20:40.564,1.10328,1.10344,2.25,1.50
2012.03.20 03:20:54.728,1.1033,1.10346,1.50,1.50
2012.03.20 03:20:55.067,1.10334,1.10348,1.50,2.44
2012.03.20 03:20:57.591,1.10331,1.10348,2.25,2.25
2012.03.20 03:20:59.842,1.10331,1.10348,3.00,2.25
2012.03.20 03:21:00.136,1.10334,1.10348,1.50,2.25
2012.03.20 03:21:10.891,1.10334,1.10349,1.50,2.25
2012.03.20 03:21:34.435,1.10331,1.10348,3.75,2.25
2012.03.20 03:21:34.892,1.10333,1.10348,1.50,2.25
2012.03.20 03:21:37.566,1.10332,1.10348,2.25,3.75
2012.03.20 03:21:41.732,1.10334,1.10348,1.50,2.25
2012.03.20 03:21:45.943,1.10334,1.1035,1.50,4.50
2012.03.20 03:21:49.586,1.10332,1.10348,2.25,1.50
2012.03.20 03:21:55.872,1.10334,1.1035,1.50,5.63
2012.03.20 03:21:58.218,1.10332,1.10348,2.25,1.50
2012.03.20 03:21:58.786,1.10333,1.1035,1.50,3.00
2012.03.20 03:22:15.706,1.10333,1.1035,1.50,2.25
2012.03.20 03:22:16.242,1.10333,1.10349,1.50,3.00
2012.03.20 03:22:16.793,1.10332,1.10348,2.25,3.75
2012.03.20 03:22:28.519,1.10332,1.10346,2.25,2.25
2012.03.20 03:22:28.709,1.10328,1.10345,1.50,1.50
2012.03.20 03:22:29.027,1.10329,1.10346,2.25,3.00
2012.03.20 03:22:29.394,1.10331,1.10348,1.50,3.00
2012.03.20 03:22:29.463,1.10328,1.10346,3.00,1.50
2012.03.20 03:22:30.908,1.1033,1.10348,1.50,4.88
2012.03.20 03:22:31.414,1.1033,1.10348,1.50,4.50
2012.03.20 03:22:34.859,1.1033,1.10348,1.50,5.44
2012.03.20 03:22:35.049,1.10328,1.10346,2.25,2.25
2012.03.20 03:22:35.173,1.10326,1.10344,6.00,1.50
2012.03.20 03:22:46.842,1.10326,1.10344,6.00,1.50
2012.03.20 03:22:47.658,1.10329,1.10345,2.25,1.50
2012.03.20 03:22:48.172,1.10328,1.10344,1.50,1.50
2012.03.20 03:22:48.619,1.10327,1.10342,3.00,1.50
2012.03.20 03:22:48.875,1.10326,1.10342,2.25,1.50
2012.03.20 03:22:54.341,1.10326,1.10342,1.50,2.63
2012.03.20 03:22:54.594,1.10331,1.10343,2.25,1.13
2012.03.20 03:22:54.664,1.10328,1.10344,3.00,2.63
2012.03.20 03:22:54.735,1.10328,1.10341,1.50,1.50
2012.03.20 03:22:55.204,1.10326,1.10341,4.35,1.88
2012.03.20 03:22:57.213,1.10326,1.10341,4.35,1.88
2012.03.20 03:23:02.253,1.10329,1.10341,2.25,1.88
2012.03.20 03:23:02.323,1.10329,1.10341,2.25,1.50
2012.03.20 03:23:02.453,1.10329,1.10344,2.25,2.63
2012.03.20 03:23:03.116,1.10329,1.10344,2.25,1.88
2012.03.20 03:23:05.872,1.10327,1.10344,1.50,1.88
2012.03.20 03:23:08.087,1.10327,1.10344,1.50,2.63
2012.03.20 03:23:12.606,1.10327,1.10344,1.50,2.63
2012.03.20 03:23:16.783,1.10327,1.10344,3.75,2.63
2012.03.20 03:23:18.538,1.10327,1.10344,3.75,2.63
2012.03.20 03:23:23.595,1.10327,1.10344,3.75,2.25
2012.03.20 03:23:24.176,1.10327,1.10344,3.75,2.63
2012.03.20 03:23:31.466,1.10328,1.10345,1.50,1.13
2012.03.20 03:23:31.540,1.1033,1.10346,3.60,2.25
2012.03.20 03:23:31.760,1.10331,1.10348,3.60,2.44
2012.03.20 03:23:32.394,1.10333,1.10348,1.50,1.13
2012.03.20 03:23:32.913,1.10332,1.10347,2.85,2.25
2012.03.20 03:23:36.598,1.1033,1.10345,1.35,1.50
2012.03.20 03:23:37.989,1.10332,1.10342,1.35,1.50
2012.03.20 03:23:41.406,1.10326,1.1034,1.50,1.69
2012.03.20 03:23:41.545,1.10322,1.10338,5.10,1.50
2012.03.20 03:23:41.675,1.10322,1.10338,4.35,2.63
2012.03.20 03:23:41.745,1.10322,1.10338,4.35,2.25
2012.03.20 03:23:42.255,1.10322,1.1034,5.85,3.00
2012.03.20 03:23:42.916,1.10323,1.10339,2.85,1.13
2012.03.20 03:23:46.539,1.10326,1.10342,2.25,1.88
2012.03.20 03:23:46.610,1.10326,1.10342,2.25,1.50
2012.03.20 03:23:47.136,1.10326,1.10342,3.60,1.50
2012.03.20 03:23:47.340,1.10329,1.10345,1.50,3.00
2012.03.20 03:23:52.465,1.10329,1.10344,1.50,1.50
2012.03.20 03:23:52.594,1.10326,1.10341,2.25,1.50
2012.03.20 03:23:52.664,1.10326,1.10341,2.25,2.25
2012.03.20 03:23:52.859,1.10325,1.10343,2.25,2.25
2012.03.20 03:23:53.244,1.10325,1.1034,1.50,2.25
2012.03.20 03:23:53.314,1.10323,1.1034,1.50,2.25
2012.03.20 03:23:53.455,1.10323,1.10338,1.50,2.25
2012.03.20 03:23:53.643,1.10321,1.10338,2.25,3.00
2012.03.20 03:23:54.183,1.1032,1.10336,2.25,1.50
2012.03.20 03:23:54.736,1.1032,1.10336,1.50,2.25
2012.03.20 03:23:54.805,1.10317,1.10335,4.35,2.25
2012.03.20 03:23:55.505,1.10316,1.10332,2.85,1.50
2012.03.20 03:23:56.240,1.10316,1.10332,2.85,2.25
2012.03.20 03:23:57.329,1.10316,1.10332,2.25,2.25
2012.03.20 03:23:59.372,1.10318,1.10334,1.50,4.69
2012.03.20 03:23:59.801,1.10315,1.10333,4.50,2.25
2012.03.20 03:23:59.877,1.10315,1.10333,5.25,2.25
2012.03.20 03:23:59.945,1.10315,1.10328,2.25,2.25
2012.03.20 03:24:00.256,1.10315,1.10325,1.50,2.25
2012.03.20 03:24:00.328,1.10312,1.10323,1.50,2.25
2012.03.20 03:24:00.456,1.10309,1.10323,1.50,2.25
2012.03.20 03:24:01.087,1.10312,1.10326,1.50,3.75
2012.03.20 03:24:01.157,1.10312,1.10326,1.50,3.00
2012.03.20 03:24:04.364,1.1031,1.10326,1.50,5.25
2012.03.20 03:24:09.518,1.1031,1.10325,1.50,2.25
2012.03.20 03:24:16.373,1.10308,1.10324,2.25,1.50
2012.03.20 03:24:19.146,1.10308,1.10322,1.50,1.50
2012.03.20 03:24:19.675,1.10304,1.10318,1.50,3.00
2012.03.20 03:24:20.134,1.10307,1.10321,1.50,2.25
2012.03.20 03:24:20.697,1.10306,1.1032,1.50,2.25
2012.03.20 03:24:26.393,1.10304,1.1032,2.25,2.25
2012.03.20 03:24:31.955,1.10304,1.10322,2.25,3.00
2012.03.20 03:24:32.117,1.10306,1.10322,1.50,1.50
2012.03.20 03:24:32.623,1.10305,1.10321,1.50,1.50
2012.03.20 03:24:38.393,1.10307,1.10322,1.50,1.50
2012.03.20 03:24:38.522,1.10305,1.10323,1.50,5.25
2012.03.20 03:24:39.905,1.10305,1.10322,1.50,1.13
2012.03.20 03:24:40.288,1.10304,1.1032,1.50,5.44
2012.03.20 03:24:40.741,1.10303,1.10319,1.50,3.00
2012.03.20 03:24:42.037,1.10304,1.10321,1.50,3.00
2012.03.20 03:24:44.274,1.10304,1.10321,1.50,3.00
2012.03.20 03:24:44.343,1.10306,1.10321,1.50,3.00
2012.03.20 03:24:44.835,1.10304,1.1032,1.50,1.50
2012.03.20 03:24:46.169,1.10306,1.10323,1.50,3.00
2012.03.20 03:24:46.767,1.10305,1.10322,2.25,1.50
2012.03.20 03:24:47.273,1.10306,1.10322,2.25,1.50
2012.03.20 03:24:47.642,1.10309,1.10325,1.50,3.00
2012.03.20 03:24:47.834,1.10306,1.10324,2.25,1.50
2012.03.20 03:24:48.084,1.10309,1.10325,1.50,3.00
2012.03.20 03:24:48.393,1.10306,1.10324,2.25,2.25
2012.03.20 03:24:48.897,1.10306,1.10324,2.25,1.50
2012.03.20 03:24:49.854,1.10306,1.10324,2.25,2.25
2012.03.20 03:24:50.413,1.10304,1.10322,4.50,1.50
2012.03.20 03:24:50.644,1.10307,1.10323,1.50,4.50
2012.03.20 03:24:50.854,1.10304,1.10322,2.25,1.50
2012.03.20 03:24:51.367,1.10306,1.10324,1.50,5.44
2012.03.20 03:24:51.730,1.10309,1.10324,1.50,3.94
2012.03.20 03:24:51.867,1.10306,1.10324,3.75,2.44
2012.03.20 03:24:51.936,1.10309,1.10325,1.50,3.00
2012.03.20 03:24:52.445,1.10307,1.10323,2.25,3.75
2012.03.20 03:24:52.633,1.10308,1.10325,1.50,3.00
2012.03.20 03:24:53.153,1.10308,1.10324,1.50,2.25
2012.03.20 03:24:53.954,1.10306,1.10324,2.25,3.75
2012.03.20 03:24:55.555,1.10309,1.10324,1.50,2.25
2012.03.20 03:24:55.992,1.10307,1.10323,2.25,1.50
2012.03.20 03:25:01.143,1.10308,1.10323,1.50,2.25
2012.03.20 03:25:01.668,1.10308,1.10324,1.50,2.44
2012.03.20 03:25:01.740,1.10308,1.1032,1.50,2.25
2012.03.20 03:25:01.819,1.10306,1.1032,2.25,2.25
2012.03.20 03:25:02.337,1.10304,1.1032,2.25,2.25
2012.03.20 03:25:02.765,1.10308,1.10323,1.50,1.69
2012.03.20 03:25:02.906,1.10306,1.10323,1.50,3.94
2012.03.20 03:25:03.228,1.10311,1.10323,1.50,1.50
2012.03.20 03:25:03.484,1.10308,1.10321,1.50,2.25
2012.03.20 03:25:03.798,1.10306,1.10321,2.25,2.25
2012.03.20 03:25:07.886,1.10306,1.10321,2.25,2.25
2012.03.20 03:25:08.078,1.10309,1.10321,1.50,2.25
2012.03.20 03:25:08.204,1.10312,1.10325,1.50,2.25
2012.03.20 03:25:08.553,1.1031,1.10325,1.50,2.25
2012.03.20 03:25:10.727,1.1031,1.10324,1.50,2.25
2012.03.20 03:25:10.915,1.10307,1.10323,1.50,2.25
2012.03.20 03:25:11.046,1.10305,1.10319,3.00,2.25
2012.03.20 03:25:11.425,1.10302,1.10319,3.00,2.25
2012.03.20 03:25:11.913,1.10304,1.10318,1.50,2.25
2012.03.20 03:25:17.754,1.10302,1.10318,1.50,2.25
2012.03.20 03:25:17.825,1.10305,1.10318,1.50,2.25
2012.03.20 03:25:18.025,1.10303,1.10318,1.50,3.00
2012.03.20 03:25:18.560,1.10303,1.10317,1.50,1.50
2012.03.20 03:25:18.639,1.103,1.10317,2.25,1.50
2012.03.20 03:25:23.835,1.103,1.10315,2.25,1.50
2012.03.20 03:25:24.338,1.10299,1.10315,1.50,3.00
2012.03.20 03:25:24.476,1.10301,1.10315,1.50,1.50
2012.03.20 03:25:25.316,1.10299,1.10315,1.50,3.00
2012.03.20 03:25:27.515,1.10299,1.10315,1.50,2.44
2012.03.20 03:25:28.129,1.10298,1.10313,1.50,2.25
2012.03.20 03:25:36.342,1.10299,1.10315,1.50,2.25
2012.03.20 03:25:40.308,1.10299,1.10315,1.50,2.44
2012.03.20 03:25:41.414,1.10299,1.10315,1.50,3.19
2012.03.20 03:25:41.950,1.10297,1.10315,4.50,2.25
2012.03.20 03:25:42.315,1.10296,1.10312,2.25,1.50
2012.03.20 03:25:43.323,1.10296,1.10313,2.25,2.25
2012.03.20 03:25:44.044,1.10298,1.10314,1.50,2.44
2012.03.20 03:25:48.124,1.10298,1.10314,1.50,2.44
2012.03.20 03:25:48.579,1.103,1.10316,1.50,6.38
2012.03.20 03:25:49.140,1.103,1.10316,1.50,6.38
2012.03.20 03:25:49.928,1.103,1.10316,1.50,6.00
2012.03.20 03:25:51.367,1.103,1.10315,1.50,2.25
2012.03.20 03:25:51.674,1.10297,1.10312,3.75,1.50
2012.03.20 03:25:52.056,1.103,1.10316,1.50,2.63
2012.03.20 03:25:52.185,1.10298,1.10314,2.25,2.44
2012.03.20 03:25:52.844,1.10298,1.10314,2.25,1.50
2012.03.20 03:25:59.924,1.10299,1.10315,1.50,3.00
2012.03.20 03:25:59.993,1.10301,1.10315,1.50,3.00
2012.03.20 03:26:00.352,1.10304,1.10319,1.50,3.00
2012.03.20 03:26:00.886,1.10304,1.10319,1.50,2.25
2012.03.20 03:26:01.663,1.10304,1.10319,1.50,3.19
2012.03.20 03:26:04.272,1.10304,1.10319,1.50,3.19
2012.03.20 03:26:12.084,1.10306,1.10319,1.50,3.00
2012.03.20 03:26:13.404,1.10304,1.10319,1.50,3.00
2012.03.20 03:26:16.074,1.10305,1.1032,1.50,1.50
2012.03.20 03:26:16.836,1.10303,1.1032,2.25,1.50
2012.03.20 03:26:19.378,1.10301,1.10319,2.25,2.25
2012.03.20 03:26:19.867,1.10299,1.10317,6.00,1.50
2012.03.20 03:26:20.639,1.10302,1.10317,2.25,1.50
2012.03.20 03:26:20.780,1.10302,1.10319,2.25,1.50
2012.03.20 03:26:20.917,1.10304,1.1032,1.50,1.50
2012.03.20 03:26:21.239,1.10306,1.10322,1.50,2.44
2012.03.20 03:26:21.311,1.10303,1.10321,1.50,2.25
2012.03.20 03:26:21.504,1.10303,1.10321,1.50,2.25
2012.03.20 03:26:21.634,1.10303,1.10321,1.50,2.25
2012.03.20 03:26:21.945,1.10302,1.10318,1.50,1.50
2012.03.20 03:26:22.565,1.10302,1.10316,1.50,2.25
2012.03.20 03:26:23.076,1.10301,1.10312,1.50,2.25
2012.03.20 03:26:23.611,1.103,1.10312,1.50,2.25
2012.03.20 03:26:25.567,1.103,1.10307,1.50,2.25
2012.03.20 03:26:26.316,1.10296,1.10307,2.25,2.25
2012.03.20 03:26:26.724,1.10298,1.10307,1.50,2.25
2012.03.20 03:26:26.795,1.10296,1.10307,1.50,2.25
2012.03.20 03:26:27.445,1.10298,1.10307,1.50,2.25
2012.03.20 03:26:27.574,1.10296,1.10307,1.50,2.25
2012.03.20 03:26:30.284,1.10296,1.10311,3.75,1.50
2012.03.20 03:26:30.844,1.10297,1.10313,1.50,1.50
2012.03.20 03:26:32.896,1.10295,1.10313,5.10,3.00
2012.03.20 03:26:34.135,1.10295,1.10309,5.10,2.25
2012.03.20 03:26:34.456,1.10295,1.10309,1.35,4.50
2012.03.20 03:26:36.535,1.10294,1.1031,3.75,2.25
2012.03.20 03:26:37.447,1.10295,1.1031,1.50,2.25
2012.03.20 03:26:37.894,1.10297,1.10311,2.25,1.50
2012.03.20 03:26:42.876,1.10294,1.10311,6.00,1.50
2012.03.20 03:26:45.348,1.10294,1.10311,6.00,1.50
2012.03.20 03:26:50.699,1.10298,1.10311,1.50,1.50
2012.03.20 03:26:51.680,1.10295,1.10311,2.25,1.50
2012.03.20 03:27:01.365,1.10297,1.10311,2.25,1.50
2012.03.20 03:27:02.083,1.10298,1.10311,1.50,1.50
2012.03.20 03:27:02.650,1.10297,1.10311,2.25,1.50
2012.03.20 03:27:04.799,1.10299,1.10313,2.25,2.25
2012.03.20 03:27:05.319,1.103,1.10314,1.50,3.75
2012.03.20 03:27:05.735,1.10296,1.10311,3.00,1.50
2012.03.20 03:27:06.393,1.10299,1.10311,1.50,1.50
2012.03.20 03:27:06.914,1.10296,1.10311,3.00,1.50
2012.03.20 03:27:07.119,1.10296,1.10311,3.00,1.50
2012.03.20 03:27:07.458,1.10293,1.10305,2.25,2.25
2012.03.20 03:27:07.601,1.10289,1.10305,1.50,2.25
2012.03.20 03:27:07.750,1.10291,1.10305,1.35,2.25
2012.03.20 03:27:08.247,1.10298,1.10313,2.25,2.44
2012.03.20 03:27:08.585,1.103,1.10313,1.50,2.44
2012.03.20 03:27:08.715,1.10298,1.10313,2.25,2.44
2012.03.20 03:27:10.245,1.10299,1.10313,1.50,2.25
2012.03.20 03:27:10.794,1.10299,1.10313,1.50,2.25
2012.03.20 03:27:11.224,1.10297,1.10313,4.50,3.75
2012.03.20 03:27:11.424,1.103,1.10313,1.50,1.50
2012.03.20 03:27:11.625,1.10298,1.10313,1.50,1.50
2012.03.20 03:27:12.244,1.10298,1.10315,1.50,1.50
2012.03.20 03:27:12.320,1.103,1.10315,2.25,1.50
2012.03.20 03:27:12.953,1.10301,1.10315,1.50,1.50
2012.03.20 03:27:18.863,1.10301,1.10317,1.50,3.19
2012.03.20 03:27:20.915,1.10299,1.10315,3.75,3.00
2012.03.20 03:27:21.307,1.103,1.10314,1.50,1.50
2012.03.20 03:27:26.486,1.103,1.10316,1.50,1.50
2012.03.20 03:27:26.640,1.103,1.10316,1.50,1.50
2012.03.20 03:27:28.774,1.103,1.10317,1.50,3.94
2012.03.20 03:27:29.515,1.103,1.10317,1.50,3.94
2012.03.20 03:27:29.649,1.103,1.10317,1.50,4.69
2012.03.20 03:27:32.261,1.103,1.10314,1.50,1.50
2012.03.20 03:27:32.517,1.10298,1.10313,1.50,1.50
2012.03.20 03:27:33.056,1.10297,1.10313,2.10,3.00
2012.03.20 03:27:34.985,1.10301,1.10313,1.50,3.00
2012.03.20 03:27:35.317,1.10301,1.10315,1.50,1.50
2012.03.20 03:27:35.587,1.10302,1.10317,1.50,2.25
2012.03.20 03:27:36.327,1.10302,1.10318,3.00,3.00
2012.03.20 03:27:39.414,1.10302,1.10317,1.50,1.50
2012.03.20 03:27:39.884,1.10302,1.10318,1.50,3.75
2012.03.20 03:27:40.095,1.10302,1.10314,1.50,1.50
2012.03.20 03:27:40.441,1.10302,1.1031,1.50,2.25
2012.03.20 03:27:41.219,1.10302,1.10312,1.50,4.50
2012.03.20 03:27:42.584,1.10302,1.10312,1.50,2.25
2012.03.20 03:27:43.138,1.10302,1.10312,1.50,2.25
2012.03.20 03:27:43.632,1.10302,1.10314,1.50,5.44
2012.03.20 03:27:44.345,1.10302,1.10316,1.50,3.38
2012.03.20 03:27:47.815,1.10302,1.10316,3.00,1.69
2012.03.20 03:27:48.474,1.10302,1.10315,1.50,3.19
2012.03.20 03:27:49.196,1.10302,1.10315,1.50,3.19
2012.03.20 03:27:50.318,1.10302,1.10317,1.50,5.25
2012.03.20 03:27:50.864,1.10304,1.10318,1.50,1.50
2012.03.20 03:27:51.421,1.10302,1.10318,1.35,1.50
2012.03.20 03:27:57.153,1.10303,1.10319,2.25,3.94
2012.03.20 03:28:00.447,1.10306,1.1032,1.50,2.25
2012.03.20 03:28:00.965,1.10303,1.10318,2.25,2.25
2012.03.20 03:28:01.588,1.10304,1.10318,1.50,2.25
2012.03.20 03:28:08.584,1.10304,1.10319,1.50,1.50
2012.03.20 03:28:09.045,1.10306,1.10321,1.50,4.50
2012.03.20 03:28:09.658,1.10305,1.10321,3.00,5.25
2012.03.20 03:28:12.784,1.10305,1.10321,3.00,4.50
2012.03.20 03:28:16.213,1.10307,1.10322,1.50,3.19
2012.03.20 03:28:16.404,1.10305,1.1032,1.50,1.50
2012.03.20 03:28:16.603,1.10307,1.10322,1.50,3.19
2012.03.20 03:28:16.859,1.10305,1.10322,3.00,3.19
2012.03.20 03:28:18.150,1.10305,1.10323,3.00,4.50
2012.03.20 03:28:18.433,1.10305,1.10321,3.00,2.25
2012.03.20 03:28:21.903,1.10307,1.10321,1.50,2.25
2012.03.20 03:28:22.923,1.10307,1.1032,1.50,2.25
2012.03.20 03:28:23.173,1.10304,1.1032,2.25,2.25
2012.03.20 03:28:24.744,1.10304,1.1032,2.25,3.00
2012.03.20 03:28:24.933,1.10305,1.1032,2.25,3.00
2012.03.20 03:28:26.393,1.10305,1.10318,2.25,2.25
2012.03.20 03:28:28.186,1.10303,1.10321,2.25,4.50
2012.03.20 03:28:28.259,1.10306,1.10321,1.50,3.00
2012.03.20 03:28:33.413,1.10307,1.10321,1.50,3.00
2012.03.20 03:28:33.932,1.10306,1.10321,1.50,3.00
2012.03.20 03:28:45.546,1.10306,1.10321,1.50,3.94
2012.03.20 03:28:51.175,1.10303,1.10321,1.50,5.44
2012.03.20 03:28:51.304,1.10306,1.10321,1.50,3.94
2012.03.20 03:28:52.819,1.10306,1.10321,1.50,3.19
2012.03.20 03:28:53.333,1.10306,1.10321,1.50,3.94
2012.03.20 03:28:56.499,1.10303,1.10321,2.25,5.44
2012.03.20 03:28:56.633,1.10303,1.10317,2.25,2.25
2012.03.20 03:29:00.494,1.10303,1.10318,2.25,2.25
2012.03.20 03:29:00.834,1.10305,1.10319,1.50,2.25
2012.03.20 03:29:01.517,1.10303,1.10319,2.25,2.25
2012.03.20 03:29:06.665,1.10303,1.1032,2.25,3.00
2012.03.20 03:29:06.737,1.10305,1.1032,1.50,2.25
2012.03.20 03:29:07.147,1.10304,1.10319,1.50,1.69
2012.03.20 03:29:07.464,1.10302,1.10316,1.50,3.00
2012.03.20 03:29:08.030,1.10302,1.10315,1.50,2.25
2012.03.20 03:29:11.632,1.10299,1.10315,1.50,2.25
2012.03.20 03:29:11.943,1.10301,1.10315,1.50,2.25
2012.03.20 03:29:13.544,1.10301,1.10312,1.50,2.25
2012.03.20 03:29:13.813,1.10301,1.10317,1.50,3.94
2012.03.20 03:29:13.895,1.10299,1.10316,1.50,1.50
2012.03.20 03:29:14.418,1.10299,1.10314,3.00,1.50
2012.03.20 03:29:14.499,1.10302,1.10318,1.50,6.75
2012.03.20 03:29:14.686,1.103,1.10316,1.50,1.50
2012.03.20 03:29:14.757,1.10301,1.10318,1.50,5.25
2012.03.20 03:29:16.566,1.10304,1.10318,1.50,5.25
2012.03.20 03:29:30.839,1.103,1.10318,1.50,5.25
2012.03.20 03:29:30.909,1.10303,1.10318,1.50,3.75
2012.03.20 03:29:32.463,1.10301,1.10318,1.50,3.75
2012.03.20 03:29:33.090,1.10301,1.10317,1.50,2.25
2012.03.20 03:29:33.168,1.10304,1.10318,1.50,3.75
2012.03.20 03:29:35.034,1.10302,1.10318,1.50,5.25
2012.03.20 03:29:35.582,1.10304,1.10318,1.50,1.50
2012.03.20 03:29:38.014,1.10302,1.10318,1.50,3.00
2012.03.20 03:29:38.144,1.10306,1.10319,1.50,3.00
2012.03.20 03:29:38.345,1.10306,1.1032,1.50,3.00
2012.03.20 03:29:38.834,1.10303,1.1032,2.25,3.00
2012.03.20 03:29:40.404,1.10303,1.10318,2.25,2.25
2012.03.20 03:29:40.847,1.10305,1.10319,1.50,2.25
2012.03.20 03:29:42.065,1.10302,1.10318,1.50,1.50
2012.03.20 03:29:42.623,1.10303,1.10319,2.25,3.75
2012.03.20 03:29:46.621,1.10303,1.10319,2.25,4.13
2012.03.20 03:29:48.005,1.10304,1.10319,1.50,2.63
2012.03.20 03:29:49.828,1.10304,1.1032,2.25,4.13
2012.03.20 03:29:54.195,1.10303,1.1032,2.25,3.38
2012.03.20 03:30:01.476,1.10301,1.10318,2.25,2.63
2012.03.20 03:30:05.055,1.10301,1.10318,2.25,2.63
2012.03.20 03:30:05.944,1.103,1.10316,2.25,1.50
2012.03.20 03:30:08.812,1.10301,1.10318,2.25,2.63
2012.03.20 03:30:14.442,1.10301,1.10318,2.25,2.63
2012.03.20 03:30:16.585,1.10304,1.10318,1.50,2.63
2012.03.20 03:30:17.125,1.10303,1.10318,1.50,2.63
2012.03.20 03:30:17.327,1.10303,1.1032,1.50,2.25
2012.03.20 03:30:21.711,1.10304,1.1032,1.50,3.75
2012.03.20 03:30:28.107,1.10304,1.10319,1.50,1.50
2012.03.20 03:30:28.178,1.10301,1.10319,2.25,3.75
2012.03.20 03:30:28.308,1.103,1.10316,1.50,2.44
2012.03.20 03:30:28.445,1.10297,1.10315,2.10,3.94
2012.03.20 03:30:28.964,1.103,1.10315,1.50,2.44
2012.03.20 03:30:29.414,1.10302,1.10317,1.50,1.50
2012.03.20 03:30:29.545,1.10299,1.10317,2.25,3.00
2012.03.20 03:30:33.682,1.10302,1.10318,1.50,4.69
2012.03.20 03:30:37.003,1.10303,1.10317,1.50,1.50
2012.03.20 03:30:40.233,1.103,1.10317,1.50,1.50
2012.03.20 03:30:46.794,1.10299,1.10315,2.25,1.50
2012.03.20 03:30:47.323,1.10298,1.10316,2.25,2.25
2012.03.20 03:30:47.883,1.10301,1.10317,1.50,3.00
2012.03.20 03:30:50.363,1.10298,1.10316,1.50,2.25
2012.03.20 03:30:50.865,1.10298,1.10316,1.50,4.50
2012.03.20 03:30:51.363,1.10301,1.10315,1.50,1.50
2012.03.20 03:30:51.936,1.10298,1.10315,1.50,1.50
2012.03.20 03:30:52.004,1.10301,1.10315,1.50,1.50
2012.03.20 03:30:52.874,1.10299,1.10315,1.50,3.00
2012.03.20 03:31:05.896,1.10297,1.10313,4.50,1.50
2012.03.20 03:31:06.469,1.10299,1.10315,1.50,2.25
2012.03.20 03:31:15.655,1.10302,1.10316,1.50,1.50
2012.03.20 03:31:16.434,1.10302,1.10317,1.50,1.50
2012.03.20 03:31:17.985,1.10305,1.10319,1.50,1.32
2012.03.20 03:31:18.294,1.10307,1.10321,3.75,1.50
2012.03.20 03:31:18.484,1.10308,1.10324,1.50,2.63
2012.03.20 03:31:19.034,1.10307,1.10323,1.50,2.25
2012.03.20 03:31:20.765,1.10308,1.10324,1.50,1.50
2012.03.20 03:31:35.885,1.10308,1.10325,2.25,1.13
2012.03.20 03:31:36.014,1.10312,1.10325,1.50,1.13
2012.03.20 03:31:36.376,1.10309,1.10325,1.50,1.13
2012.03.20 03:31:37.424,1.10311,1.10325,1.50,1.13
2012.03.20 03:31:43.527,1.10308,1.10325,2.25,3.75
2012.03.20 03:31:43.599,1.1031,1.10325,1.50,3.75
2012.03.20 03:31:44.045,1.10312,1.10326,1.50,3.38
2012.03.20 03:31:44.624,1.10311,1.10326,1.50,3.38
2012.03.20 03:31:48.924,1.1031,1.10326,2.25,2.25
2012.03.20 03:31:52.944,1.10311,1.10327,1.50,4.50
2012.03.20 03:31:58.103,1.10308,1.10326,2.25,2.25
2012.03.20 03:31:58.606,1.10308,1.10325,2.25,2.25
2012.03.20 03:32:00.194,1.1031,1.10325,1.50,2.25
2012.03.20 03:32:00.863,1.1031,1.10327,1.50,1.69
2012.03.20 03:32:03.418,1.10309,1.10325,1.50,1.50
2012.03.20 03:32:18.586,1.1031,1.10328,1.50,6.38
2012.03.20 03:32:19.036,1.10314,1.10328,1.50,3.00
2012.03.20 03:32:19.556,1.10315,1.10333,1.50,5.25
2012.03.20 03:32:19.626,1.10315,1.10333,1.50,5.25
2012.03.20 03:32:20.328,1.10316,1.10332,1.50,2.25
2012.03.20 03:32:22.257,1.10313,1.10331,5.25,1.50
2012.03.20 03:32:26.873,1.10316,1.10332,1.50,2.25
2012.03.20 03:32:26.950,1.10313,1.10331,5.25,1.50
2012.03.20 03:32:27.833,1.10315,1.10333,1.50,3.19
2012.03.20 03:32:36.573,1.10315,1.10333,2.25,4.50
2012.03.20 03:32:39.224,1.10315,1.10333,2.25,4.69
2012.03.20 03:32:43.703,1.10315,1.10333,2.25,4.50
2012.03.20 03:32:51.196,1.10316,1.10333,2.25,4.50
2012.03.20 03:32:51.285,1.10323,1.10333,1.69,2.25
2012.03.20 03:32:51.365,1.10323,1.10335,1.69,1.50
2012.03.20 03:32:51.441,1.10324,1.10339,2.44,1.50
2012.03.20 03:32:51.586,1.10324,1.10339,3.19,1.50
2012.03.20 03:32:51.724,1.10325,1.10342,2.25,2.63
2012.03.20 03:32:52.047,1.1033,1.10343,1.50,2.63
2012.03.20 03:32:52.546,1.10326,1.10342,1.50,1.88
2012.03.20 03:32:53.367,1.10324,1.1034,4.50,1.50
2012.03.20 03:32:53.448,1.10324,1.1034,3.75,1.50
2012.03.20 03:32:53.759,1.10324,1.1034,2.25,1.50
2012.03.20 03:32:54.027,1.10325,1.10342,1.50,4.32
2012.03.20 03:32:56.649,1.10323,1.10341,4.50,1.50
2012.03.20 03:32:59.285,1.10323,1.10338,1.50,1.50
2012.03.20 03:32:59.475,1.10322,1.10338,1.50,1.50
2012.03.20 03:33:10.355,1.1032,1.10337,2.25,1.50
2012.03.20 03:33:10.497,1.10321,1.10335,1.50,1.50
2012.03.20 03:33:10.624,1.10318,1.10335,5.10,1.50
2012.03.20 03:33:11.638,1.10318,1.10335,3.60,1.50
2012.03.20 03:33:17.653,1.10318,1.10335,4.35,1.50
2012.03.20 03:33:18.154,1.10318,1.10335,4.35,1.50
2012.03.20 03:33:19.426,1.10318,1.10335,3.60,1.69
2012.03.20 03:33:19.916,1.10317,1.10333,2.10,1.50
2012.03.20 03:33:20.437,1.10318,1.10334,1.50,1.50
2012.03.20 03:33:31.114,1.10317,1.10333,1.35,1.50
2012.03.20 03:33:35.904,1.10317,1.10335,3.60,2.25
2012.03.20 03:33:42.195,1.10317,1.10333,1.35,1.50
2012.03.20 03:33:43.477,1.10317,1.1033,1.35,1.50
2012.03.20 03:33:45.387,1.10317,1.10333,1.35,3.00
2012.03.20 03:33:54.559,1.10318,1.10333,1.50,1.50
2012.03.20 03:33:57.030,1.10318,1.10334,1.50,2.25
2012.03.20 03:33:57.416,1.1032,1.10336,1.50,1.50
2012.03.20 03:34:02.197,1.1032,1.10336,3.00,1.50
2012.03.20 03:34:02.540,1.10324,1.1034,1.50,2.25
2012.03.20 03:34:02.995,1.10325,1.1034,1.50,1.50
2012.03.20 03:34:03.208,1.10324,1.1034,5.25,1.50
2012.03.20 03:34:04.959,1.10324,1.10339,3.00,1.50
2012.03.20 03:34:05.606,1.10324,1.1034,2.25,2.25
2012.03.20 03:34:06.125,1.10322,1.10339,4.50,1.50
2012.03.20 03:34:06.518,1.10323,1.10341,2.25,1.50
2012.03.20 03:34:08.274,1.10323,1.10341,1.50,2.25
2012.03.20 03:34:08.854,1.10322,1.10339,2.25,1.50
2012.03.20 03:34:09.357,1.10322,1.10339,3.00,1.50
2012.03.20 03:34:10.277,1.10323,1.10341,2.25,3.38
2012.03.20 03:34:12.983,1.10323,1.10341,2.25,4.88
2012.03.20 03:34:16.168,1.10321,1.10337,4.50,1.50
2012.03.20 03:34:16.716,1.10321,1.10337,3.75,1.50
2012.03.20 03:34:21.125,1.10319,1.10335,1.50,1.50
2012.03.20 03:34:21.933,1.1032,1.10337,2.25,2.25
2012.03.20 03:34:26.044,1.1032,1.10337,3.00,2.25
2012.03.20 03:34:26.614,1.1032,1.10338,6.00,1.50
2012.03.20 03:34:32.108,1.10322,1.1034,4.50,2.25
2012.03.20 03:34:33.964,1.10322,1.10339,2.25,2.25
2012.03.20 03:34:34.591,1.1032,1.10338,3.75,1.50
2012.03.20 03:34:35.258,1.1032,1.10338,3.75,1.50
2012.03.20 03:34:35.776,1.1032,1.10337,3.00,2.25
2012.03.20 03:34:36.296,1.10322,1.1034,1.50,5.25
2012.03.20 03:34:36.887,1.10322,1.1034,1.50,5.25
2012.03.20 03:34:37.087,1.1032,1.10337,1.50,1.50
2012.03.20 03:34:38.438,1.1032,1.10337,1.69,1.50
2012.03.20 03:34:39.034,1.10322,1.10338,1.50,1.50
2012.03.20 03:34:41.385,1.1032,1.10337,1.50,1.50
2012.03.20 03:34:43.796,1.10319,1.10337,2.25,2.25
2012.03.20 03:34:43.927,1.10318,1.10335,1.35,1.50
2012.03.20 03:34:50.536,1.10318,1.10335,1.35,1.50
2012.03.20 03:34:54.228,1.10319,1.10337,1.50,5.44
2012.03.20 03:34:54.824,1.10318,1.10334,2.25,1.50
2012.03.20 03:34:56.616,1.10318,1.10334,3.60,1.50
2012.03.20 03:34:56.686,1.1032,1.10336,2.10,1.50
2012.03.20 03:34:57.118,1.10322,1.10338,2.25,3.75
2012.03.20 03:34:57.389,1.10324,1.1034,3.75,1.50
2012.03.20 03:34:57.907,1.10323,1.10339,3.00,1.50
2012.03.20 03:34:59.146,1.10324,1.1034,1.50,1.88
2012.03.20 03:35:04.541,1.10321,1.10337,2.85,2.25
2012.03.20 03:35:04.894,1.10321,1.10337,2.10,2.25
2012.03.20 03:35:05.538,1.1032,1.10336,2.85,1.88
2012.03.20 03:35:08.576,1.10321,1.10339,2.10,4.50
2012.03.20 03:35:08.719,1.10324,1.10339,1.50,3.00
2012.03.20 03:35:13.706,1.10324,1.1034,1.50,2.63
2012.03.20 03:35:13.776,1.10321,1.10336,3.60,2.25
2012.03.20 03:35:13.849,1.10321,1.10336,3.60,1.50
2012.03.20 03:35:14.534,1.10321,1.10336,3.60,1.50
2012.03.20 03:35:15.298,1.10322,1.1034,2.25,2.63
2012.03.20 03:35:15.884,1.10321,1.10337,5.10,2.25
2012.03.20 03:35:32.699,1.10322,1.10339,2.25,2.25
2012.03.20 03:35:32.769,1.10324,1.10339,1.50,2.25
2012.03.20 03:35:32.955,1.10324,1.10342,1.50,3.00
2012.03.20 03:35:34.978,1.10322,1.1034,5.25,1.50
2012.03.20 03:35:35.525,1.10322,1.10339,2.25,2.25
2012.03.20 03:35:36.259,1.10323,1.10339,1.50,3.75
2012.03.20 03:35:37.047,1.1032,1.10338,3.00,1.50
2012.03.20 03:35:37.355,1.1032,1.10337,2.25,2.63
2012.03.20 03:35:39.070,1.10319,1.10335,2.25,1.50
2012.03.20 03:35:39.407,1.10319,1.10333,1.50,2.63
2012.03.20 03:35:39.608,1.10317,1.10333,1.50,4.13
2012.03.20 03:35:41.336,1.10319,1.10333,1.50,1.13
2012.03.20 03:35:41.854,1.10315,1.10333,4.50,2.25
2012.03.20 03:35:42.156,1.10318,1.10333,1.50,1.50
2012.03.20 03:35:42.226,1.10316,1.10332,1.50,1.50
2012.03.20 03:35:43.947,1.10317,1.10334,1.50,1.69
2012.03.20 03:35:44.694,1.10317,1.10335,1.50,3.94
2012.03.20 03:35:45.336,1.10317,1.10335,1.50,3.75
2012.03.20 03:35:45.826,1.1032,1.10336,1.50,2.25
2012.03.20 03:35:46.487,1.10321,1.10338,1.50,3.75
2012.03.20 03:35:47.552,1.10319,1.10337,2.25,2.44
2012.03.20 03:35:47.995,1.10317,1.10335,2.25,1.50
2012.03.20 03:35:49.134,1.10317,1.10335,2.25,2.44
2012.03.20 03:35:54.350,1.10315,1.10333,5.25,1.50
2012.03.20 03:35:54.874,1.10315,1.10332,3.00,2.25
2012.03.20 03:36:03.923,1.10315,1.10332,2.25,2.25
2012.03.20 03:36:07.844,1.10315,1.10332,2.25,2.25
2012.03.20 03:36:11.323,1.10315,1.10331,1.65,2.25
2012.03.20 03:36:25.425,1.10313,1.10331,3.00,4.50
2012.03.20 03:36:26.050,1.10313,1.10331,3.00,4.88
2012.03.20 03:36:27.823,1.10313,1.10331,5.25,2.25
2012.03.20 03:36:28.479,1.10315,1.10332,2.25,2.63
2012.03.20 03:36:31.013,1.10315,1.10332,2.25,2.63
2012.03.20 03:36:31.386,1.10317,1.10334,2.25,3.00
2012.03.20 03:36:34.907,1.1032,1.10335,1.50,1.50
2012.03.20 03:36:35.251,1.1032,1.10336,1.50,4.88
2012.03.20 03:36:35.316,1.10318,1.10334,2.25,1.50
2012.03.20 03:36:35.816,1.10319,1.10337,2.25,5.63
2012.03.20 03:36:36.338,1.10317,1.10335,3.19,1.50
2012.03.20 03:36:36.477,1.10317,1.10335,2.25,1.69
2012.03.20 03:36:37.056,1.10317,1.10335,4.50,1.69
2012.03.20 03:36:37.452,1.10316,1.10332,4.50,1.50
2012.03.20 03:36:38.037,1.10321,1.10337,1.50,5.25
2012.03.20 03:36:38.114,1.10318,1.10336,1.50,2.25
2012.03.20 03:36:38.314,1.1032,1.10337,1.50,3.75
2012.03.20 03:36:39.284,1.10318,1.10336,2.44,2.25
2012.03.20 03:36:39.805,1.1032,1.10336,1.50,1.50
2012.03.20 03:36:41.258,1.1032,1.10338,1.50,4.50
2012.03.20 03:36:41.608,1.10323,1.10339,1.50,1.50
2012.03.20 03:36:41.949,1.10325,1.1034,1.50,2.44
2012.03.20 03:36:42.411,1.10321,1.10338,2.29,1.50
2012.03.20 03:36:43.076,1.10321,1.10337,2.25,1.50
2012.03.20 03:36:43.206,1.10322,1.10339,1.50,2.25
2012.03.20 03:36:43.906,1.1032,1.10336,5.10,1.50
2012.03.20 03:36:44.875,1.10323,1.10339,1.50,3.38
2012.03.20 03:36:45.384,1.1032,1.10338,3.04,3.75
2012.03.20 03:36:45.878,1.10319,1.10336,1.35,3.75
2012.03.20 03:36:46.378,1.10317,1.10333,3.00,1.50
2012.03.20 03:36:47.246,1.10319,1.10335,1.50,1.50
2012.03.20 03:36:47.999,1.10319,1.10335,5.10,1.50
2012.03.20 03:36:48.125,1.1032,1.10338,2.10,4.69
2012.03.20 03:36:48.435,1.10319,1.10334,3.60,1.50
2012.03.20 03:36:52.533,1.1032,1.10334,1.35,1.50
2012.03.20 03:36:53.995,1.1032,1.10337,1.35,1.50
2012.03.20 03:36:54.504,1.10322,1.10338,1.50,1.50
2012.03.20 03:36:58.068,1.10324,1.10341,2.25,2.44
2012.03.20 03:36:58.594,1.10325,1.10342,1.50,1.69
2012.03.20 03:36:58.913,1.10324,1.10339,2.25,1.50
2012.03.20 03:37:01.405,1.10324,1.10342,3.75,3.75
2012.03.20 03:37:02.064,1.10323,1.10339,3.75,1.50
2012.03.20 03:37:02.135,1.10324,1.10342,1.50,3.00
2012.03.20 03:37:02.452,1.10325,1.10339,2.25,1.50
2012.03.20 03:37:02.526,1.10323,1.10339,4.50,1.50
2012.03.20 03:37:02.714,1.10325,1.10341,1.50,1.50
2012.03.20 03:37:03.356,1.10323,1.1034,3.00,1.50
2012.03.20 03:37:03.546,1.10326,1.10342,1.50,3.00
2012.03.20 03:37:03.890,1.1032,1.10336,2.10,1.50
2012.03.20 03:37:04.403,1.10319,1.10335,1.35,1.50
2012.03.20 03:37:04.478,1.10319,1.10337,2.85,4.50
2012.03.20 03:37:04.546,1.10319,1.10334,1.35,1.50
2012.03.20 03:37:04.796,1.10321,1.10337,2.10,2.25
2012.03.20 03:37:05.534,1.10319,1.10334,2.10,1.50
2012.03.20 03:37:06.035,1.1032,1.10338,2.10,2.25
2012.03.20 03:37:06.600,1.1032,1.10338,3.75,1.50
2012.03.20 03:37:06.925,1.1032,1.10336,2.25,1.50
2012.03.20 03:37:07.435,1.10319,1.10336,3.60,1.50
2012.03.20 03:37:07.775,1.10321,1.10337,1.50,1.50
2012.03.20 03:37:08.097,1.10323,1.10339,2.25,2.25
2012.03.20 03:37:10.610,1.10325,1.10341,1.50,3.00
2012.03.20 03:37:11.762,1.10325,1.10341,2.25,2.25
2012.03.20 03:37:12.407,1.10324,1.10339,5.25,1.50
2012.03.20 03:37:12.547,1.10325,1.10341,2.25,1.50
2012.03.20 03:37:19.299,1.10326,1.10344,4.50,1.50
2012.03.20 03:37:19.616,1.10331,1.10345,1.50,3.00
2012.03.20 03:37:20.248,1.10329,1.10345,1.50,4.50
2012.03.20 03:37:24.599,1.10331,1.10346,1.50,3.75
2012.03.20 03:37:25.360,1.10331,1.10347,1.50,2.25
2012.03.20 03:37:25.846,1.10332,1.10349,1.50,2.44
2012.03.20 03:37:26.121,1.10332,1.10349,2.25,1.50
2012.03.20 03:37:29.525,1.10335,1.10349,1.50,1.50
2012.03.20 03:37:29.673,1.10335,1.10351,3.00,2.25
2012.03.20 03:37:30.199,1.10336,1.10353,3.00,1.50
2012.03.20 03:37:36.398,1.10336,1.10353,3.00,1.50
2012.03.20 03:37:41.955,1.10338,1.10354,1.50,3.75
2012.03.20 03:37:42.495,1.10337,1.10353,1.50,2.25
2012.03.20 03:37:55.686,1.10339,1.10354,1.50,3.75
2012.03.20 03:38:10.465,1.10336,1.10354,3.00,5.25
2012.03.20 03:38:10.984,1.10339,1.10354,1.50,3.75
2012.03.20 03:38:15.397,1.10337,1.10353,1.50,2.25
2012.03.20 03:38:15.728,1.10335,1.1035,1.50,2.25
2012.03.20 03:38:20.439,1.10336,1.1035,1.50,2.25
2012.03.20 03:38:20.758,1.10336,1.10352,1.50,2.25
2012.03.20 03:38:21.312,1.10335,1.10351,1.50,1.50
2012.03.20 03:38:22.926,1.10335,1.10348,1.50,2.25
2012.03.20 03:38:23.000,1.10333,1.10348,2.25,2.25
2012.03.20 03:38:23.386,1.10334,1.10351,1.50,3.00
2012.03.20 03:38:23.895,1.10333,1.10349,1.50,1.50
2012.03.20 03:38:23.966,1.10335,1.10351,1.50,4.50
2012.03.20 03:38:25.444,1.10335,1.10351,1.50,5.44
2012.03.20 03:38:25.799,1.1033,1.10345,1.50,2.25
2012.03.20 03:38:25.882,1.10328,1.10344,1.50,4.50
2012.03.20 03:38:25.959,1.10325,1.1034,3.00,2.25
2012.03.20 03:38:26.486,1.10325,1.1034,2.25,2.25
2012.03.20 03:38:27.755,1.10325,1.10342,2.25,2.25
2012.03.20 03:38:27.824,1.10328,1.10342,1.50,2.25
2012.03.20 03:38:28.264,1.10325,1.10342,2.25,2.25
2012.03.20 03:38:28.964,1.10325,1.10334,2.25,2.25
2012.03.20 03:38:29.108,1.10325,1.10341,1.50,3.75
2012.03.20 03:38:29.238,1.10323,1.10341,3.00,4.50
2012.03.20 03:38:29.424,1.10323,1.10341,1.50,4.50
2012.03.20 03:38:29.825,1.10321,1.10339,2.25,4.50
2012.03.20 03:38:30.157,1.10324,1.1034,1.50,4.50
2012.03.20 03:38:30.665,1.10325,1.10339,1.50,2.25
2012.03.20 03:38:32.339,1.10325,1.10339,1.50,2.44
2012.03.20 03:38:32.530,1.10322,1.10338,2.25,2.44
2012.03.20 03:38:32.830,1.10325,1.10339,1.50,2.44
2012.03.20 03:38:33.588,1.10325,1.10339,1.50,2.25
2012.03.20 03:38:34.447,1.10322,1.10339,2.25,2.25
2012.03.20 03:38:34.966,1.10322,1.1034,5.25,1.50
2012.03.20 03:38:35.041,1.10327,1.10341,1.50,3.19
2012.03.20 03:38:35.190,1.10327,1.10343,1.50,1.50
2012.03.20 03:38:35.396,1.10328,1.10345,1.50,3.00
2012.03.20 03:38:36.824,1.10327,1.10343,2.25,1.50
2012.03.20 03:38:38.275,1.10327,1.10343,2.85,1.50
2012.03.20 03:38:38.596,1.10326,1.10342,2.25,1.50
2012.03.20 03:38:38.669,1.10326,1.10342,1.50,1.50
2012.03.20 03:38:41.478,1.10327,1.10344,1.50,3.00
2012.03.20 03:38:41.954,1.10327,1.10342,1.50,1.50
2012.03.20 03:38:42.310,1.1033,1.10342,2.25,1.50
2012.03.20 03:38:42.449,1.1033,1.10344,2.25,1.50
2012.03.20 03:38:42.847,1.10334,1.10349,1.50,3.00
2012.03.20 03:38:43.216,1.10329,1.10345,1.50,3.00
2012.03.20 03:38:43.286,1.10327,1.10345,3.75,4.50
2012.03.20 03:38:43.815,1.10327,1.10345,2.25,4.50
2012.03.20 03:38:43.889,1.1033,1.10345,1.50,3.00
2012.03.20 03:38:46.458,1.10333,1.10346,1.50,1.50
2012.03.20 03:38:46.961,1.1033,1.10347,2.25,3.00
2012.03.20 03:38:47.036,1.1033,1.10347,2.25,3.00
2012.03.20 03:38:58.070,1.10333,1.10349,2.25,2.44
2012.03.20 03:38:58.415,1.10334,1.10349,1.50,1.50
2012.03.20 03:38:58.667,1.10337,1.10351,2.25,2.25
2012.03.20 03:38:58.736,1.10337,1.10353,2.25,2.44
2012.03.20 03:39:02.994,1.10337,1.10353,2.25,2.25
2012.03.20 03:39:03.126,1.10337,1.10355,2.25,3.94
2012.03.20 03:39:03.457,1.10342,1.10357,1.50,3.94
2012.03.20 03:39:04.210,1.10342,1.10357,2.25,3.19
2012.03.20 03:39:08.920,1.10344,1.10357,1.50,3.00
2012.03.20 03:39:09.697,1.10344,1.10359,2.25,2.25
2012.03.20 03:39:09.780,1.10347,1.10359,1.50,2.25
2012.03.20 03:39:09.857,1.10347,1.10364,1.50,1.13
2012.03.20 03:39:10.138,1.10347,1.10364,2.25,2.25
2012.03.20 03:39:11.602,1.10347,1.10364,2.25,3.00
2012.03.20 03:39:14.735,1.10347,1.10365,2.25,4.50
2012.03.20 03:39:15.238,1.1035,1.10366,1.50,3.19
2012.03.20 03:39:15.755,1.1035,1.10366,2.25,1.69
2012.03.20 03:39:21.113,1.10353,1.10368,1.50,3.19
2012.03.20 03:39:21.507,1.10353,1.10364,1.50,2.25
2012.03.20 03:39:21.821,1.10353,1.10367,1.50,3.00
2012.03.20 03:39:24.163,1.1035,1.10367,3.00,2.25
2012.03.20 03:39:24.684,1.10353,1.10368,1.50,3.19
2012.03.20 03:39:44.207,1.1035,1.10368,2.25,4.50
2012.03.20 03:39:46.617,1.1035,1.10365,2.25,2.25
2012.03.20 03:39:46.986,1.1035,1.10368,2.25,4.50
2012.03.20 03:39:54.338,1.1035,1.10368,2.25,4.50
2012.03.20 03:40:02.304,1.1035,1.10368,2.25,4.50
2012.03.20 03:40:04.314,1.1035,1.10368,2.25,4.50
2012.03.20 03:40:04.627,1.1035,1.10368,2.25,4.50
2012.03.20 03:40:05.165,1.10349,1.10365,2.25,1.50
2012.03.20 03:40:22.579,1.10349,1.10365,2.25,2.44
2012.03.20 03:40:23.175,1.10347,1.1036,1.50,2.25
2012.03.20 03:40:23.252,1.10345,1.1036,2.25,2.25
2012.03.20 03:40:39.059,1.10344,1.1036,1.50,2.25
2012.03.20 03:40:59.044,1.10345,1.1036,1.50,2.25
2012.03.20 03:40:59.235,1.10345,1.1036,2.25,2.25
2012.03.20 03:40:59.366,1.10347,1.10364,3.00,1.69
2012.03.20 03:40:59.437,1.10348,1.10366,1.50,3.00
2012.03.20 03:40:59.566,1.1035,1.10366,1.50,3.75
2012.03.20 03:41:02.538,1.10348,1.10365,2.25,2.25
2012.03.20 03:41:02.606,1.10348,1.10365,2.25,2.25
2012.03.20 03:41:03.596,1.10348,1.10366,3.00,2.25
2012.03.20 03:41:03.736,1.10351,1.10367,1.50,4.50
2012.03.20 03:41:04.377,1.10351,1.10367,2.25,3.75
2012.03.20 03:41:04.883,1.10352,1.10367,1.50,2.25
2012.03.20 03:41:05.454,1.1035,1.10368,2.25,3.75
2012.03.20 03:41:06.136,1.1035,1.10367,2.25,2.25
2012.03.20 03:41:07.276,1.1035,1.10367,2.25,2.25
2012.03.20 03:41:09.211,1.10353,1.10367,1.50,2.25
2012.03.20 03:41:09.749,1.10353,1.10368,1.50,2.25
2012.03.20 03:41:18.744,1.10351,1.10367,1.50,1.50
2012.03.20 03:41:20.867,1.10349,1.10366,3.00,1.50
2012.03.20 03:41:21.903,1.10352,1.10368,1.50,3.19
2012.03.20 03:41:41.012,1.10354,1.10372,1.50,5.25
2012.03.20 03:41:41.221,1.10357,1.10374,1.50,3.94
2012.03.20 03:41:41.286,1.10357,1.10374,1.50,3.94
2012.03.20 03:41:41.804,1.10355,1.10373,4.50,1.69
2012.03.20 03:41:42.431,1.10355,1.10373,4.50,1.69
2012.03.20 03:41:45.876,1.10357,1.10375,2.25,3.94
2012.03.20 03:41:45.947,1.10357,1.10372,2.25,2.25
2012.03.20 03:41:46.692,1.10357,1.10375,2.25,6.19
2012.03.20 03:41:59.997,1.1036,1.10376,1.50,2.44
2012.03.20 03:42:00.288,1.1036,1.10376,1.50,1.50
2012.03.20 03:42:00.357,1.10363,1.10378,1.50,3.19
2012.03.20 03:42:00.701,1.10365,1.10378,1.50,3.00
2012.03.20 03:42:00.828,1.10365,1.1038,1.50,2.25
2012.03.20 03:42:01.029,1.10367,1.10383,1.50,2.25
2012.03.20 03:42:01.167,1.10367,1.10385,1.50,2.44
2012.03.20 03:42:01.357,1.10369,1.10386,1.50,3.19
2012.03.20 03:42:02.766,1.10372,1.10386,1.50,3.00
2012.03.20 03:42:03.418,1.10373,1.10387,1.50,3.00
2012.03.20 03:42:03.837,1.10373,1.10387,1.50,2.25
2012.03.20 03:42:05.495,1.10372,1.10387,1.50,2.25
2012.03.20 03:42:05.565,1.10374,1.10387,1.50,2.25
2012.03.20 03:42:05.636,1.10374,1.10389,1.50,3.00
2012.03.20 03:42:06.111,1.10378,1.10393,1.50,1.88
2012.03.20 03:42:06.238,1.10378,1.10394,1.50,4.50
2012.03.20 03:42:06.775,1.10379,1.10395,1.50,3.00
2012.03.20 03:42:09.014,1.10379,1.10395,2.25,2.25
2012.03.20 03:42:09.528,1.10376,1.10391,2.25,2.25
2012.03.20 03:42:09.884,1.1038,1.10394,1.50,2.25
2012.03.20 03:42:10.415,1.10378,1.10394,1.50,2.25
2012.03.20 03:42:10.665,1.1038,1.10393,1.50,2.25
2012.03.20 03:42:13.322,1.10378,1.10393,1.50,2.25
2012.03.20 03:42:17.243,1.10378,1.10391,1.50,2.25
2012.03.20 03:42:17.437,1.10376,1.10391,1.50,3.00
2012.03.20 03:42:17.575,1.10376,1.10389,1.50,2.25
2012.03.20 03:42:17.766,1.10376,1.10391,1.50,3.00
2012.03.20 03:42:18.278,1.10376,1.10391,1.50,3.00
2012.03.20 03:42:18.951,1.10375,1.10391,1.50,3.00
2012.03.20 03:42:19.437,1.10378,1.10391,1.50,3.00
2012.03.20 03:42:19.919,1.10376,1.10391,1.50,3.00
2012.03.20 03:42:21.328,1.10377,1.10391,1.50,3.00
2012.03.20 03:42:21.456,1.10377,1.10392,1.50,3.19
2012.03.20 03:42:22.614,1.10375,1.10392,3.00,3.00
2012.03.20 03:42:23.347,1.10377,1.10392,1.50,3.00
2012.03.20 03:42:23.798,1.10379,1.10394,1.50,4.69
2012.03.20 03:42:24.358,1.1038,1.10394,1.50,4.69
2012.03.20 03:42:25.148,1.1038,1.10394,1.50,1.69
2012.03.20 03:42:33.295,1.10378,1.10395,2.10,2.25
2012.03.20 03:42:33.880,1.1038,1.10396,1.50,3.00
2012.03.20 03:42:49.044,1.1038,1.10396,1.50,3.00
2012.03.20 03:43:07.174,1.1038,1.10398,4.50,2.25
2012.03.20 03:43:13.708,1.10382,1.10399,1.50,3.94
2012.03.20 03:43:13.777,1.10382,1.10399,1.50,2.44
2012.03.20 03:43:14.252,1.10385,1.10401,2.25,1.50
2012.03.20 03:43:14.597,1.10386,1.10404,3.60,4.88
2012.03.20 03:43:14.786,1.10386,1.10404,3.60,4.50
2012.03.20 03:43:15.915,1.10388,1.10404,1.50,2.25
2012.03.20 03:43:16.432,1.10388,1.10405,1.50,2.25
2012.03.20 03:43:16.940,1.10388,1.10405,2.25,2.25
2012.03.20 03:43:17.488,1.10388,1.10406,2.25,1.69
2012.03.20 03:43:17.866,1.1039,1.10408,2.25,2.63
2012.03.20 03:43:18.175,1.10393,1.10409,2.25,3.00
2012.03.20 03:43:18.305,1.10393,1.10409,2.25,2.25
2012.03.20 03:43:18.864,1.10393,1.10409,2.25,2.25
2012.03.20 03:43:22.825,1.10395,1.10411,2.25,3.19
2012.03.20 03:43:23.497,1.10395,1.10411,2.25,3.00
2012.03.20 03:43:29.528,1.10394,1.1041,2.25,1.50
2012.03.20 03:43:29.599,1.10392,1.10405,2.25,2.25
2012.03.20 03:43:29.860,1.10392,1.10406,2.25,2.25
2012.03.20 03:43:30.367,1.10392,1.10406,1.50,2.25
2012.03.20 03:43:34.512,1.1039,1.10406,2.25,3.75
2012.03.20 03:43:35.747,1.10392,1.10406,1.50,2.25
2012.03.20 03:43:40.055,1.10392,1.10407,1.50,2.25
2012.03.20 03:43:42.014,1.10392,1.10408,1.50,2.25
2012.03.20 03:43:42.325,1.10392,1.10408,3.00,2.25
2012.03.20 03:43:43.521,1.10392,1.10406,3.75,2.25
2012.03.20 03:43:43.704,1.10392,1.10406,1.50,2.25
2012.03.20 03:43:43.776,1.10392,1.10408,1.50,2.25
2012.03.20 03:43:43.845,1.10392,1.10408,2.25,2.25
2012.03.20 03:43:44.203,1.10395,1.10408,1.50,1.50
2012.03.20 03:43:44.988,1.10395,1.10406,1.50,2.25
2012.03.20 03:43:45.175,1.10395,1.10408,1.35,1.50
2012.03.20 03:43:45.246,1.10395,1.10408,1.35,1.50
2012.03.20 03:43:45.779,1.10399,1.1041,1.50,2.44
2012.03.20 03:43:46.459,1.10399,1.1041,1.50,2.25
2012.03.20 03:43:47.084,1.10399,1.10407,1.50,1.50
2012.03.20 03:43:47.815,1.10397,1.10407,1.50,1.50
2012.03.20 03:43:48.385,1.10397,1.10409,1.50,1.50
2012.03.20 03:44:01.673,1.10397,1.10408,1.50,1.50
2012.03.20 03:44:03.002,1.10397,1.10408,1.50,2.25
2012.03.20 03:44:03.372,1.10397,1.10405,1.50,1.50
2012.03.20 03:44:04.000,1.10396,1.10407,1.50,2.25
2012.03.20 03:44:10.630,1.10396,1.10407,1.50,1.50
2012.03.20 03:44:12.449,1.10396,1.10409,1.50,2.44
2012.03.20 03:44:12.966,1.10397,1.10409,2.10,1.50
2012.03.20 03:44:13.337,1.10397,1.10414,2.10,2.44
2012.03.20 03:44:17.314,1.10399,1.10414,1.50,1.50
2012.03.20 03:44:36.480,1.10402,1.10416,2.10,3.00
2012.03.20 03:44:36.612,1.10401,1.10417,1.35,1.50
2012.03.20 03:44:36.819,1.10402,1.10417,3.00,1.50
2012.03.20 03:44:37.091,1.10401,1.10417,1.35,1.50
2012.03.20 03:44:37.281,1.10401,1.10419,2.85,2.25
2012.03.20 03:44:37.742,1.10404,1.1042,2.25,2.25
2012.03.20 03:44:38.243,1.10406,1.10421,1.50,1.50
2012.03.20 03:44:38.898,1.10406,1.10421,1.50,1.50
2012.03.20 03:44:41.267,1.10406,1.10421,1.50,1.50
2012.03.20 03:44:41.697,1.10403,1.1042,1.50,1.50
2012.03.20 03:44:42.248,1.10402,1.10419,3.00,2.25
2012.03.20 03:44:43.450,1.10401,1.10416,1.35,2.25
2012.03.20 03:44:53.931,1.104,1.10414,2.10,1.50
2012.03.20 03:44:54.952,1.104,1.10416,5.85,3.00
2012.03.20 03:44:55.498,1.10401,1.10414,1.35,1.50
2012.03.20 03:44:55.640,1.104,1.10417,4.35,1.69
2012.03.20 03:44:55.906,1.10402,1.10418,4.35,2.25
2012.03.20 03:44:56.985,1.10403,1.1042,1.50,1.50
2012.03.20 03:44:57.725,1.10404,1.1042,1.50,3.00
2012.03.20 03:44:58.805,1.10404,1.1042,1.50,3.00
2012.03.20 03:45:01.645,1.10404,1.1042,1.50,2.25
2012.03.20 03:45:05.007,1.10405,1.10423,1.50,4.50
2012.03.20 03:45:06.816,1.10405,1.10423,1.50,4.69
2012.03.20 03:45:08.734,1.10405,1.10423,1.50,4.69
2012.03.20 03:45:11.071,1.10404,1.1042,1.50,1.50
2012.03.20 03:45:11.389,1.10402,1.10417,1.35,1.50
2012.03.20 03:45:12.083,1.10402,1.10418,2.10,1.69
2012.03.20 03:45:17.501,1.10401,1.10416,2.10,1.50
2012.03.20 03:45:17.839,1.10399,1.10412,1.35,1.50
2012.03.20 03:45:19.966,1.10399,1.10414,1.35,1.50
2012.03.20 03:45:20.879,1.10399,1.10414,3.00,1.50
2012.03.20 03:45:21.446,1.104,1.10415,1.50,3.00
2012.03.20 03:45:21.636,1.104,1.10418,3.75,3.00
2012.03.20 03:45:22.189,1.10401,1.10418,2.25,3.00
2012.03.20 03:45:22.638,1.10403,1.10418,2.25,2.25
2012.03.20 03:45:23.147,1.10403,1.10419,3.75,2.25
2012.03.20 03:45:25.829,1.10403,1.10419,1.50,2.25
2012.03.20 03:45:26.139,1.10401,1.10418,2.25,2.25
2012.03.20 03:45:26.447,1.10401,1.10416,2.25,1.50
2012.03.20 03:45:27.011,1.10401,1.10417,3.75,1.50
2012.03.20 03:45:33.844,1.10401,1.10416,2.25,1.50
2012.03.20 03:45:42.694,1.10402,1.10418,1.50,3.00
2012.03.20 03:45:44.087,1.10401,1.10416,2.25,1.50
2012.03.20 03:45:44.608,1.104,1.10416,1.50,1.50
2012.03.20 03:45:50.134,1.10399,1.10412,2.25,1.50
2012.03.20 03:45:50.488,1.10399,1.1041,2.25,1.50
2012.03.20 03:45:53.155,1.10399,1.10412,2.25,1.50
2012.03.20 03:45:58.797,1.10396,1.10412,2.85,1.50
2012.03.20 03:45:59.296,1.10396,1.10411,1.50,3.75
2012.03.20 03:45:59.485,1.10392,1.10407,2.25,1.50
2012.03.20 03:45:59.818,1.10393,1.10409,1.50,1.50
2012.03.20 03:46:07.995,1.10391,1.10408,3.75,1.50
2012.03.20 03:46:22.046,1.10391,1.10408,2.25,2.25
2012.03.20 03:46:22.294,1.10391,1.10405,2.25,1.50
2012.03.20 03:46:22.424,1.10391,1.10408,2.25,2.25
2012.03.20 03:46:27.414,1.10391,1.10408,2.25,1.50
2012.03.20 03:46:30.370,1.1039,1.10408,3.00,3.00
2012.03.20 03:46:30.439,1.10389,1.10405,2.44,1.50
2012.03.20 03:46:30.925,1.10386,1.10404,4.69,1.50
2012.03.20 03:46:31.355,1.10389,1.10405,1.50,2.25
2012.03.20 03:46:35.534,1.10386,1.10402,4.50,1.50
2012.03.20 03:46:37.265,1.10387,1.10405,2.25,2.25
2012.03.20 03:46:37.336,1.1039,1.10406,1.50,2.25
2012.03.20 03:46:47.765,1.10387,1.10405,5.25,1.50
2012.03.20 03:46:48.087,1.10386,1.10403,3.75,1.50
2012.03.20 03:46:48.925,1.10388,1.10404,1.50,1.50
2012.03.20 03:47:48.866,1.10386,1.10405,3.00,2.25
2012.03.20 03:47:51.175,1.10386,1.10405,3.75,1.50
2012.03.20 03:47:51.884,1.10386,1.10405,3.75,2.25
2012.03.20 03:47:53.205,1.10386,1.10404,1.50,1.50
2012.03.20 03:48:01.905,1.10385,1.10403,5.44,1.50
2012.03.20 03:48:02.334,1.10388,1.10404,1.50,3.00
2012.03.20 03:48:20.486,1.10385,1.10403,4.50,1.50
2012.03.20 03:48:20.674,1.10385,1.10403,2.25,4.05
2012.03.20 03:48:23.260,1.10385,1.10403,2.25,3.90
2012.03.20 03:48:33.105,1.10385,1.10403,2.25,3.75
2012.03.20 03:49:20.218,1.10385,1.10403,2.44,3.75
2012.03.20 03:49:20.288,1.10388,1.10404,1.50,3.00
2012.03.20 03:49:27.768,1.1039,1.10404,2.25,2.25
2012.03.20 03:49:28.087,1.1039,1.10408,3.75,3.19
2012.03.20 03:49:30.676,1.1039,1.10408,3.75,3.00
2012.03.20 03:49:31.109,1.10389,1.10405,4.50,1.50
2012.03.20 03:49:55.843,1.1039,1.10408,1.50,6.00
2012.03.20 03:49:56.395,1.1039,1.10408,1.50,5.25
2012.03.20 03:49:56.721,1.10389,1.10406,3.00,1.50
2012.03.20 03:49:57.276,1.10388,1.10405,2.25,2.25
2012.03.20 03:49:57.836,1.10388,1.10405,1.50,3.00
2012.03.20 03:49:58.944,1.10392,1.10408,1.50,3.00
2012.03.20 03:49:59.021,1.10392,1.10408,1.50,2.25
2012.03.20 03:50:00.668,1.10391,1.10406,3.00,1.50
2012.03.20 03:50:00.794,1.10391,1.10409,4.50,3.00
2012.03.20 03:50:03.405,1.1039,1.10406,1.50,1.50
2012.03.20 03:50:20.216,1.1039,1.10406,1.50,2.25
2012.03.20 03:50:20.348,1.10388,1.10405,2.25,2.25
2012.03.20 03:50:20.417,1.10388,1.10403,2.25,1.50
2012.03.20 03:50:20.551,1.10386,1.10403,2.63,1.50
2012.03.20 03:50:23.227,1.10385,1.10403,4.50,2.25
2012.03.20 03:50:23.658,1.10385,1.10401,1.50,2.25
2012.03.20 03:50:24.180,1.10384,1.104,1.50,1.50
2012.03.20 03:50:25.326,1.10382,1.10398,3.00,1.50
2012.03.20 03:50:28.308,1.10383,1.10401,2.25,2.25
2012.03.20 03:50:29.694,1.10383,1.10401,2.25,3.75
2012.03.20 03:50:33.397,1.10382,1.10399,3.00,2.25
2012.03.20 03:50:34.786,1.10381,1.10397,1.35,1.50
2012.03.20 03:50:37.825,1.10379,1.10397,5.25,2.25
2012.03.20 03:50:38.489,1.10381,1.10397,2.25,1.50
2012.03.20 03:50:40.326,1.10379,1.10395,5.25,1.50
2012.03.20 03:50:51.554,1.10379,1.10394,3.00,1.50
2012.03.20 03:50:51.744,1.10379,1.10392,3.00,1.50
2012.03.20 03:50:52.305,1.10379,1.10392,3.00,1.50
2012.03.20 03:50:53.133,1.10379,1.10392,2.25,1.50
2012.03.20 03:50:54.725,1.10379,1.10395,2.25,2.25
2012.03.20 03:51:11.067,1.10377,1.10392,3.00,1.50
2012.03.20 03:51:19.427,1.10378,1.10392,1.50,1.50
2012.03.20 03:51:19.822,1.10385,1.10394,2.25,1.50
2012.03.20 03:51:20.039,1.10385,1.10396,2.25,1.50
2012.03.20 03:51:20.111,1.10385,1.10401,2.25,2.25
2012.03.20 03:51:21.019,1.10387,1.10403,3.00,2.25
2012.03.20 03:51:21.359,1.10392,1.10406,2.25,1.50
2012.03.20 03:51:21.431,1.10392,1.10409,2.25,3.00
2012.03.20 03:51:22.239,1.10392,1.10404,2.25,1.50
2012.03.20 03:51:22.440,1.10389,1.10407,2.25,6.00
2012.03.20 03:51:22.698,1.10389,1.10404,1.50,3.00
2012.03.20 03:51:23.016,1.10382,1.10397,4.54,1.50
2012.03.20 03:51:23.161,1.10382,1.10397,1.69,2.25
2012.03.20 03:51:23.356,1.10382,1.10394,1.50,1.50
2012.03.20 03:51:23.798,1.10382,1.10397,3.75,2.25
2012.03.20 03:51:28.748,1.10385,1.10397,2.25,2.25
2012.03.20 03:51:28.956,1.10384,1.10397,2.44,2.25
2012.03.20 03:51:29.029,1.10387,1.10397,2.25,2.25
2012.03.20 03:51:29.160,1.10387,1.10401,3.75,1.50
2012.03.20 03:51:29.359,1.10387,1.10403,3.00,1.50
2012.03.20 03:51:29.677,1.10391,1.10403,2.25,1.50
2012.03.20 03:51:30.040,1.10392,1.10408,1.50,3.00
2012.03.20 03:51:32.025,1.10393,1.10408,2.25,1.50
2012.03.20 03:51:32.620,1.10395,1.10411,1.50,1.50
2012.03.20 03:51:32.687,1.10396,1.10412,2.25,1.50
2012.03.20 03:51:33.359,1.10396,1.10413,2.25,2.25
2012.03.20 03:51:34.916,1.10396,1.10413,2.25,1.50
2012.03.20 03:51:36.594,1.10396,1.10411,3.00,1.50
2012.03.20 03:51:41.509,1.10396,1.10413,3.75,2.25
2012.03.20 03:51:41.818,1.10405,1.10413,2.25,2.25
2012.03.20 03:51:41.900,1.1041,1.10423,2.25,2.25
2012.03.20 03:51:41.972,1.10407,1.10423,4.50,2.25
2012.03.20 03:51:42.178,1.10411,1.10426,2.25,3.00
2012.03.20 03:51:42.730,1.1041,1.10424,1.50,1.50
2012.03.20 03:51:43.011,1.10406,1.10424,2.25,3.00
2012.03.20 03:51:43.648,1.10408,1.10424,2.25,3.00
2012.03.20 03:51:44.940,1.10408,1.10422,2.25,2.25
2012.03.20 03:51:45.011,1.10404,1.10422,4.50,3.00
2012.03.20 03:51:45.410,1.10404,1.1042,3.00,2.25
2012.03.20 03:51:45.681,1.10404,1.1042,3.75,1.50
2012.03.20 03:51:46.209,1.10407,1.10423,1.50,2.25
2012.03.20 03:51:46.566,1.10411,1.10423,2.25,2.25
2012.03.20 03:51:47.116,1.10412,1.10425,2.25,1.50
2012.03.20 03:51:48.629,1.10412,1.10425,2.25,1.50
2012.03.20 03:51:51.850,1.10409,1.10426,3.19,2.25
2012.03.20 03:51:53.816,1.10409,1.10426,3.00,2.25
2012.03.20 03:51:53.887,1.10411,1.10427,1.50,3.00
2012.03.20 03:51:57.346,1.10409,1.10426,3.00,1.50
2012.03.20 03:51:57.856,1.10409,1.10426,3.00,1.50
2012.03.20 03:51:59.045,1.10408,1.10426,4.50,2.25
2012.03.20 03:51:59.384,1.10408,1.10423,3.00,1.50
2012.03.20 03:51:59.716,1.10408,1.10426,2.25,2.25
2012.03.20 03:52:07.241,1.10411,1.10427,1.50,3.94
2012.03.20 03:52:11.657,1.1041,1.10426,2.25,1.50
2012.03.20 03:52:30.682,1.10411,1.10427,1.50,3.00
2012.03.20 03:52:30.987,1.10415,1.10427,2.25,3.00
2012.03.20 03:52:31.482,1.10417,1.1043,1.50,3.75
2012.03.20 03:52:32.178,1.10417,1.10433,1.50,3.00
2012.03.20 03:52:32.844,1.10417,1.10432,1.50,2.44
2012.03.20 03:52:32.992,1.10415,1.10431,1.50,3.00
2012.03.20 03:52:33.578,1.10415,1.10431,2.25,2.25
2012.03.20 03:52:33.889,1.10417,1.10432,1.50,2.25
2012.03.20 03:52:36.286,1.10415,1.10431,3.75,2.25
2012.03.20 03:52:39.126,1.10415,1.10431,3.75,3.00
2012.03.20 03:52:39.589,1.10413,1.10429,1.50,2.25
2012.03.20 03:52:40.148,1.10412,1.10428,2.25,3.00
2012.03.20 03:53:34.005,1.1041,1.10428,4.50,2.25
2012.03.20 03:53:34.627,1.10413,1.10429,2.25,2.25
2012.03.20 03:53:35.134,1.10413,1.10429,2.25,2.25
2012.03.20 03:53:40.024,1.10413,1.10429,2.25,2.25
2012.03.20 03:53:46.367,1.10413,1.10429,2.44,2.25
2012.03.20 03:53:46.796,1.10415,1.10431,2.25,2.25
2012.03.20 03:54:10.050,1.10417,1.10433,2.25,3.75
2012.03.20 03:54:26.265,1.10417,1.10432,2.25,1.35
2012.03.20 03:54:28.797,1.10415,1.10431,2.25,2.85
2012.03.20 03:54:29.056,1.10413,1.10429,4.50,2.10
2012.03.20 03:54:31.196,1.10415,1.1043,1.50,1.35
2012.03.20 03:54:31.728,1.10415,1.1043,2.25,1.35
2012.03.20 03:54:31.856,1.10412,1.1043,4.69,2.85
2012.03.20 03:54:34.020,1.10415,1.1043,2.25,1.35
2012.03.20 03:54:34.086,1.10417,1.1043,1.50,1.35
2012.03.20 03:54:36.318,1.10415,1.1043,4.50,1.35
2012.03.20 03:55:04.554,1.10415,1.1043,2.25,1.35
2012.03.20 03:55:07.718,1.10413,1.1043,2.25,1.35
2012.03.20 03:55:10.248,1.10414,1.1043,2.25,2.10
2012.03.20 03:55:26.274,1.10414,1.1043,2.25,1.50
2012.03.20 03:55:40.216,1.10411,1.10429,2.25,3.75
2012.03.20 03:55:40.737,1.10412,1.10429,1.50,1.50
2012.03.20 03:56:13.577,1.10413,1.10431,4.50,3.00
2012.03.20 03:56:20.823,1.10413,1.10428,3.00,1.50
2012.03.20 03:56:21.019,1.10409,1.10425,2.25,1.50
2012.03.20 03:56:21.251,1.10407,1.10423,6.00,1.50
2012.03.20 03:56:21.522,1.10409,1.10425,2.25,1.50
2012.03.20 03:56:22.267,1.1041,1.10428,3.00,3.94
2012.03.20 03:56:23.109,1.1041,1.10428,3.00,3.75
2012.03.20 03:56:23.441,1.10414,1.10431,2.25,1.13
2012.03.20 03:56:23.690,1.10415,1.10432,2.25,3.00
2012.03.20 03:56:24.458,1.10415,1.10432,3.75,3.00
2012.03.20 03:56:26.527,1.10415,1.10432,3.75,3.00
2012.03.20 03:56:27.076,1.10416,1.10432,3.00,1.50
2012.03.20 03:56:27.636,1.10416,1.10432,3.00,1.50
2012.03.20 03:56:28.137,1.10416,1.10432,3.00,1.50
2012.03.20 03:56:28.651,1.10414,1.10429,1.50,1.50
2012.03.20 03:56:29.202,1.10413,1.10429,1.50,1.50
2012.03.20 03:56:40.428,1.10415,1.10431,1.50,2.25
2012.03.20 03:56:47.286,1.10413,1.1043,3.00,1.50
2012.03.20 03:56:54.259,1.10415,1.10431,1.50,2.25
2012.03.20 03:56:54.786,1.10415,1.10431,2.25,1.50
2012.03.20 03:57:09.484,1.10412,1.1043,3.00,3.75
2012.03.20 03:57:10.040,1.10412,1.1043,2.25,3.75
2012.03.20 03:57:13.109,1.10411,1.10428,3.75,1.50
2012.03.20 03:57:15.120,1.1041,1.10426,1.50,1.50
2012.03.20 03:57:15.427,1.10408,1.10424,3.75,1.50
2012.03.20 03:57:15.992,1.10409,1.10425,2.25,1.50
2012.03.20 03:57:17.897,1.10409,1.10425,2.25,1.50
2012.03.20 03:57:18.276,1.10411,1.10428,3.00,1.50
2012.03.20 03:57:19.600,1.1041,1.10428,6.00,1.50
2012.03.20 03:57:19.728,1.1041,1.10428,4.50,2.10
2012.03.20 03:57:20.340,1.10411,1.10427,1.50,2.29
2012.03.20 03:57:22.648,1.10411,1.10427,1.50,1.69
2012.03.20 03:57:25.109,1.10409,1.10425,6.00,1.50
2012.03.20 03:57:30.539,1.1041,1.10428,5.25,1.50
2012.03.20 03:57:30.610,1.10412,1.1043,2.25,2.44
2012.03.20 03:57:30.931,1.10412,1.1043,3.00,2.25
2012.03.20 03:57:54.579,1.10412,1.10427,1.50,1.50
2012.03.20 03:57:54.890,1.10411,1.10427,2.25,1.50
2012.03.20 03:57:55.466,1.10411,1.10427,2.25,1.50
2012.03.20 03:57:57.479,1.10413,1.10429,1.50,4.69
2012.03.20 03:58:19.950,1.10411,1.10427,3.75,1.50
2012.03.20 03:58:20.466,1.10411,1.10426,1.50,1.50
2012.03.20 03:58:21.191,1.1041,1.10426,1.50,1.50
2012.03.20 03:58:21.507,1.1041,1.10428,3.00,4.50
2012.03.20 03:58:21.971,1.1041,1.10426,1.50,1.69
2012.03.20 03:58:22.217,1.10408,1.10426,2.25,2.44
2012.03.20 03:58:22.466,1.10407,1.10423,3.75,1.50
2012.03.20 03:58:24.057,1.10408,1.10426,2.25,3.00
2012.03.20 03:58:25.023,1.10407,1.10423,3.00,1.50
2012.03.20 03:58:31.785,1.10407,1.10423,2.25,1.50
