2012.03.23 13:00:00.254,1.0933,1.09342,1.50,1.88
2012.03.23 13:00:00.402,1.09329,1.09344,3.00,1.35
2012.03.23 13:00:00.689,1.09328,1.09344,4.50,5.10
2012.03.23 13:00:00.758,1.09328,1.09344,4.50,2.48
2012.03.23 13:00:01.316,1.0933,1.09345,1.88,2.70
2012.03.23 13:00:01.473,1.0933,1.09345,1.88,2.70
2012.03.23 13:00:01.833,1.0933,1.09345,2.25,2.52
2012.03.23 13:00:02.346,1.0933,1.09344,2.25,2.33
2012.03.23 13:00:02.902,1.0933,1.09344,1.88,3.75
2012.03.23 13:00:03.258,1.0933,1.09341,1.50,1.50
2012.03.23 13:00:03.402,1.09329,1.09344,2.25,4.88
2012.03.23 13:00:03.547,1.09331,1.09347,1.50,3.38
2012.03.23 13:00:04.082,1.09332,1.09348,1.50,4.58
2012.03.23 13:00:05.009,1.09342,1.09348,2.25,2.33
2012.03.23 13:00:05.093,1.09336,1.09351,3.00,1.95
2012.03.23 13:00:05.367,1.09336,1.09351,2.25,1.95
2012.03.23 13:00:05.844,1.09335,1.0935,1.50,1.69
2012.03.23 13:00:06.957,1.09335,1.09349,1.50,1.69
2012.03.23 13:00:07.757,1.09336,1.09349,1.50,1.95
2012.03.23 13:00:08.479,1.09336,1.0935,1.50,4.20
2012.03.23 13:00:09.013,1.09336,1.09346,1.50,1.95
2012.03.23 13:00:09.094,1.09335,1.09346,1.50,1.95
2012.03.23 13:00:09.647,1.09334,1.09346,1.50,3.45
2012.03.23 13:00:10.589,1.09332,1.09346,1.50,3.45
2012.03.23 13:00:11.139,1.09333,1.09346,1.50,3.64
2012.03.23 13:00:11.679,1.09333,1.09343,1.50,1.95
2012.03.23 13:00:11.752,1.09332,1.09343,1.50,1.95
2012.03.23 13:00:11.830,1.0933,1.09343,1.50,1.95
2012.03.23 13:00:12.345,1.09328,1.09342,1.50,2.25
2012.03.23 13:00:13.407,1.09329,1.09337,1.50,3.75
2012.03.23 13:00:14.199,1.09329,1.09341,1.50,3.83
2012.03.23 13:00:14.858,1.09329,1.0934,1.50,2.25
2012.03.23 13:00:14.934,1.09329,1.09338,1.50,1.50
2012.03.23 13:00:15.648,1.09326,1.09337,1.50,1.95
2012.03.23 13:00:16.271,1.09323,1.09337,4.13,1.95
2012.03.23 13:00:17.315,1.09324,1.09336,1.50,1.95
2012.03.23 13:00:17.446,1.09324,1.09336,1.50,1.95
2012.03.23 13:00:20.392,1.09326,1.09338,1.50,2.25
2012.03.23 13:00:20.935,1.09326,1.09339,1.50,3.08
2012.03.23 13:00:21.506,1.09324,1.09339,3.00,3.08
2012.03.23 13:00:22.009,1.09324,1.09338,3.00,1.95
2012.03.23 13:00:24.130,1.09323,1.09334,1.50,1.95
2012.03.23 13:00:24.340,1.09319,1.09334,1.13,5.89
2012.03.23 13:00:24.412,1.09319,1.09332,1.50,2.25
2012.03.23 13:00:24.697,1.09319,1.09334,3.00,4.39
2012.03.23 13:00:25.615,1.09319,1.09335,1.50,6.83
2012.03.23 13:00:26.331,1.09319,1.09328,1.50,4.50
2012.03.23 13:00:26.409,1.09319,1.09327,1.50,1.95
2012.03.23 13:00:26.689,1.09311,1.09326,3.19,3.38
2012.03.23 13:00:26.896,1.09311,1.09325,2.25,2.85
2012.03.23 13:00:27.163,1.09307,1.09323,1.50,2.85
2012.03.23 13:00:27.509,1.09311,1.09325,1.50,5.55
2012.03.23 13:00:28.130,1.09308,1.09325,5.14,3.23
2012.03.23 13:00:28.703,1.09308,1.09322,3.00,2.70
2012.03.23 13:00:28.781,1.09308,1.0932,1.50,2.25
2012.03.23 13:00:29.055,1.09306,1.0932,1.50,4.88
2012.03.23 13:00:29.592,1.09306,1.0932,2.70,3.38
2012.03.23 13:00:30.171,1.09307,1.0932,1.50,1.13
2012.03.23 13:00:31.779,1.09305,1.09319,1.50,1.50
2012.03.23 13:00:32.304,1.09304,1.09319,3.45,1.88
2012.03.23 13:00:35.388,1.09308,1.09319,1.95,1.88
2012.03.23 13:00:36.006,1.09312,1.09324,1.50,2.85
2012.03.23 13:00:36.174,1.09292,1.09308,1.13,4.95
2012.03.23 13:00:36.678,1.09294,1.09307,2.25,1.13
2012.03.23 13:00:39.067,1.09293,1.09307,1.50,3.27
2012.03.23 13:00:39.942,1.09293,1.09307,1.50,2.52
2012.03.23 13:00:40.308,1.09296,1.09311,1.50,1.50
2012.03.23 13:00:40.447,1.09295,1.09312,3.00,2.48
2012.03.23 13:00:43.765,1.09298,1.09312,1.50,1.13
2012.03.23 13:00:44.316,1.09298,1.09313,1.50,4.13
2012.03.23 13:00:46.916,1.09299,1.09315,3.45,4.88
2012.03.23 13:00:47.125,1.093,1.09315,2.25,1.13
2012.03.23 13:00:49.017,1.093,1.09315,2.25,1.13
2012.03.23 13:00:49.549,1.09299,1.09314,1.50,1.50
2012.03.23 13:00:50.363,1.093,1.09311,2.25,1.95
2012.03.23 13:00:50.444,1.09295,1.09309,1.50,1.50
2012.03.23 13:00:50.956,1.09296,1.09309,1.50,2.25
2012.03.23 13:00:51.242,1.09296,1.09307,1.50,2.70
2012.03.23 13:00:51.321,1.09294,1.09304,1.50,1.95
2012.03.23 13:00:51.399,1.09292,1.09304,1.50,1.95
2012.03.23 13:00:51.470,1.09293,1.09304,1.50,1.95
2012.03.23 13:00:51.788,1.09291,1.09304,3.00,1.95
2012.03.23 13:00:52.847,1.09291,1.09303,1.50,1.95
2012.03.23 13:00:53.427,1.09289,1.09303,1.50,2.70
2012.03.23 13:00:53.705,1.09289,1.09301,1.50,1.95
2012.03.23 13:00:54.637,1.09288,1.09301,3.00,1.95
2012.03.23 13:00:54.978,1.09291,1.09301,1.50,1.95
2012.03.23 13:00:55.118,1.09289,1.09301,3.75,1.95
2012.03.23 13:00:55.898,1.09289,1.09303,2.25,2.70
2012.03.23 13:00:56.859,1.09289,1.093,2.25,1.95
2012.03.23 13:00:57.326,1.09289,1.093,3.00,1.95
2012.03.23 13:00:57.516,1.09289,1.093,3.00,1.95
2012.03.23 13:00:58.227,1.09289,1.09301,2.25,1.95
2012.03.23 13:00:58.972,1.09289,1.09304,2.25,2.25
2012.03.23 13:00:59.053,1.09295,1.09306,1.50,1.35
2012.03.23 13:00:59.619,1.09295,1.09307,1.50,1.73
2012.03.23 13:01:02.206,1.09295,1.09308,1.50,1.73
2012.03.23 13:01:02.281,1.09293,1.09308,1.69,3.98
2012.03.23 13:01:03.486,1.09295,1.09308,1.50,1.73
2012.03.23 13:01:03.937,1.09293,1.09308,1.50,1.73
2012.03.23 13:01:04.498,1.09294,1.09308,1.95,1.73
2012.03.23 13:01:05.183,1.09293,1.09308,1.50,3.98
2012.03.23 13:01:07.081,1.09294,1.09305,1.50,1.95
2012.03.23 13:01:07.785,1.09293,1.09305,1.69,1.95
2012.03.23 13:01:08.298,1.09293,1.09306,1.50,3.30
2012.03.23 13:01:10.074,1.09291,1.09306,2.44,3.30
2012.03.23 13:01:12.773,1.09291,1.09306,2.63,3.30
2012.03.23 13:01:13.374,1.09291,1.09306,2.63,4.05
2012.03.23 13:01:14.044,1.09285,1.09293,2.25,1.95
2012.03.23 13:01:14.121,1.0928,1.09293,1.13,1.95
2012.03.23 13:01:14.338,1.09283,1.09293,1.50,1.95
2012.03.23 13:01:15.278,1.09283,1.09291,1.50,1.95
2012.03.23 13:01:15.424,1.09284,1.09295,1.50,3.00
2012.03.23 13:01:16.308,1.09284,1.09296,1.50,2.52
2012.03.23 13:01:18.875,1.09285,1.09297,3.75,1.50
2012.03.23 13:01:18.976,1.09288,1.09302,2.25,1.50
2012.03.23 13:01:19.124,1.0929,1.09303,1.50,1.35
2012.03.23 13:01:19.397,1.0929,1.09305,2.25,1.73
2012.03.23 13:01:19.938,1.09291,1.09305,2.25,1.73
2012.03.23 13:01:22.618,1.09291,1.09305,2.25,4.43
2012.03.23 13:01:22.687,1.09291,1.09302,2.25,1.95
2012.03.23 13:01:23.028,1.09289,1.09298,1.50,1.95
2012.03.23 13:01:23.165,1.09287,1.09298,1.50,1.95
2012.03.23 13:01:23.715,1.09285,1.09298,1.69,4.58
2012.03.23 13:01:25.649,1.09287,1.09299,2.44,2.70
2012.03.23 13:01:26.242,1.09288,1.09299,2.25,1.95
2012.03.23 13:01:26.937,1.09288,1.09302,2.25,3.08
2012.03.23 13:01:27.479,1.09288,1.09303,2.63,1.13
2012.03.23 13:01:28.461,1.09288,1.09304,3.38,1.13
2012.03.23 13:01:28.553,1.09299,1.09314,3.90,1.54
2012.03.23 13:01:28.913,1.09306,1.09321,1.50,1.32
2012.03.23 13:01:29.328,1.09308,1.09324,4.69,2.48
2012.03.23 13:01:30.690,1.09308,1.09325,6.75,2.55
2012.03.23 13:01:31.559,1.09308,1.09324,3.19,5.93
2012.03.23 13:01:31.908,1.09304,1.09312,1.50,2.25
2012.03.23 13:01:32.260,1.09302,1.09311,1.50,1.95
2012.03.23 13:01:32.919,1.093,1.09311,1.50,1.95
2012.03.23 13:01:33.669,1.09301,1.0931,1.50,3.45
2012.03.23 13:01:33.743,1.09295,1.0931,1.50,5.70
2012.03.23 13:01:34.276,1.09297,1.0931,1.88,4.20
2012.03.23 13:01:35.128,1.09297,1.09311,1.50,3.00
2012.03.23 13:01:35.338,1.09297,1.09313,3.00,6.08
2012.03.23 13:01:35.406,1.09297,1.09313,3.00,6.08
2012.03.23 13:01:36.214,1.09299,1.09313,1.50,4.58
2012.03.23 13:01:37.344,1.09298,1.09313,1.69,2.63
2012.03.23 13:01:39.377,1.09296,1.0931,3.19,1.95
2012.03.23 13:01:39.733,1.09292,1.09304,1.50,2.25
2012.03.23 13:01:39.810,1.09291,1.09306,3.19,2.70
2012.03.23 13:01:40.536,1.09291,1.09306,2.44,6.08
2012.03.23 13:01:41.736,1.09292,1.09307,1.50,3.38
2012.03.23 13:01:51.459,1.09284,1.093,2.63,1.95
2012.03.23 13:01:51.986,1.09286,1.093,2.25,1.95
2012.03.23 13:01:52.628,1.09286,1.09301,2.25,3.19
2012.03.23 13:01:58.599,1.09286,1.09301,2.25,3.00
2012.03.23 13:01:59.067,1.09284,1.09295,2.63,1.95
2012.03.23 13:01:59.147,1.09284,1.09295,1.88,4.20
2012.03.23 13:01:59.313,1.09281,1.09295,1.50,4.39
2012.03.23 13:01:59.465,1.09278,1.09293,3.23,1.50
2012.03.23 13:02:01.271,1.09279,1.09293,1.13,3.45
2012.03.23 13:02:01.844,1.09281,1.09293,1.50,3.45
2012.03.23 13:02:02.165,1.09281,1.09291,1.50,1.50
2012.03.23 13:02:03.212,1.09282,1.09291,1.50,1.50
2012.03.23 13:02:03.293,1.09281,1.09291,2.25,1.50
2012.03.23 13:02:03.519,1.09282,1.09297,1.50,4.20
2012.03.23 13:02:03.593,1.09281,1.09294,3.00,4.20
2012.03.23 13:02:03.939,1.09283,1.0929,1.50,2.70
2012.03.23 13:02:04.012,1.09274,1.09288,2.48,1.50
2012.03.23 13:02:04.608,1.09274,1.0929,2.48,4.95
2012.03.23 13:02:05.811,1.09275,1.0929,1.88,4.20
2012.03.23 13:02:06.169,1.09282,1.09295,1.50,1.50
2012.03.23 13:02:06.594,1.09283,1.09296,1.50,2.25
2012.03.23 13:02:07.828,1.09282,1.09296,1.50,3.45
2012.03.23 13:02:07.968,1.09279,1.09293,4.73,1.50
2012.03.23 13:02:08.507,1.0928,1.09293,1.50,1.50
2012.03.23 13:02:08.723,1.09283,1.09297,3.45,2.25
2012.03.23 13:02:09.632,1.09283,1.09298,2.70,1.13
2012.03.23 13:02:10.602,1.09284,1.09299,2.70,3.00
2012.03.23 13:02:11.392,1.09284,1.09298,2.70,3.00
2012.03.23 13:02:11.948,1.09281,1.09297,4.20,4.50
2012.03.23 13:02:12.020,1.09281,1.09295,2.70,1.50
2012.03.23 13:02:14.038,1.0928,1.0929,1.50,1.95
2012.03.23 13:02:14.120,1.09272,1.09286,1.50,2.25
2012.03.23 13:02:14.398,1.0927,1.09285,3.00,2.70
2012.03.23 13:02:14.907,1.0927,1.09284,1.50,5.82
2012.03.23 13:02:15.250,1.09268,1.09277,1.50,2.25
2012.03.23 13:02:16.191,1.09259,1.09274,1.69,1.50
2012.03.23 13:02:16.322,1.09259,1.09275,2.25,2.25
2012.03.23 13:02:16.759,1.09262,1.09275,1.71,1.50
2012.03.23 13:02:17.209,1.09265,1.09278,1.69,1.50
2012.03.23 13:02:17.282,1.09266,1.0928,2.25,2.25
2012.03.23 13:02:17.430,1.09268,1.09283,1.50,2.70
2012.03.23 13:02:17.695,1.09268,1.09284,2.44,4.88
2012.03.23 13:02:18.037,1.09272,1.09286,3.45,1.13
2012.03.23 13:02:18.622,1.09272,1.09286,2.70,2.63
2012.03.23 13:02:21.537,1.09272,1.09286,3.45,1.13
2012.03.23 13:02:23.398,1.09269,1.09282,1.50,1.95
2012.03.23 13:02:23.656,1.09265,1.0928,3.00,3.45
2012.03.23 13:02:23.869,1.09264,1.0928,3.00,4.95
2012.03.23 13:02:24.539,1.09268,1.09278,2.25,1.50
2012.03.23 13:02:24.677,1.09265,1.09278,1.69,1.95
2012.03.23 13:02:24.746,1.09265,1.09278,1.69,1.95
2012.03.23 13:02:24.888,1.09264,1.09278,1.50,3.08
2012.03.23 13:02:25.016,1.09264,1.09277,1.50,1.50
2012.03.23 13:02:25.335,1.09261,1.09275,2.25,1.95
2012.03.23 13:02:25.529,1.09268,1.09275,1.50,2.70
2012.03.23 13:02:25.599,1.0926,1.09275,1.88,4.20
2012.03.23 13:02:26.413,1.09261,1.09277,2.44,5.33
2012.03.23 13:02:26.954,1.09261,1.09279,4.39,3.45
2012.03.23 13:02:28.636,1.09261,1.09279,2.14,3.00
2012.03.23 13:02:29.157,1.0926,1.09278,7.02,3.08
2012.03.23 13:02:29.295,1.0926,1.09276,5.82,1.95
2012.03.23 13:02:29.575,1.0926,1.09276,3.19,1.95
2012.03.23 13:02:29.928,1.0926,1.09276,3.00,1.95
2012.03.23 13:02:30.286,1.09267,1.09279,2.25,2.70
2012.03.23 13:02:30.608,1.09267,1.09276,2.25,1.95
2012.03.23 13:02:31.168,1.09265,1.09276,1.69,1.95
2012.03.23 13:02:31.691,1.09265,1.09275,1.69,1.95
2012.03.23 13:02:33.785,1.09265,1.09274,1.50,1.95
2012.03.23 13:02:34.269,1.09262,1.09274,1.13,3.08
2012.03.23 13:02:34.411,1.09259,1.09274,1.13,4.58
2012.03.23 13:02:35.458,1.09258,1.09272,1.13,1.95
2012.03.23 13:02:36.011,1.09256,1.09269,2.82,1.95
2012.03.23 13:02:36.922,1.09256,1.09269,3.00,1.95
2012.03.23 13:02:38.595,1.09256,1.09273,2.25,2.70
2012.03.23 13:02:40.058,1.09258,1.09273,1.50,2.70
2012.03.23 13:02:40.401,1.09258,1.09274,3.21,6.08
2012.03.23 13:02:40.621,1.09256,1.09274,3.83,7.58
2012.03.23 13:02:41.816,1.09256,1.09274,4.58,7.20
2012.03.23 13:02:42.530,1.09265,1.09274,1.50,1.95
2012.03.23 13:02:42.617,1.09266,1.09281,3.00,2.70
2012.03.23 13:02:42.901,1.09268,1.09281,1.50,2.70
2012.03.23 13:02:43.049,1.09266,1.09281,1.50,2.70
2012.03.23 13:02:43.534,1.09264,1.09281,1.88,3.83
2012.03.23 13:02:44.939,1.09264,1.09278,1.88,1.95
2012.03.23 13:02:45.947,1.09264,1.09278,1.50,3.45
2012.03.23 13:02:46.023,1.09262,1.09278,4.35,3.83
2012.03.23 13:02:46.798,1.09259,1.09276,1.95,4.69
2012.03.23 13:02:46.939,1.09258,1.09271,1.50,1.95
2012.03.23 13:02:47.219,1.09253,1.09268,1.88,3.08
2012.03.23 13:02:47.426,1.09251,1.09267,1.50,3.75
2012.03.23 13:02:47.888,1.09253,1.09268,1.50,2.33
2012.03.23 13:02:49.506,1.09253,1.09269,1.50,2.25
2012.03.23 13:02:49.847,1.09251,1.09266,1.50,3.00
2012.03.23 13:02:49.921,1.09251,1.09268,5.25,2.44
2012.03.23 13:02:50.069,1.09251,1.09269,5.44,2.25
2012.03.23 13:02:50.136,1.09254,1.0927,1.50,3.45
2012.03.23 13:02:53.034,1.09254,1.0927,1.50,4.39
2012.03.23 13:02:56.441,1.09251,1.09269,5.63,4.20
2012.03.23 13:02:57.505,1.09251,1.09267,2.63,1.95
2012.03.23 13:02:58.290,1.09251,1.09267,1.50,1.95
2012.03.23 13:02:59.832,1.09254,1.09267,1.95,2.25
2012.03.23 13:03:00.190,1.0926,1.09269,1.95,1.50
2012.03.23 13:03:00.537,1.09264,1.09273,3.45,1.35
2012.03.23 13:03:00.685,1.09265,1.09277,1.50,1.13
2012.03.23 13:03:01.237,1.09265,1.09277,1.50,1.88
2012.03.23 13:03:01.737,1.09264,1.09272,1.50,1.50
2012.03.23 13:03:08.044,1.09262,1.09272,3.45,1.50
2012.03.23 13:03:11.454,1.09262,1.09273,1.69,1.50
2012.03.23 13:03:12.265,1.0926,1.09272,1.88,1.50
2012.03.23 13:03:13.080,1.09256,1.09269,1.13,3.00
2012.03.23 13:03:13.152,1.09254,1.09269,1.13,3.00
2012.03.23 13:03:13.358,1.09253,1.09268,1.13,1.95
2012.03.23 13:03:14.337,1.09254,1.0927,1.50,4.20
2012.03.23 13:03:15.079,1.09254,1.0927,1.50,4.39
2012.03.23 13:03:15.674,1.09254,1.0927,1.50,4.20
2012.03.23 13:03:16.607,1.09254,1.0927,1.50,4.39
2012.03.23 13:03:17.596,1.09254,1.0927,1.50,5.33
2012.03.23 13:03:19.684,1.09254,1.09269,1.50,1.71
2012.03.23 13:03:20.057,1.09251,1.09265,3.00,1.95
2012.03.23 13:03:20.187,1.09248,1.09264,2.25,1.50
2012.03.23 13:03:20.437,1.09248,1.09262,2.25,1.95
2012.03.23 13:03:20.777,1.09247,1.09262,1.13,1.95
2012.03.23 13:03:21.536,1.09245,1.09262,2.25,1.95
2012.03.23 13:03:22.153,1.09245,1.09262,2.63,1.95
2012.03.23 13:03:23.231,1.09244,1.0926,5.33,1.69
2012.03.23 13:03:24.695,1.09244,1.0926,3.83,1.88
2012.03.23 13:03:26.938,1.09244,1.0926,1.50,5.33
2012.03.23 13:03:27.277,1.09241,1.09257,1.88,5.33
2012.03.23 13:03:27.348,1.09239,1.09257,5.52,6.83
2012.03.23 13:03:27.891,1.09239,1.09257,3.64,6.83
2012.03.23 13:03:30.114,1.09239,1.09256,1.50,2.70
2012.03.23 13:03:32.334,1.09238,1.09253,3.38,1.95
2012.03.23 13:03:32.483,1.09236,1.09252,1.50,2.25
2012.03.23 13:03:32.698,1.09237,1.09253,1.50,2.70
2012.03.23 13:03:35.506,1.09239,1.09255,1.95,2.44
2012.03.23 13:03:36.556,1.09237,1.09253,1.50,3.00
2012.03.23 13:03:36.750,1.0924,1.09255,1.95,1.69
2012.03.23 13:03:37.297,1.09243,1.09256,1.50,2.25
2012.03.23 13:03:37.800,1.09242,1.09256,1.50,1.95
2012.03.23 13:03:38.306,1.0924,1.09256,5.10,1.95
2012.03.23 13:03:38.520,1.09241,1.09259,7.20,3.19
2012.03.23 13:03:38.592,1.09244,1.09259,1.50,1.50
2012.03.23 13:03:38.886,1.09242,1.09258,1.69,1.50
2012.03.23 13:03:39.517,1.09243,1.09258,1.95,1.50
2012.03.23 13:03:40.796,1.09242,1.09258,2.44,1.50
2012.03.23 13:03:41.475,1.09242,1.09258,2.25,1.69
2012.03.23 13:03:41.670,1.09241,1.09255,2.63,1.95
2012.03.23 13:03:42.832,1.0924,1.09257,4.73,3.64
2012.03.23 13:03:43.368,1.09242,1.09257,2.63,1.95
2012.03.23 13:03:43.889,1.09242,1.09256,2.63,1.95
2012.03.23 13:03:44.833,1.09242,1.09257,2.63,1.95
2012.03.23 13:03:45.527,1.09242,1.09257,2.44,1.95
2012.03.23 13:03:48.604,1.09246,1.09261,1.50,2.25
2012.03.23 13:03:49.167,1.09246,1.09262,1.69,2.25
2012.03.23 13:03:51.676,1.09248,1.09262,1.50,1.13
2012.03.23 13:03:52.298,1.09246,1.09262,1.50,4.58
2012.03.23 13:03:52.366,1.09245,1.0926,1.13,1.50
2012.03.23 13:03:53.066,1.09244,1.0926,1.50,1.50
2012.03.23 13:03:53.924,1.09244,1.09258,1.50,1.95
2012.03.23 13:03:55.288,1.09244,1.0926,1.50,3.45
2012.03.23 13:03:56.652,1.09244,1.0926,3.21,3.45
2012.03.23 13:03:57.078,1.09246,1.09262,3.64,4.50
2012.03.23 13:03:57.600,1.09246,1.09261,1.95,2.63
2012.03.23 13:03:57.860,1.09243,1.09261,5.52,4.58
2012.03.23 13:03:59.787,1.09244,1.09261,1.13,4.39
2012.03.23 13:04:00.217,1.09244,1.09261,1.50,4.39
2012.03.23 13:04:00.428,1.09247,1.09263,2.33,5.25
2012.03.23 13:04:01.292,1.09248,1.09261,1.50,2.89
2012.03.23 13:04:01.639,1.0925,1.09263,1.50,1.13
2012.03.23 13:04:01.988,1.0925,1.09264,1.50,1.95
2012.03.23 13:04:02.520,1.09251,1.09265,1.50,1.13
2012.03.23 13:04:03.060,1.0925,1.09264,1.50,2.63
2012.03.23 13:04:03.339,1.09247,1.09264,2.44,2.63
2012.03.23 13:04:04.406,1.09249,1.09264,1.50,2.63
2012.03.23 13:04:05.653,1.09247,1.09264,1.50,2.63
2012.03.23 13:04:06.325,1.09248,1.09264,1.95,2.63
2012.03.23 13:04:08.386,1.09249,1.09264,1.95,2.25
2012.03.23 13:04:09.908,1.09249,1.09264,1.95,2.44
2012.03.23 13:04:10.379,1.09251,1.09264,1.50,2.44
2012.03.23 13:04:10.728,1.09259,1.0927,1.50,1.50
2012.03.23 13:04:10.801,1.09259,1.09272,1.50,2.25
2012.03.23 13:04:10.878,1.09259,1.09276,1.50,3.83
2012.03.23 13:04:11.041,1.09259,1.09274,1.50,1.69
2012.03.23 13:04:11.565,1.09259,1.09274,2.25,1.50
2012.03.23 13:04:12.107,1.09259,1.09274,2.25,1.50
2012.03.23 13:04:12.676,1.09258,1.09272,2.89,1.50
2012.03.23 13:04:13.195,1.09257,1.09272,2.25,1.50
2012.03.23 13:04:15.008,1.09257,1.09268,2.25,1.50
2012.03.23 13:04:15.660,1.09257,1.09268,1.50,1.50
2012.03.23 13:04:16.247,1.09257,1.09268,2.25,1.50
2012.03.23 13:04:16.908,1.09261,1.09268,1.50,1.50
2012.03.23 13:04:16.994,1.0926,1.09272,1.50,1.50
2012.03.23 13:04:17.338,1.09258,1.09272,1.50,1.50
2012.03.23 13:04:20.069,1.09258,1.09272,3.21,1.50
2012.03.23 13:04:20.627,1.09262,1.09272,1.50,3.45
2012.03.23 13:04:20.765,1.09258,1.09272,2.25,3.45
2012.03.23 13:04:21.077,1.0926,1.09272,1.50,3.45
2012.03.23 13:04:21.606,1.0926,1.09273,2.25,3.45
2012.03.23 13:04:21.817,1.09259,1.09273,3.00,1.95
2012.03.23 13:04:22.462,1.09259,1.09272,1.50,2.25
2012.03.23 13:04:22.539,1.09258,1.09268,4.35,1.95
2012.03.23 13:04:22.610,1.09256,1.09268,3.00,2.33
2012.03.23 13:04:22.748,1.09251,1.09265,1.88,1.50
2012.03.23 13:04:23.265,1.09249,1.09265,5.10,1.50
2012.03.23 13:04:23.802,1.09249,1.09264,4.73,1.69
2012.03.23 13:04:24.347,1.09249,1.09265,3.60,1.95
2012.03.23 13:04:26.470,1.09249,1.09264,1.35,1.50
2012.03.23 13:04:26.949,1.09249,1.09262,1.35,1.50
2012.03.23 13:04:27.021,1.09249,1.09265,1.73,3.45
2012.03.23 13:04:27.159,1.09249,1.09263,1.73,1.95
2012.03.23 13:04:27.924,1.09254,1.09269,1.88,3.08
2012.03.23 13:04:28.007,1.09256,1.09269,1.50,3.08
2012.03.23 13:04:28.363,1.09256,1.09265,1.50,1.95
2012.03.23 13:04:28.572,1.09254,1.09265,1.50,1.95
2012.03.23 13:04:29.039,1.09251,1.09265,2.25,1.95
2012.03.23 13:04:29.801,1.09251,1.09266,2.25,1.95
2012.03.23 13:04:30.790,1.0925,1.09266,2.70,3.64
2012.03.23 13:04:31.389,1.0925,1.09263,1.88,1.95
2012.03.23 13:04:32.354,1.09242,1.09255,1.13,1.95
2012.03.23 13:04:32.429,1.0924,1.09255,1.88,1.95
2012.03.23 13:04:33.366,1.09242,1.09257,2.25,5.55
2012.03.23 13:04:33.572,1.09244,1.09259,1.50,3.38
2012.03.23 13:04:33.920,1.09247,1.09259,1.95,2.63
2012.03.23 13:04:34.131,1.09247,1.09262,2.33,2.18
2012.03.23 13:04:34.215,1.09249,1.09263,1.50,2.18
2012.03.23 13:04:35.129,1.09247,1.09262,1.95,2.25
2012.03.23 13:04:35.646,1.09246,1.09262,2.25,2.25
2012.03.23 13:04:36.909,1.09246,1.09262,3.00,1.88
2012.03.23 13:04:37.108,1.09248,1.09264,2.25,2.25
2012.03.23 13:04:37.556,1.09248,1.09264,2.25,1.88
2012.03.23 13:04:38.667,1.09248,1.09264,2.25,2.63
2012.03.23 13:04:38.867,1.09246,1.09261,3.45,1.50
2012.03.23 13:04:39.387,1.09246,1.09263,3.45,1.69
2012.03.23 13:04:40.199,1.09246,1.09262,3.45,1.50
2012.03.23 13:04:40.472,1.09244,1.0926,2.25,3.04
2012.03.23 13:04:40.618,1.09242,1.09259,3.08,2.10
2012.03.23 13:04:41.331,1.09243,1.0926,1.50,1.54
2012.03.23 13:04:41.971,1.09243,1.0926,3.45,2.85
2012.03.23 13:04:42.377,1.09242,1.09256,2.25,2.25
2012.03.23 13:04:42.516,1.0924,1.09256,1.50,3.75
2012.03.23 13:04:43.924,1.0924,1.09256,1.50,5.63
2012.03.23 13:04:46.046,1.09238,1.09254,3.00,3.94
2012.03.23 13:04:46.561,1.09237,1.09253,2.70,1.69
2012.03.23 13:04:47.065,1.09237,1.09253,1.95,1.69
2012.03.23 13:04:47.337,1.09237,1.09255,1.88,7.39
2012.03.23 13:04:47.541,1.09238,1.09255,1.13,7.39
2012.03.23 13:04:48.201,1.09241,1.09255,2.25,1.69
2012.03.23 13:04:48.547,1.09241,1.09259,3.75,4.39
2012.03.23 13:04:49.086,1.09242,1.09259,1.13,2.25
2012.03.23 13:04:49.303,1.09245,1.09259,1.95,2.25
2012.03.23 13:04:50.065,1.09246,1.09259,1.50,3.75
2012.03.23 13:04:50.150,1.09242,1.09258,3.45,1.69
2012.03.23 13:04:50.711,1.0924,1.09256,4.73,1.50
2012.03.23 13:04:50.793,1.0924,1.09254,2.63,1.95
2012.03.23 13:04:51.147,1.09237,1.09252,1.32,1.50
2012.03.23 13:04:52.346,1.09238,1.09254,1.88,4.95
2012.03.23 13:04:52.900,1.09238,1.09254,1.50,4.95
2012.03.23 13:04:53.459,1.09238,1.09253,1.50,3.45
2012.03.23 13:04:54.835,1.09242,1.09255,1.50,2.70
2012.03.23 13:04:55.689,1.09242,1.09258,1.50,3.38
2012.03.23 13:04:58.331,1.09242,1.09258,1.50,6.08
2012.03.23 13:04:58.670,1.0924,1.09256,2.25,4.13
2012.03.23 13:04:58.813,1.09242,1.09257,1.50,1.95
2012.03.23 13:04:59.754,1.09243,1.09257,1.50,1.95
2012.03.23 13:04:59.958,1.09243,1.0926,1.50,5.70
2012.03.23 13:05:00.428,1.09246,1.09261,1.50,2.25
2012.03.23 13:05:00.922,1.09244,1.09259,3.45,2.25
2012.03.23 13:05:01.000,1.09242,1.09259,1.50,6.45
2012.03.23 13:05:01.280,1.0924,1.09256,3.98,1.50
2012.03.23 13:05:02.061,1.09242,1.09258,1.50,5.44
2012.03.23 13:05:02.135,1.09242,1.09258,2.25,3.94
2012.03.23 13:05:02.454,1.09246,1.09257,1.50,3.19
2012.03.23 13:05:02.671,1.09247,1.09259,1.50,1.95
2012.03.23 13:05:03.228,1.09247,1.0926,3.00,1.95
2012.03.23 13:05:03.571,1.0925,1.0926,1.50,1.95
2012.03.23 13:05:03.651,1.09251,1.09263,1.13,1.50
2012.03.23 13:05:04.114,1.09254,1.09267,2.25,1.73
2012.03.23 13:05:04.206,1.09258,1.09273,1.50,1.95
2012.03.23 13:05:04.756,1.09256,1.09272,2.63,1.50
2012.03.23 13:05:05.469,1.09256,1.09272,2.44,1.50
2012.03.23 13:05:06.304,1.09255,1.09271,2.10,1.50
2012.03.23 13:05:06.865,1.09255,1.09271,1.35,1.50
2012.03.23 13:05:07.011,1.09255,1.09268,4.35,1.50
2012.03.23 13:05:07.910,1.09255,1.09271,3.60,1.88
2012.03.23 13:05:08.792,1.09255,1.09271,3.60,1.69
2012.03.23 13:05:09.398,1.09255,1.09271,3.75,1.69
2012.03.23 13:05:09.947,1.09255,1.0927,3.00,1.50
2012.03.23 13:05:10.496,1.09256,1.0927,2.25,1.50
2012.03.23 13:05:12.787,1.09256,1.0927,5.33,1.50
2012.03.23 13:05:13.327,1.09256,1.0927,5.33,1.50
2012.03.23 13:05:14.255,1.09256,1.0927,5.33,1.50
2012.03.23 13:05:14.877,1.09256,1.0927,5.93,1.50
2012.03.23 13:05:15.208,1.09259,1.0927,2.63,1.50
2012.03.23 13:05:15.704,1.09256,1.09271,1.73,1.95
2012.03.23 13:05:15.986,1.09257,1.0927,3.23,1.50
2012.03.23 13:05:16.733,1.09257,1.09269,3.23,1.95
2012.03.23 13:05:17.010,1.09257,1.09271,3.23,2.25
2012.03.23 13:05:19.532,1.09258,1.09273,1.13,2.70
2012.03.23 13:05:19.679,1.09258,1.09273,1.13,2.14
2012.03.23 13:05:20.077,1.09256,1.0927,1.13,1.95
2012.03.23 13:05:20.290,1.09254,1.09268,1.50,2.25
2012.03.23 13:05:20.828,1.09252,1.09268,1.13,4.50
2012.03.23 13:05:21.358,1.09251,1.09266,1.88,2.25
2012.03.23 13:05:21.880,1.09253,1.09268,1.50,4.95
2012.03.23 13:05:22.007,1.09253,1.09268,1.50,1.95
2012.03.23 13:05:22.566,1.09253,1.09269,2.25,1.50
2012.03.23 13:05:24.008,1.09255,1.09269,1.95,1.50
2012.03.23 13:05:24.736,1.0926,1.09275,2.25,5.14
2012.03.23 13:05:25.255,1.09259,1.09275,1.13,1.95
2012.03.23 13:05:26.205,1.09259,1.09274,1.13,1.95
2012.03.23 13:05:26.758,1.09259,1.09274,3.00,3.45
2012.03.23 13:05:27.019,1.09259,1.09274,2.63,1.95
2012.03.23 13:05:27.726,1.09261,1.09275,1.13,1.50
2012.03.23 13:05:28.255,1.09261,1.09276,1.13,1.95
2012.03.23 13:05:28.854,1.0926,1.09276,2.63,1.95
2012.03.23 13:05:29.361,1.0926,1.09277,3.60,1.95
2012.03.23 13:05:29.907,1.09263,1.09277,1.13,1.95
2012.03.23 13:05:34.960,1.09263,1.09278,1.13,1.50
2012.03.23 13:05:35.522,1.09263,1.09279,2.63,3.45
2012.03.23 13:05:36.584,1.09263,1.09278,1.13,3.45
2012.03.23 13:05:37.089,1.09264,1.09278,3.00,1.95
2012.03.23 13:05:37.444,1.09272,1.09286,2.44,2.85
2012.03.23 13:05:38.600,1.09271,1.09283,2.25,1.95
2012.03.23 13:05:39.579,1.09271,1.09285,2.25,1.95
2012.03.23 13:05:40.316,1.09271,1.09285,2.25,1.95
2012.03.23 13:05:40.462,1.09271,1.09282,2.25,1.95
2012.03.23 13:05:40.747,1.09269,1.09282,1.50,2.70
2012.03.23 13:05:40.957,1.09268,1.09282,1.50,2.78
2012.03.23 13:05:41.408,1.09268,1.09282,1.50,2.89
2012.03.23 13:05:41.920,1.09267,1.09282,1.50,1.13
2012.03.23 13:05:42.639,1.09267,1.09283,1.50,4.50
2012.03.23 13:05:42.921,1.09268,1.09284,3.00,4.95
2012.03.23 13:05:43.580,1.0927,1.09286,2.25,2.25
2012.03.23 13:05:44.070,1.0927,1.09286,3.75,3.00
2012.03.23 13:05:50.526,1.0927,1.09286,3.00,4.88
2012.03.23 13:05:51.457,1.09271,1.09285,4.95,5.25
2012.03.23 13:05:51.539,1.0927,1.09284,2.63,1.50
2012.03.23 13:05:52.090,1.09271,1.09286,2.70,4.50
2012.03.23 13:05:53.292,1.09271,1.09286,2.25,3.00
2012.03.23 13:05:53.891,1.09271,1.09286,2.25,3.38
2012.03.23 13:05:56.159,1.0927,1.09285,3.75,3.38
2012.03.23 13:05:57.054,1.0927,1.0928,2.25,1.95
2012.03.23 13:05:57.643,1.09263,1.09278,2.25,3.75
2012.03.23 13:05:58.172,1.09263,1.09278,2.25,3.75
2012.03.23 13:05:58.674,1.09263,1.09279,4.50,5.25
2012.03.23 13:05:59.684,1.09265,1.09279,1.50,2.25
2012.03.23 13:06:00.202,1.09265,1.09278,1.50,2.25
2012.03.23 13:06:00.770,1.09264,1.09278,2.07,2.25
2012.03.23 13:06:00.977,1.09266,1.09279,1.50,1.50
2012.03.23 13:06:01.053,1.09268,1.09284,2.25,3.94
2012.03.23 13:06:01.131,1.09271,1.09284,1.50,1.69
2012.03.23 13:06:01.771,1.09269,1.09285,2.63,2.89
2012.03.23 13:06:02.130,1.09272,1.09284,2.70,1.50
2012.03.23 13:06:02.202,1.09269,1.09286,1.88,3.75
2012.03.23 13:06:02.282,1.09272,1.09286,2.25,2.25
2012.03.23 13:06:02.787,1.0927,1.09286,1.13,3.75
2012.03.23 13:06:03.469,1.09271,1.09286,1.13,1.69
2012.03.23 13:06:04.270,1.09277,1.09292,2.25,3.66
2012.03.23 13:06:04.479,1.09277,1.09292,2.25,1.95
2012.03.23 13:06:04.552,1.09277,1.09292,2.63,1.95
2012.03.23 13:06:04.975,1.09277,1.09292,3.38,1.95
2012.03.23 13:06:05.518,1.09277,1.09292,3.38,1.95
2012.03.23 13:06:06.142,1.09277,1.09289,1.13,2.44
2012.03.23 13:06:06.231,1.09274,1.09289,1.50,4.39
2012.03.23 13:06:06.793,1.09277,1.09292,1.50,3.08
2012.03.23 13:06:06.871,1.09277,1.09292,1.88,1.95
2012.03.23 13:06:07.001,1.09279,1.09292,2.25,1.95
2012.03.23 13:06:07.870,1.09279,1.09293,2.25,1.95
2012.03.23 13:06:08.658,1.09279,1.09293,2.25,1.95
2012.03.23 13:06:09.446,1.09279,1.09295,2.25,6.08
2012.03.23 13:06:10.284,1.0928,1.09295,1.13,2.63
2012.03.23 13:06:10.857,1.0928,1.09295,1.13,1.95
2012.03.23 13:06:11.672,1.0928,1.09294,4.13,1.95
2012.03.23 13:06:12.221,1.0928,1.09294,1.13,1.95
2012.03.23 13:06:12.358,1.09279,1.09293,1.13,1.50
2012.03.23 13:06:13.278,1.09279,1.09293,1.13,3.45
2012.03.23 13:06:13.805,1.09279,1.09292,2.63,1.95
2012.03.23 13:06:14.454,1.09279,1.09292,2.63,1.95
2012.03.23 13:06:17.350,1.09279,1.09293,2.63,1.95
2012.03.23 13:06:17.906,1.09279,1.09293,2.63,2.70
2012.03.23 13:06:22.177,1.09281,1.09295,1.50,3.00
2012.03.23 13:06:22.718,1.0928,1.09295,1.13,4.50
2012.03.23 13:06:25.092,1.09277,1.09293,3.00,2.25
2012.03.23 13:06:25.610,1.09277,1.09292,1.13,2.25
2012.03.23 13:06:26.325,1.09277,1.09289,1.13,1.95
2012.03.23 13:06:26.947,1.09271,1.09288,3.45,1.50
2012.03.23 13:06:27.376,1.0927,1.09286,3.00,1.95
2012.03.23 13:06:27.722,1.0927,1.09286,1.32,3.45
2012.03.23 13:06:29.184,1.0927,1.09284,1.13,1.95
2012.03.23 13:06:30.470,1.09269,1.09281,1.13,1.95
2012.03.23 13:06:32.988,1.09268,1.09282,2.63,1.95
2012.03.23 13:06:38.216,1.09269,1.09283,1.13,1.50
2012.03.23 13:06:40.898,1.09268,1.09277,1.13,1.95
2012.03.23 13:06:41.045,1.09266,1.09277,1.13,1.95
2012.03.23 13:06:41.337,1.09265,1.09276,1.50,1.88
2012.03.23 13:06:41.938,1.0926,1.09274,1.13,1.95
2012.03.23 13:06:43.246,1.09261,1.09275,1.13,1.50
2012.03.23 13:06:43.923,1.09261,1.09276,2.07,1.50
2012.03.23 13:06:44.015,1.09263,1.09278,1.13,1.50
2012.03.23 13:06:44.160,1.09265,1.0928,2.25,1.95
2012.03.23 13:06:46.992,1.0926,1.09272,1.50,1.50
2012.03.23 13:06:47.127,1.09259,1.09271,1.13,1.50
2012.03.23 13:06:47.647,1.09259,1.09272,1.13,1.50
2012.03.23 13:06:48.060,1.09258,1.0927,1.95,1.50
2012.03.23 13:06:48.438,1.09258,1.09273,1.95,3.38
2012.03.23 13:06:48.505,1.09258,1.09271,1.95,1.50
2012.03.23 13:06:49.199,1.09254,1.09271,2.63,6.08
2012.03.23 13:06:49.281,1.0925,1.09264,1.13,1.50
2012.03.23 13:06:49.826,1.0925,1.09264,1.13,1.50
2012.03.23 13:06:51.206,1.09249,1.09264,1.13,1.50
2012.03.23 13:06:51.567,1.09248,1.09262,3.08,1.50
2012.03.23 13:06:52.170,1.09248,1.09261,2.55,1.50
2012.03.23 13:06:52.519,1.09247,1.09262,2.33,1.88
2012.03.23 13:06:52.953,1.09247,1.09261,2.33,2.25
2012.03.23 13:06:53.310,1.09237,1.09249,2.25,1.95
2012.03.23 13:06:54.234,1.0923,1.09249,2.25,6.45
2012.03.23 13:06:55.107,1.09233,1.09249,2.07,7.20
2012.03.23 13:06:55.456,1.09233,1.09246,1.88,2.25
2012.03.23 13:06:55.536,1.09229,1.09245,3.75,2.25
2012.03.23 13:06:55.682,1.09229,1.09243,4.13,2.25
2012.03.23 13:06:57.210,1.09227,1.09242,1.50,1.95
2012.03.23 13:06:57.421,1.09226,1.09241,1.13,4.50
2012.03.23 13:06:57.970,1.09224,1.0924,3.08,2.25
2012.03.23 13:06:58.679,1.09224,1.09241,4.58,3.00
2012.03.23 13:06:58.750,1.09224,1.09241,4.58,3.75
2012.03.23 13:06:59.857,1.09224,1.09238,1.13,1.95
2012.03.23 13:06:59.929,1.09223,1.09238,2.25,1.95
2012.03.23 13:07:01.870,1.09223,1.09239,3.00,5.14
2012.03.23 13:07:02.431,1.09225,1.09241,2.25,5.82
2012.03.23 13:07:02.983,1.09223,1.09239,5.33,1.69
2012.03.23 13:07:03.398,1.09224,1.09241,3.00,4.20
2012.03.23 13:07:03.969,1.09224,1.09241,3.00,2.70
2012.03.23 13:07:04.036,1.09224,1.09241,3.00,3.45
2012.03.23 13:07:04.110,1.09224,1.09239,3.45,4.50
2012.03.23 13:07:04.246,1.09224,1.09242,4.95,7.20
2012.03.23 13:07:05.087,1.09226,1.09242,1.50,4.58
2012.03.23 13:07:05.215,1.09228,1.09242,1.95,2.63
2012.03.23 13:07:05.727,1.09228,1.09242,1.95,5.25
2012.03.23 13:07:06.248,1.09224,1.09241,1.13,3.64
2012.03.23 13:07:06.817,1.09223,1.09241,5.33,3.64
2012.03.23 13:07:06.898,1.09223,1.09239,4.20,1.13
2012.03.23 13:07:07.998,1.09222,1.09236,3.45,1.50
2012.03.23 13:07:09.005,1.09222,1.09238,3.00,3.64
2012.03.23 13:07:09.548,1.09223,1.09238,1.50,3.45
2012.03.23 13:07:11.884,1.09223,1.09238,1.50,3.45
2012.03.23 13:07:12.631,1.09224,1.09239,2.25,2.14
2012.03.23 13:07:13.289,1.09223,1.09239,1.50,3.64
2012.03.23 13:07:16.448,1.09223,1.09239,1.88,1.69
2012.03.23 13:07:17.558,1.09224,1.0924,2.63,2.44
2012.03.23 13:07:18.352,1.09226,1.09241,1.50,3.08
2012.03.23 13:07:18.697,1.09226,1.09241,1.50,2.70
2012.03.23 13:07:18.888,1.09224,1.09241,2.25,4.20
2012.03.23 13:07:19.900,1.09224,1.09241,2.25,4.02
2012.03.23 13:07:21.534,1.09223,1.09237,3.38,1.95
2012.03.23 13:07:21.607,1.09223,1.09237,1.50,1.95
2012.03.23 13:07:21.881,1.09224,1.09241,1.50,4.13
2012.03.23 13:07:22.828,1.09224,1.09242,3.00,8.33
2012.03.23 13:07:24.745,1.09224,1.0924,3.38,2.63
2012.03.23 13:07:25.297,1.09225,1.0924,1.50,2.63
2012.03.23 13:07:26.116,1.09225,1.0924,1.50,2.25
2012.03.23 13:07:26.742,1.09225,1.09241,1.50,3.00
2012.03.23 13:07:27.905,1.09224,1.09237,4.95,2.25
2012.03.23 13:07:28.260,1.09223,1.09239,3.38,1.50
2012.03.23 13:07:28.762,1.09223,1.09239,3.38,2.25
2012.03.23 13:07:29.909,1.09223,1.09239,4.13,2.25
2012.03.23 13:07:32.408,1.09223,1.09236,1.50,2.33
2012.03.23 13:07:33.186,1.09218,1.09232,2.67,1.50
2012.03.23 13:07:33.264,1.09218,1.09232,1.73,1.69
2012.03.23 13:07:35.306,1.09218,1.09232,2.10,1.69
2012.03.23 13:07:38.224,1.09218,1.09229,2.10,1.50
2012.03.23 13:07:40.734,1.09218,1.09232,1.73,2.25
2012.03.23 13:07:44.178,1.09219,1.09233,3.45,1.13
2012.03.23 13:07:44.248,1.0922,1.09234,1.13,1.50
2012.03.23 13:07:44.317,1.09223,1.09234,2.25,1.50
2012.03.23 13:07:44.390,1.09223,1.09237,2.25,1.50
2012.03.23 13:07:44.461,1.0922,1.09236,3.00,1.50
2012.03.23 13:07:45.043,1.09221,1.09233,1.13,1.50
2012.03.23 13:07:53.286,1.09218,1.09232,1.73,1.95
2012.03.23 13:07:53.359,1.09217,1.09232,3.38,3.64
2012.03.23 13:07:53.496,1.09216,1.09232,1.13,6.64
2012.03.23 13:07:54.023,1.09214,1.0923,3.08,5.25
2012.03.23 13:07:55.236,1.09214,1.09227,1.13,1.50
2012.03.23 13:07:55.370,1.09214,1.09229,3.08,3.75
2012.03.23 13:07:58.199,1.09221,1.09229,2.70,1.50
2012.03.23 13:07:58.280,1.09221,1.09233,2.70,1.50
2012.03.23 13:07:58.509,1.09221,1.09235,3.45,1.50
2012.03.23 13:07:59.068,1.0922,1.09237,2.70,1.50
2012.03.23 13:08:00.342,1.09227,1.09239,1.95,3.00
2012.03.23 13:08:00.619,1.09227,1.09244,3.45,3.94
2012.03.23 13:08:04.496,1.09227,1.09242,1.50,1.13
2012.03.23 13:08:04.826,1.09228,1.09243,2.70,1.50
2012.03.23 13:08:05.328,1.09228,1.09244,3.83,1.50
2012.03.23 13:08:10.307,1.09228,1.09245,3.45,1.92
2012.03.23 13:08:10.449,1.09232,1.09245,1.95,3.42
2012.03.23 13:08:11.054,1.09232,1.09248,3.83,4.32
2012.03.23 13:08:11.132,1.09232,1.09243,1.88,1.95
2012.03.23 13:08:11.497,1.09225,1.09236,2.25,3.00
2012.03.23 13:08:11.641,1.09225,1.09233,1.50,3.60
2012.03.23 13:08:11.709,1.09219,1.09233,1.95,3.60
2012.03.23 13:08:11.895,1.09217,1.09232,1.88,1.73
2012.03.23 13:08:12.407,1.09217,1.09231,1.50,1.13
2012.03.23 13:08:13.032,1.09215,1.0923,2.03,1.50
2012.03.23 13:08:13.113,1.09215,1.0923,1.95,1.50
2012.03.23 13:08:13.661,1.09214,1.09229,1.50,1.95
2012.03.23 13:08:13.738,1.09214,1.09229,1.50,2.55
2012.03.23 13:08:14.157,1.09211,1.09226,1.95,1.69
2012.03.23 13:08:14.700,1.09211,1.09225,2.33,1.50
2012.03.23 13:08:16.309,1.09211,1.09222,2.33,1.50
2012.03.23 13:08:16.777,1.09208,1.09222,2.63,1.50
2012.03.23 13:08:16.987,1.09209,1.09225,2.63,3.19
2012.03.23 13:08:17.056,1.09207,1.09221,3.83,2.25
2012.03.23 13:08:17.331,1.09205,1.09219,1.13,2.25
2012.03.23 13:08:17.472,1.092,1.09217,4.43,1.50
2012.03.23 13:08:17.622,1.092,1.09215,2.93,1.50
2012.03.23 13:08:17.913,1.09203,1.09219,2.25,1.88
2012.03.23 13:08:18.448,1.09204,1.09219,2.63,1.13
2012.03.23 13:08:18.951,1.09206,1.09219,2.25,1.69
2012.03.23 13:08:19.017,1.09202,1.09219,2.33,1.69
2012.03.23 13:08:19.162,1.09203,1.09217,2.63,1.50
2012.03.23 13:08:19.496,1.09203,1.09218,2.63,1.50
2012.03.23 13:08:20.010,1.09203,1.09219,2.63,2.07
2012.03.23 13:08:20.205,1.09203,1.09219,2.63,2.07
2012.03.23 13:08:20.715,1.09203,1.09219,2.63,2.07
2012.03.23 13:08:21.490,1.09211,1.09221,1.95,1.88
2012.03.23 13:08:21.701,1.09217,1.09229,1.95,1.32
2012.03.23 13:08:21.842,1.09217,1.0923,2.14,1.13
2012.03.23 13:08:21.924,1.09221,1.09235,1.95,2.55
2012.03.23 13:08:22.275,1.09223,1.09239,3.75,4.58
2012.03.23 13:08:22.821,1.09221,1.09238,1.69,3.45
2012.03.23 13:08:22.898,1.09221,1.09236,1.69,1.50
2012.03.23 13:08:23.516,1.09219,1.09236,1.32,1.50
2012.03.23 13:08:23.641,1.09218,1.09232,2.25,5.70
2012.03.23 13:08:23.919,1.09217,1.09229,2.25,1.50
2012.03.23 13:08:24.066,1.09217,1.09232,2.44,3.83
2012.03.23 13:08:24.587,1.09215,1.09231,4.95,1.50
2012.03.23 13:08:25.528,1.09215,1.09231,2.63,3.45
2012.03.23 13:08:26.047,1.09216,1.0923,1.13,1.50
2012.03.23 13:08:26.119,1.09219,1.0923,1.95,1.50
2012.03.23 13:08:26.190,1.09219,1.09232,1.95,1.50
2012.03.23 13:08:26.328,1.09219,1.09234,1.95,1.50
2012.03.23 13:08:26.461,1.09219,1.09236,2.70,1.58
2012.03.23 13:08:26.847,1.09219,1.09236,3.08,1.50
2012.03.23 13:08:27.611,1.09221,1.09238,3.45,1.50
2012.03.23 13:08:29.179,1.09221,1.09235,2.70,1.50
2012.03.23 13:08:29.376,1.09221,1.09235,2.70,1.50
2012.03.23 13:08:29.931,1.09221,1.09237,4.20,1.88
2012.03.23 13:08:30.456,1.09221,1.09235,2.70,1.50
2012.03.23 13:08:31.558,1.0922,1.09233,1.13,1.50
2012.03.23 13:08:33.435,1.0922,1.09236,1.13,3.45
2012.03.23 13:08:34.290,1.09228,1.09237,2.33,1.50
2012.03.23 13:08:34.369,1.09228,1.09244,3.45,2.63
2012.03.23 13:08:34.876,1.0923,1.09245,1.88,1.50
2012.03.23 13:08:35.729,1.09229,1.09245,2.25,1.50
2012.03.23 13:08:35.859,1.09227,1.09241,3.27,1.50
2012.03.23 13:08:36.210,1.09232,1.09245,1.95,1.88
2012.03.23 13:08:36.277,1.09229,1.09245,4.58,1.88
2012.03.23 13:08:36.408,1.09229,1.09245,4.58,1.88
2012.03.23 13:08:37.085,1.09229,1.09244,2.70,1.50
2012.03.23 13:08:37.723,1.09229,1.09244,2.70,3.75
2012.03.23 13:08:38.236,1.09228,1.09244,1.13,3.75
2012.03.23 13:08:39.283,1.09227,1.09243,1.88,1.50
2012.03.23 13:08:39.437,1.09225,1.09242,1.88,1.50
2012.03.23 13:08:40.060,1.09211,1.09218,2.93,3.66
2012.03.23 13:08:40.149,1.09204,1.09211,3.00,2.93
2012.03.23 13:08:40.230,1.09204,1.09211,1.50,3.30
2012.03.23 13:08:40.300,1.09204,1.09208,1.50,1.95
2012.03.23 13:08:40.511,1.09195,1.09208,2.25,4.20
2012.03.23 13:08:40.720,1.09192,1.09208,1.13,4.20
2012.03.23 13:08:40.793,1.09192,1.09202,1.13,1.95
2012.03.23 13:08:40.875,1.09188,1.09203,1.50,2.25
2012.03.23 13:08:40.958,1.09187,1.09203,3.45,2.25
2012.03.23 13:08:41.524,1.09186,1.09202,1.13,2.25
2012.03.23 13:08:42.081,1.09185,1.09202,1.13,2.25
2012.03.23 13:08:42.155,1.09187,1.09204,3.00,3.27
2012.03.23 13:08:42.513,1.09195,1.09206,2.33,2.25
2012.03.23 13:08:42.588,1.09197,1.09212,1.50,1.50
2012.03.23 13:08:42.659,1.09197,1.09213,3.00,4.20
2012.03.23 13:08:42.870,1.09202,1.09215,2.14,1.88
2012.03.23 13:08:43.077,1.09204,1.0922,1.50,2.25
2012.03.23 13:08:43.682,1.09206,1.0922,1.95,4.13
2012.03.23 13:08:43.977,1.09201,1.09214,3.45,1.50
2012.03.23 13:08:44.121,1.09201,1.09217,3.45,2.44
2012.03.23 13:08:44.193,1.09201,1.09215,3.45,4.50
2012.03.23 13:08:44.550,1.09198,1.0921,1.50,4.20
2012.03.23 13:08:44.903,1.09193,1.09204,1.50,2.70
2012.03.23 13:08:45.378,1.09191,1.09202,1.50,2.70
2012.03.23 13:08:45.452,1.09185,1.09199,1.50,1.95
2012.03.23 13:08:45.534,1.0918,1.09195,1.88,1.95
2012.03.23 13:08:45.615,1.09179,1.09195,1.88,1.95
2012.03.23 13:08:46.159,1.09179,1.09195,1.88,1.95
2012.03.23 13:08:47.737,1.0918,1.09195,5.07,1.95
2012.03.23 13:08:47.867,1.09183,1.09195,1.50,1.95
2012.03.23 13:08:48.617,1.09183,1.09196,1.50,2.70
2012.03.23 13:08:49.384,1.09181,1.09196,1.50,2.70
2012.03.23 13:08:50.179,1.09182,1.09195,1.50,1.95
2012.03.23 13:08:50.529,1.09185,1.092,1.50,3.57
2012.03.23 13:08:50.880,1.09187,1.09202,1.50,1.13
2012.03.23 13:08:52.175,1.09188,1.09204,1.50,2.44
2012.03.23 13:08:52.254,1.0919,1.09205,2.44,3.08
2012.03.23 13:08:52.329,1.09191,1.09206,1.95,2.85
2012.03.23 13:08:52.856,1.09192,1.09209,2.25,4.43
2012.03.23 13:08:53.470,1.09191,1.09208,3.08,1.73
2012.03.23 13:08:53.763,1.09193,1.09209,1.50,5.18
2012.03.23 13:08:55.133,1.09193,1.09209,1.50,3.68
2012.03.23 13:08:55.212,1.09191,1.09208,3.08,2.10
2012.03.23 13:08:56.403,1.09191,1.09208,3.83,2.10
2012.03.23 13:08:57.305,1.09193,1.09209,1.50,5.93
2012.03.23 13:08:59.090,1.09193,1.09209,1.50,5.70
2012.03.23 13:09:02.166,1.09191,1.09207,4.95,1.50
2012.03.23 13:09:03.059,1.09191,1.09207,4.95,1.50
2012.03.23 13:09:03.256,1.09193,1.09209,2.25,5.89
2012.03.23 13:09:03.776,1.09194,1.09209,2.25,2.25
2012.03.23 13:09:04.438,1.09191,1.09204,1.88,1.95
2012.03.23 13:09:04.525,1.09188,1.09203,1.92,1.50
2012.03.23 13:09:04.888,1.09189,1.09199,1.88,1.95
2012.03.23 13:09:05.029,1.09187,1.09199,3.00,1.95
2012.03.23 13:09:05.100,1.0919,1.09199,2.25,1.95
2012.03.23 13:09:05.240,1.09187,1.09198,2.25,1.13
2012.03.23 13:09:05.312,1.09184,1.09198,1.88,3.38
2012.03.23 13:09:05.462,1.09184,1.09196,1.50,1.50
2012.03.23 13:09:06.065,1.09182,1.09197,1.50,2.63
2012.03.23 13:09:06.289,1.09179,1.09196,1.13,6.83
2012.03.23 13:09:06.497,1.09178,1.09193,3.27,1.50
2012.03.23 13:09:07.245,1.09179,1.09194,1.88,1.95
2012.03.23 13:09:07.844,1.09176,1.09191,1.92,3.45
2012.03.23 13:09:08.349,1.09174,1.09191,1.88,2.33
2012.03.23 13:09:08.906,1.09175,1.0919,1.88,1.95
2012.03.23 13:09:09.866,1.09175,1.0919,1.88,2.70
2012.03.23 13:09:12.351,1.09175,1.09192,1.88,7.20
2012.03.23 13:09:12.418,1.09176,1.09192,1.50,6.45
2012.03.23 13:09:13.181,1.09177,1.09189,1.88,4.50
2012.03.23 13:09:13.253,1.09177,1.0919,2.25,2.25
2012.03.23 13:09:13.835,1.09174,1.09189,3.38,1.50
2012.03.23 13:09:13.922,1.09179,1.09191,2.25,1.95
2012.03.23 13:09:14.370,1.09179,1.09184,3.75,1.95
2012.03.23 13:09:14.518,1.09177,1.09184,1.35,2.70
2012.03.23 13:09:14.600,1.09172,1.09184,3.00,1.95
2012.03.23 13:09:14.683,1.09168,1.09183,1.50,2.25
2012.03.23 13:09:14.768,1.09168,1.09183,1.13,3.00
2012.03.23 13:09:15.388,1.09169,1.09184,2.48,2.63
2012.03.23 13:09:15.680,1.09177,1.09184,1.50,1.50
2012.03.23 13:09:16.027,1.09181,1.09194,1.50,2.33
2012.03.23 13:09:17.434,1.09181,1.09191,1.50,1.95
2012.03.23 13:09:17.657,1.09179,1.09193,1.71,2.25
2012.03.23 13:09:17.949,1.09179,1.09193,3.45,2.25
2012.03.23 13:09:18.098,1.09178,1.09191,1.50,1.95
2012.03.23 13:09:18.244,1.09178,1.09194,1.50,2.44
2012.03.23 13:09:18.324,1.0918,1.09195,1.50,4.39
2012.03.23 13:09:18.845,1.09182,1.09195,1.50,4.77
2012.03.23 13:09:19.217,1.09177,1.09192,1.50,1.95
2012.03.23 13:09:19.447,1.09177,1.09186,1.50,4.50
2012.03.23 13:09:19.805,1.09171,1.09183,1.50,2.25
2012.03.23 13:09:20.353,1.09169,1.0918,1.88,1.95
2012.03.23 13:09:20.449,1.09166,1.0918,1.24,1.95
2012.03.23 13:09:20.529,1.09168,1.0918,2.48,1.95
2012.03.23 13:09:21.275,1.09168,1.09181,4.35,2.70
2012.03.23 13:09:21.939,1.09168,1.09181,2.67,1.95
2012.03.23 13:09:22.367,1.09166,1.0918,1.39,1.95
2012.03.23 13:09:23.654,1.09156,1.0917,1.35,1.95
2012.03.23 13:09:24.220,1.09158,1.0917,1.50,1.95
2012.03.23 13:09:24.786,1.09158,1.0917,1.88,1.95
2012.03.23 13:09:28.210,1.09158,1.0917,1.50,1.95
2012.03.23 13:09:28.497,1.09159,1.09176,2.10,3.75
2012.03.23 13:09:28.858,1.09164,1.09174,2.14,1.50
2012.03.23 13:09:29.005,1.09169,1.09181,1.50,1.50
2012.03.23 13:09:29.572,1.09168,1.09182,1.50,3.45
2012.03.23 13:09:29.659,1.09166,1.09179,1.50,1.95
2012.03.23 13:09:30.167,1.09166,1.09183,2.25,5.33
2012.03.23 13:09:32.396,1.09166,1.09183,2.63,3.08
2012.03.23 13:09:33.326,1.09166,1.09183,2.63,3.08
2012.03.23 13:09:34.169,1.0917,1.09183,1.95,1.13
2012.03.23 13:09:34.849,1.09176,1.09184,2.70,1.50
2012.03.23 13:09:34.939,1.09179,1.09189,2.14,1.50
2012.03.23 13:09:35.406,1.09179,1.09193,2.89,1.50
2012.03.23 13:09:35.958,1.09179,1.09193,1.95,1.50
2012.03.23 13:09:36.516,1.09177,1.09193,3.38,1.50
2012.03.23 13:09:37.211,1.09177,1.09193,2.63,1.50
2012.03.23 13:09:37.283,1.09175,1.09179,1.13,3.75
2012.03.23 13:09:37.685,1.09165,1.0917,1.50,2.70
2012.03.23 13:09:37.771,1.09154,1.0917,3.04,2.70
2012.03.23 13:09:38.744,1.09158,1.0917,1.50,1.95
2012.03.23 13:09:39.297,1.09156,1.0917,2.85,1.95
2012.03.23 13:09:39.778,1.09156,1.09166,1.50,1.95
2012.03.23 13:09:40.650,1.09154,1.09166,1.88,1.95
2012.03.23 13:09:41.228,1.09152,1.09166,1.69,1.95
2012.03.23 13:09:41.854,1.09151,1.09167,1.69,3.75
2012.03.23 13:09:42.005,1.09153,1.09167,2.25,1.50
2012.03.23 13:09:42.299,1.09157,1.09175,2.25,3.00
2012.03.23 13:09:42.448,1.09157,1.09176,3.00,2.70
2012.03.23 13:09:42.978,1.09157,1.09172,3.38,1.95
2012.03.23 13:09:43.469,1.09157,1.09172,3.38,1.95
2012.03.23 13:09:45.297,1.09159,1.09173,2.82,2.70
2012.03.23 13:09:46.742,1.09159,1.09171,3.00,1.95
2012.03.23 13:09:46.810,1.09157,1.09174,3.57,1.95
2012.03.23 13:09:46.884,1.0916,1.09174,3.00,1.95
2012.03.23 13:09:47.171,1.09162,1.09178,2.82,1.50
2012.03.23 13:09:47.693,1.09162,1.0918,1.17,1.88
2012.03.23 13:09:47.776,1.09164,1.09178,1.50,1.95
2012.03.23 13:09:48.131,1.09158,1.09175,2.14,4.50
2012.03.23 13:09:48.730,1.09157,1.09173,2.33,4.50
2012.03.23 13:09:48.943,1.09155,1.09173,4.02,6.45
2012.03.23 13:09:49.632,1.09155,1.0917,1.95,4.50
2012.03.23 13:09:49.990,1.09154,1.09169,1.50,1.13
2012.03.23 13:09:50.661,1.09151,1.09167,1.35,2.25
2012.03.23 13:09:52.911,1.09151,1.09169,2.85,2.25
2012.03.23 13:09:54.032,1.09151,1.09166,3.23,2.25
2012.03.23 13:09:54.097,1.09151,1.09166,2.25,2.25
2012.03.23 13:09:54.383,1.09149,1.09163,1.95,2.25
2012.03.23 13:09:54.604,1.09146,1.09163,2.93,3.38
2012.03.23 13:09:54.677,1.09146,1.09163,2.55,2.63
2012.03.23 13:09:55.425,1.09149,1.09164,1.50,1.95
2012.03.23 13:09:55.507,1.09147,1.09164,2.25,1.95
2012.03.23 13:09:56.330,1.09147,1.0916,2.25,1.95
2012.03.23 13:09:56.681,1.09149,1.09162,2.44,2.25
2012.03.23 13:09:57.349,1.09158,1.0917,1.95,1.13
2012.03.23 13:09:57.432,1.09158,1.09174,5.70,1.50
2012.03.23 13:09:57.722,1.09158,1.09174,4.95,1.50
2012.03.23 13:09:58.277,1.09159,1.09174,1.95,1.50
2012.03.23 13:09:58.355,1.09162,1.09174,1.95,1.50
2012.03.23 13:09:59.053,1.09163,1.09179,3.75,1.88
2012.03.23 13:09:59.331,1.09163,1.09176,3.75,1.95
2012.03.23 13:09:59.616,1.09157,1.09172,1.50,5.70
2012.03.23 13:10:00.272,1.09154,1.09172,4.58,5.70
2012.03.23 13:10:00.469,1.09157,1.09174,5.33,4.88
2012.03.23 13:10:00.942,1.09161,1.09174,4.20,3.38
2012.03.23 13:10:01.028,1.09165,1.09181,1.50,2.25
2012.03.23 13:10:01.550,1.09165,1.09179,1.50,1.95
2012.03.23 13:10:01.619,1.09163,1.09179,4.13,1.95
2012.03.23 13:10:01.693,1.09161,1.09177,7.95,1.50
2012.03.23 13:10:03.302,1.09162,1.09175,1.32,1.95
2012.03.23 13:10:03.447,1.09159,1.09175,2.48,4.20
2012.03.23 13:10:04.012,1.09161,1.09175,2.07,1.95
2012.03.23 13:10:04.230,1.09164,1.09175,2.25,1.95
2012.03.23 13:10:04.738,1.09165,1.09175,1.50,1.95
2012.03.23 13:10:05.338,1.09165,1.09179,1.50,1.95
2012.03.23 13:10:06.017,1.09163,1.09179,4.13,3.45
2012.03.23 13:10:06.217,1.09163,1.09177,1.88,1.95
2012.03.23 13:10:06.752,1.09165,1.09177,1.50,1.95
2012.03.23 13:10:07.720,1.09165,1.0918,1.50,1.95
2012.03.23 13:10:08.740,1.09165,1.09179,1.50,1.95
2012.03.23 13:10:09.064,1.09165,1.09181,1.50,2.25
2012.03.23 13:10:09.486,1.09164,1.09179,2.33,1.50
2012.03.23 13:10:10.240,1.09163,1.09175,1.50,1.50
2012.03.23 13:10:10.321,1.09158,1.09174,1.32,1.50
2012.03.23 13:10:10.830,1.09157,1.09174,3.27,3.00
2012.03.23 13:10:10.968,1.09156,1.09174,4.13,7.20
2012.03.23 13:10:11.242,1.09156,1.09169,2.07,1.95
2012.03.23 13:10:11.462,1.09155,1.09169,3.94,3.45
2012.03.23 13:10:12.119,1.09149,1.09166,7.05,1.50
2012.03.23 13:10:12.268,1.09149,1.09166,2.10,4.20
2012.03.23 13:10:12.621,1.0915,1.09166,3.68,2.25
2012.03.23 13:10:12.899,1.09151,1.09167,2.07,2.25
2012.03.23 13:10:13.322,1.09153,1.09169,1.50,2.63
2012.03.23 13:10:13.903,1.09154,1.09171,2.25,1.13
2012.03.23 13:10:14.409,1.09154,1.09172,2.25,3.00
2012.03.23 13:10:16.420,1.09155,1.09172,2.25,3.00
2012.03.23 13:10:17.152,1.09155,1.09172,2.25,2.63
2012.03.23 13:10:17.670,1.09156,1.09172,2.33,1.50
2012.03.23 13:10:19.936,1.09155,1.09172,4.95,2.25
2012.03.23 13:10:20.362,1.09155,1.0917,2.25,2.70
2012.03.23 13:10:20.716,1.09153,1.09166,1.88,1.50
2012.03.23 13:10:23.170,1.0915,1.09164,5.10,1.95
2012.03.23 13:10:24.222,1.09149,1.09162,2.85,1.50
2012.03.23 13:10:24.303,1.09145,1.09158,1.88,2.70
2012.03.23 13:10:24.385,1.09145,1.09158,2.63,2.70
2012.03.23 13:10:24.743,1.09145,1.0916,2.63,1.50
2012.03.23 13:10:25.102,1.09146,1.09162,3.83,1.13
2012.03.23 13:10:25.714,1.09146,1.09163,4.58,1.13
2012.03.23 13:10:26.469,1.09147,1.09164,4.77,2.25
2012.03.23 13:10:26.545,1.09152,1.09164,1.95,2.25
2012.03.23 13:10:27.490,1.09152,1.09167,1.95,3.00
2012.03.23 13:10:27.568,1.09151,1.09167,1.88,1.69
2012.03.23 13:10:27.784,1.09155,1.09167,2.25,1.69
2012.03.23 13:10:28.142,1.09158,1.09167,2.25,1.50
2012.03.23 13:10:28.222,1.09158,1.09169,2.25,1.50
2012.03.23 13:10:28.292,1.09158,1.09175,3.75,1.13
2012.03.23 13:10:28.799,1.09157,1.09172,3.75,1.95
2012.03.23 13:10:29.359,1.09155,1.0917,3.38,1.50
2012.03.23 13:10:29.997,1.09155,1.09167,1.88,1.95
2012.03.23 13:10:30.289,1.09153,1.09167,3.60,1.95
2012.03.23 13:10:30.846,1.09153,1.09167,3.23,3.45
2012.03.23 13:10:31.397,1.09153,1.09167,4.35,1.95
2012.03.23 13:10:32.304,1.09152,1.09166,2.63,1.50
2012.03.23 13:10:32.380,1.09149,1.09166,8.07,1.50
2012.03.23 13:10:32.825,1.09151,1.09167,1.50,3.45
2012.03.23 13:10:33.345,1.0915,1.09166,1.88,4.20
2012.03.23 13:10:34.778,1.0915,1.09166,1.88,4.20
2012.03.23 13:10:37.315,1.0915,1.09166,1.88,3.45
2012.03.23 13:10:37.995,1.09149,1.09164,5.26,1.50
2012.03.23 13:10:38.522,1.09153,1.09167,1.84,5.70
2012.03.23 13:10:39.047,1.09154,1.09166,1.84,1.50
2012.03.23 13:10:39.824,1.09153,1.09166,1.84,1.50
2012.03.23 13:10:41.210,1.09154,1.09169,1.84,5.25
2012.03.23 13:10:41.293,1.09157,1.09169,1.95,1.50
2012.03.23 13:10:41.575,1.09155,1.09171,4.20,1.50
2012.03.23 13:10:41.937,1.09159,1.09171,1.50,2.70
2012.03.23 13:10:42.084,1.09153,1.0917,4.38,2.25
2012.03.23 13:10:42.700,1.09154,1.09171,1.94,2.70
2012.03.23 13:10:43.172,1.09156,1.09171,4.13,1.50
2012.03.23 13:10:43.726,1.09155,1.0917,4.13,3.45
2012.03.23 13:10:43.806,1.09153,1.09168,1.50,2.63
2012.03.23 13:10:44.345,1.09151,1.09167,2.63,3.45
2012.03.23 13:10:44.440,1.09149,1.09166,3.12,1.50
2012.03.23 13:10:44.927,1.09149,1.09165,4.62,2.25
2012.03.23 13:10:45.004,1.09149,1.09165,4.43,3.00
2012.03.23 13:10:45.296,1.09145,1.09161,2.25,4.20
2012.03.23 13:10:45.380,1.09146,1.09158,2.25,2.70
2012.03.23 13:10:45.925,1.09139,1.09155,3.42,3.45
2012.03.23 13:10:46.469,1.09142,1.09155,2.25,1.50
2012.03.23 13:10:46.978,1.0914,1.09155,2.93,1.50
2012.03.23 13:10:49.662,1.09142,1.09155,4.58,1.50
2012.03.23 13:10:49.746,1.09142,1.09158,3.08,2.25
2012.03.23 13:10:50.599,1.09142,1.09158,3.45,1.50
2012.03.23 13:10:51.110,1.09145,1.09158,2.70,1.50
2012.03.23 13:10:52.116,1.09142,1.09158,3.08,1.50
2012.03.23 13:10:54.520,1.09141,1.09155,3.23,1.95
2012.03.23 13:10:54.880,1.09135,1.09148,1.95,1.50
2012.03.23 13:10:56.034,1.09134,1.09149,2.70,3.94
2012.03.23 13:10:58.210,1.09132,1.09147,4.28,1.13
2012.03.23 13:10:58.288,1.09132,1.09147,1.58,1.88
2012.03.23 13:10:58.694,1.0913,1.09145,1.20,1.50
2012.03.23 13:10:59.106,1.09129,1.09145,4.58,1.88
2012.03.23 13:10:59.306,1.09129,1.09143,3.08,1.50
2012.03.23 13:11:00.968,1.0913,1.09146,2.33,5.25
2012.03.23 13:11:01.036,1.0913,1.09146,2.33,2.44
2012.03.23 13:11:02.716,1.09131,1.09141,1.50,1.95
2012.03.23 13:11:02.799,1.09128,1.09141,2.33,1.95
2012.03.23 13:11:03.800,1.09125,1.09139,2.48,1.13
2012.03.23 13:11:04.027,1.09121,1.09132,2.25,1.95
2012.03.23 13:11:04.563,1.09118,1.09135,2.33,2.25
2012.03.23 13:11:04.654,1.09119,1.09135,1.73,2.25
2012.03.23 13:11:04.739,1.0912,1.09135,2.29,1.50
2012.03.23 13:11:04.813,1.09123,1.09135,2.25,1.50
2012.03.23 13:11:05.169,1.09122,1.09131,1.50,2.25
2012.03.23 13:11:05.439,1.09118,1.0913,1.50,4.58
2012.03.23 13:11:05.515,1.09111,1.0913,1.13,4.58
2012.03.23 13:11:06.069,1.09112,1.09129,5.14,3.00
2012.03.23 13:11:06.627,1.09113,1.0913,1.13,4.95
2012.03.23 13:11:07.028,1.09112,1.09129,2.82,1.50
2012.03.23 13:11:07.379,1.0911,1.09124,3.08,1.50
2012.03.23 13:11:08.178,1.09111,1.09126,1.88,1.50
2012.03.23 13:11:08.678,1.09112,1.09129,2.70,5.63
2012.03.23 13:11:09.898,1.09113,1.09129,1.13,1.88
2012.03.23 13:11:10.420,1.09113,1.09129,1.13,1.50
2012.03.23 13:11:11.732,1.09117,1.09129,1.95,1.50
2012.03.23 13:11:11.812,1.09115,1.0913,2.25,2.25
2012.03.23 13:11:11.893,1.09115,1.09128,2.25,1.80
2012.03.23 13:11:11.974,1.09113,1.09128,5.33,1.50
2012.03.23 13:11:12.878,1.09115,1.09128,1.95,1.80
2012.03.23 13:11:12.956,1.09118,1.09132,1.50,1.35
2012.03.23 13:11:13.035,1.09115,1.0913,2.25,2.25
2012.03.23 13:11:13.250,1.09113,1.0913,3.38,2.25
2012.03.23 13:11:13.319,1.09113,1.09128,1.13,1.50
2012.03.23 13:11:13.869,1.09114,1.09128,1.50,2.25
2012.03.23 13:11:14.628,1.09116,1.09128,1.95,2.25
2012.03.23 13:11:14.703,1.09116,1.09131,1.95,3.75
2012.03.23 13:11:15.646,1.09116,1.09132,2.89,2.63
2012.03.23 13:11:18.438,1.09118,1.09133,1.95,4.13
2012.03.23 13:11:19.748,1.09118,1.09134,5.70,1.73
2012.03.23 13:11:19.821,1.09118,1.09135,6.45,2.63
2012.03.23 13:11:19.895,1.09123,1.09136,1.95,2.63
2012.03.23 13:11:20.117,1.09125,1.09139,3.38,1.50
2012.03.23 13:11:20.333,1.09128,1.09142,1.50,2.63
2012.03.23 13:11:20.678,1.09128,1.09144,1.50,3.42
2012.03.23 13:11:20.750,1.09128,1.09141,1.50,1.95
2012.03.23 13:11:21.256,1.09125,1.09141,5.25,1.95
2012.03.23 13:11:21.819,1.09125,1.0914,3.38,1.95
2012.03.23 13:11:23.251,1.09122,1.09138,4.50,1.95
2012.03.23 13:11:23.961,1.09121,1.09136,1.13,1.50
2012.03.23 13:11:24.807,1.09121,1.09136,1.13,1.50
2012.03.23 13:11:25.743,1.0912,1.09133,1.50,2.70
2012.03.23 13:11:25.834,1.09117,1.09133,1.50,5.14
2012.03.23 13:11:26.376,1.09115,1.09131,2.33,1.50
2012.03.23 13:11:26.911,1.09115,1.09133,3.83,6.64
2012.03.23 13:11:27.748,1.09115,1.09133,2.07,5.70
2012.03.23 13:11:29.275,1.09115,1.09133,5.33,5.70
2012.03.23 13:11:29.817,1.09118,1.09133,1.50,1.95
2012.03.23 13:11:30.326,1.09116,1.09132,2.07,1.50
2012.03.23 13:11:30.848,1.09116,1.0913,1.50,1.95
2012.03.23 13:11:32.190,1.09116,1.09131,1.50,2.25
2012.03.23 13:11:32.919,1.09118,1.09132,2.70,1.50
2012.03.23 13:11:33.075,1.09122,1.09138,1.69,6.08
2012.03.23 13:11:33.558,1.09122,1.09135,1.50,1.95
2012.03.23 13:11:33.814,1.09119,1.09135,6.57,1.95
2012.03.23 13:11:35.060,1.09119,1.09137,5.07,4.58
2012.03.23 13:11:35.407,1.09121,1.09137,1.50,2.33
2012.03.23 13:11:35.911,1.09121,1.09134,2.63,1.95
2012.03.23 13:11:35.981,1.09124,1.09138,1.95,3.00
2012.03.23 13:11:36.050,1.09126,1.09139,1.95,5.67
2012.03.23 13:11:36.585,1.09126,1.09144,5.52,4.13
2012.03.23 13:11:37.256,1.09131,1.09144,1.50,2.25
2012.03.23 13:11:37.338,1.09131,1.09147,1.50,3.75
2012.03.23 13:11:37.836,1.09132,1.09147,1.71,1.50
2012.03.23 13:11:38.290,1.09134,1.09149,1.69,1.50
2012.03.23 13:11:38.715,1.09135,1.09151,2.25,1.50
2012.03.23 13:11:39.655,1.09146,1.09158,1.35,2.25
2012.03.23 13:11:39.779,1.09146,1.09161,1.35,1.50
2012.03.23 13:11:40.271,1.09147,1.09161,2.33,1.50
2012.03.23 13:11:40.816,1.09147,1.09164,4.58,2.63
2012.03.23 13:11:42.026,1.09147,1.09164,4.39,2.63
2012.03.23 13:11:42.591,1.09147,1.09161,1.50,2.33
2012.03.23 13:11:42.664,1.09145,1.0916,6.00,1.13
2012.03.23 13:11:43.023,1.09138,1.09148,1.43,1.13
2012.03.23 13:11:43.105,1.09141,1.09148,1.50,1.13
2012.03.23 13:11:43.659,1.09133,1.09145,1.50,1.50
2012.03.23 13:11:43.743,1.09132,1.09148,3.83,2.48
2012.03.23 13:11:44.552,1.09132,1.09148,3.83,2.10
2012.03.23 13:11:44.778,1.09136,1.0915,1.95,1.32
2012.03.23 13:11:45.918,1.09135,1.0915,1.50,1.32
2012.03.23 13:11:46.467,1.09134,1.09148,1.95,2.25
2012.03.23 13:11:47.010,1.09133,1.09148,4.20,2.25
2012.03.23 13:11:47.886,1.09131,1.09148,2.63,2.25
2012.03.23 13:11:48.414,1.09131,1.09148,2.63,2.63
2012.03.23 13:11:50.240,1.09134,1.09148,1.95,2.63
2012.03.23 13:11:50.379,1.09134,1.0915,3.45,2.63
2012.03.23 13:11:50.994,1.09129,1.09146,7.05,1.95
2012.03.23 13:11:51.317,1.09129,1.09144,3.30,1.50
2012.03.23 13:11:53.308,1.09129,1.09143,3.30,1.95
2012.03.23 13:11:53.897,1.09126,1.09132,1.50,1.50
2012.03.23 13:11:54.051,1.09118,1.09124,1.50,2.63
2012.03.23 13:11:54.196,1.09109,1.09124,1.20,4.13
2012.03.23 13:11:54.409,1.09108,1.09124,2.70,6.83
2012.03.23 13:11:54.623,1.09112,1.09127,1.50,5.48
2012.03.23 13:11:54.699,1.09112,1.09127,3.00,3.98
2012.03.23 13:11:55.226,1.09113,1.09126,1.50,2.25
2012.03.23 13:11:56.848,1.09116,1.0913,1.50,1.50
2012.03.23 13:11:57.198,1.09118,1.0913,1.50,2.63
2012.03.23 13:11:57.274,1.09116,1.0913,1.69,2.63
2012.03.23 13:11:57.776,1.09116,1.09129,1.69,2.25
2012.03.23 13:11:58.124,1.09119,1.09132,1.50,2.33
2012.03.23 13:11:58.201,1.09119,1.09132,3.00,1.95
2012.03.23 13:11:58.756,1.09117,1.09134,4.50,4.79
2012.03.23 13:11:59.301,1.09117,1.09134,5.25,4.04
2012.03.23 13:11:59.369,1.09117,1.09134,4.50,2.52
2012.03.23 13:11:59.899,1.09118,1.09135,3.00,2.07
2012.03.23 13:12:00.835,1.09116,1.09128,3.75,2.70
2012.03.23 13:12:00.924,1.09115,1.09126,3.00,1.88
2012.03.23 13:12:01.009,1.09114,1.09123,1.13,1.95
2012.03.23 13:12:01.085,1.09106,1.09122,3.57,1.50
2012.03.23 13:12:01.662,1.09108,1.09123,1.50,1.95
2012.03.23 13:12:01.936,1.09112,1.09124,2.25,1.50
2012.03.23 13:12:02.568,1.09112,1.09129,3.00,2.70
2012.03.23 13:12:02.709,1.09113,1.09129,3.00,3.45
2012.03.23 13:12:04.960,1.0912,1.09129,3.00,1.50
2012.03.23 13:12:05.177,1.09122,1.09132,4.39,1.50
2012.03.23 13:12:05.265,1.09125,1.09139,1.50,1.13
2012.03.23 13:12:05.419,1.09122,1.09138,2.70,2.25
2012.03.23 13:12:05.562,1.09122,1.09135,1.95,1.50
2012.03.23 13:12:05.914,1.09119,1.09133,2.25,2.25
2012.03.23 13:12:06.474,1.09117,1.09131,2.70,1.50
2012.03.23 13:12:07.657,1.09115,1.09131,1.88,1.50
2012.03.23 13:12:08.342,1.09118,1.09131,1.95,1.50
2012.03.23 13:12:08.435,1.09119,1.09137,4.20,3.38
2012.03.23 13:12:08.647,1.09119,1.09137,6.83,1.88
2012.03.23 13:12:09.171,1.09122,1.09138,1.50,2.82
2012.03.23 13:12:09.542,1.09126,1.09142,3.45,3.00
2012.03.23 13:12:10.101,1.09129,1.09144,1.88,2.63
2012.03.23 13:12:10.420,1.09133,1.09147,1.95,1.50
2012.03.23 13:12:10.840,1.09134,1.0915,1.50,3.00
2012.03.23 13:12:11.614,1.09133,1.09149,1.95,1.50
2012.03.23 13:12:11.694,1.09134,1.09149,2.63,1.50
2012.03.23 13:12:12.180,1.09133,1.09149,2.33,2.25
2012.03.23 13:12:12.252,1.09133,1.09146,2.33,1.50
2012.03.23 13:12:12.813,1.0913,1.09145,3.08,1.50
2012.03.23 13:12:13.702,1.0913,1.09145,3.08,1.50
2012.03.23 13:12:14.119,1.09128,1.09143,2.25,1.95
2012.03.23 13:12:14.405,1.09126,1.0914,3.00,1.95
2012.03.23 13:12:14.484,1.09126,1.0914,2.25,2.70
2012.03.23 13:12:14.631,1.09126,1.0914,1.50,4.20
2012.03.23 13:12:14.701,1.09124,1.0914,1.88,4.20
2012.03.23 13:12:15.054,1.09122,1.09138,4.95,1.50
2012.03.23 13:12:15.593,1.09122,1.0914,6.45,3.45
2012.03.23 13:12:21.007,1.09127,1.0914,1.95,1.50
2012.03.23 13:12:21.288,1.09131,1.09145,2.25,4.20
2012.03.23 13:12:21.358,1.09129,1.09145,1.50,5.70
2012.03.23 13:12:21.878,1.09131,1.09145,1.50,1.95
2012.03.23 13:12:22.417,1.0913,1.09145,2.63,1.95
2012.03.23 13:12:22.747,1.09128,1.09142,3.38,1.50
2012.03.23 13:12:24.396,1.09128,1.09142,4.13,1.50
2012.03.23 13:12:24.607,1.09131,1.09144,2.25,1.50
2012.03.23 13:12:24.745,1.09131,1.09146,2.25,2.70
2012.03.23 13:12:24.815,1.09131,1.09146,2.63,2.70
2012.03.23 13:12:25.646,1.09131,1.09146,2.63,3.45
2012.03.23 13:12:29.356,1.09131,1.09143,2.63,1.95
2012.03.23 13:12:29.699,1.09128,1.09139,1.50,1.95
2012.03.23 13:12:30.329,1.09124,1.09139,2.48,1.95
2012.03.23 13:12:33.866,1.09123,1.09139,5.18,3.75
2012.03.23 13:12:33.946,1.09121,1.09135,3.38,1.95
2012.03.23 13:12:34.108,1.09121,1.09133,2.25,1.95
2012.03.23 13:12:34.186,1.09116,1.09131,1.88,1.69
2012.03.23 13:12:34.918,1.09115,1.09129,1.50,1.95
2012.03.23 13:12:35.428,1.09112,1.09129,5.25,2.70
2012.03.23 13:12:35.777,1.09118,1.09132,1.95,2.82
2012.03.23 13:12:36.127,1.09128,1.09133,1.69,1.50
2012.03.23 13:12:36.896,1.09146,1.09154,1.32,1.50
2012.03.23 13:12:36.982,1.09153,1.0917,2.25,4.95
2012.03.23 13:12:37.054,1.09153,1.0917,2.25,4.95
2012.03.23 13:12:37.129,1.09155,1.0917,2.25,4.95
2012.03.23 13:12:37.552,1.09153,1.09167,4.13,1.50
2012.03.23 13:12:37.921,1.09153,1.09165,2.25,1.50
2012.03.23 13:12:38.495,1.09153,1.09166,2.63,1.50
2012.03.23 13:12:39.378,1.09151,1.09164,2.70,1.50
2012.03.23 13:12:40.308,1.0915,1.09166,4.13,1.50
2012.03.23 13:12:41.293,1.09142,1.09151,1.88,3.00
2012.03.23 13:12:41.369,1.09138,1.09151,2.25,3.38
2012.03.23 13:12:41.439,1.09136,1.0915,1.13,3.57
2012.03.23 13:12:41.515,1.09132,1.09142,1.88,1.95
2012.03.23 13:12:41.601,1.09132,1.09144,1.50,1.50
2012.03.23 13:12:41.743,1.0913,1.09146,1.35,1.95
2012.03.23 13:12:41.893,1.09134,1.09146,1.50,1.95
2012.03.23 13:12:42.259,1.09136,1.09146,1.50,1.95
2012.03.23 13:12:42.333,1.09131,1.09146,4.69,1.95
2012.03.23 13:12:42.959,1.09129,1.09145,3.23,1.95
2012.03.23 13:12:44.408,1.09128,1.09139,4.35,1.95
2012.03.23 13:12:44.488,1.09128,1.09139,1.50,3.08
2012.03.23 13:12:45.072,1.0912,1.09136,3.57,2.25
2012.03.23 13:12:45.634,1.09122,1.09138,3.57,3.00
2012.03.23 13:12:45.715,1.09123,1.09139,1.50,1.50
2012.03.23 13:12:45.793,1.09125,1.0914,2.25,3.08
2012.03.23 13:12:46.832,1.09124,1.09141,2.63,4.95
2012.03.23 13:12:47.376,1.09125,1.09141,1.95,2.25
2012.03.23 13:12:47.729,1.09127,1.09142,1.95,1.88
2012.03.23 13:12:48.012,1.09128,1.09145,1.69,1.88
2012.03.23 13:12:48.088,1.09128,1.09145,1.69,1.88
2012.03.23 13:12:48.738,1.09128,1.09144,1.69,1.13
2012.03.23 13:12:48.820,1.09128,1.09144,1.69,1.88
2012.03.23 13:12:49.031,1.09126,1.09144,3.83,8.70
2012.03.23 13:12:49.574,1.09125,1.09141,4.13,4.20
2012.03.23 13:12:49.921,1.09126,1.09144,7.77,6.08
2012.03.23 13:12:49.990,1.09129,1.09144,1.50,6.08
2012.03.23 13:12:50.651,1.09131,1.09144,1.50,4.58
2012.03.23 13:12:50.848,1.09129,1.09146,1.50,1.88
2012.03.23 13:12:51.306,1.09127,1.09144,3.38,3.83
2012.03.23 13:12:51.809,1.09127,1.09144,2.63,5.33
2012.03.23 13:12:52.141,1.09129,1.09145,1.50,2.25
2012.03.23 13:12:52.657,1.09128,1.09143,3.68,1.50
2012.03.23 13:12:54.289,1.09129,1.09145,1.88,4.58
2012.03.23 13:12:56.465,1.09131,1.09147,1.69,2.63
2012.03.23 13:12:56.537,1.09133,1.09147,1.50,1.13
2012.03.23 13:12:56.667,1.09131,1.09147,1.69,2.63
2012.03.23 13:12:57.507,1.09132,1.09147,1.95,2.25
2012.03.23 13:12:57.760,1.09135,1.09149,1.95,5.63
2012.03.23 13:12:57.828,1.09135,1.09149,2.70,5.63
2012.03.23 13:12:57.971,1.09135,1.09151,5.33,5.25
2012.03.23 13:12:58.043,1.09137,1.09151,1.50,1.50
2012.03.23 13:12:58.404,1.0914,1.09154,1.50,1.13
2012.03.23 13:12:59.196,1.09138,1.09154,1.88,1.13
2012.03.23 13:12:59.767,1.09138,1.09154,2.63,1.13
2012.03.23 13:13:00.619,1.09139,1.09156,1.50,4.20
2012.03.23 13:13:00.695,1.09139,1.09156,1.50,4.20
2012.03.23 13:13:00.844,1.09144,1.09157,1.50,3.60
2012.03.23 13:13:01.197,1.09146,1.09161,1.50,3.83
2012.03.23 13:13:01.753,1.09144,1.0916,2.25,2.25
2012.03.23 13:13:03.243,1.09144,1.09159,1.13,1.50
2012.03.23 13:13:03.320,1.09146,1.0916,2.33,1.50
2012.03.23 13:13:03.676,1.09147,1.09162,1.88,2.25
2012.03.23 13:13:04.205,1.09151,1.09162,1.95,1.50
2012.03.23 13:13:04.291,1.09152,1.09166,1.50,1.13
2012.03.23 13:13:04.855,1.09148,1.09164,4.58,2.25
2012.03.23 13:13:05.062,1.09148,1.09162,3.08,1.50
2012.03.23 13:13:05.141,1.09148,1.09162,2.33,2.63
2012.03.23 13:13:05.726,1.09148,1.09162,3.08,1.13
2012.03.23 13:13:06.025,1.09144,1.09158,2.63,3.45
2012.03.23 13:13:06.108,1.09142,1.09158,1.13,5.70
2012.03.23 13:13:07.570,1.09144,1.09158,1.50,4.95
2012.03.23 13:13:09.975,1.09144,1.09159,1.50,1.69
2012.03.23 13:13:10.487,1.09142,1.09158,2.63,1.50
2012.03.23 13:13:11.036,1.09144,1.09159,1.50,1.69
2012.03.23 13:13:15.619,1.09144,1.09157,1.50,1.32
2012.03.23 13:13:15.691,1.09141,1.09157,2.25,2.82
2012.03.23 13:13:15.758,1.09141,1.09155,3.00,1.95
2012.03.23 13:13:16.805,1.09141,1.09154,2.63,1.95
2012.03.23 13:13:17.327,1.09142,1.09154,2.63,1.95
2012.03.23 13:13:18.257,1.09142,1.09156,2.25,1.95
2012.03.23 13:13:19.122,1.09142,1.09156,2.25,2.70
2012.03.23 13:13:19.648,1.09141,1.09154,2.63,4.50
2012.03.23 13:13:20.231,1.09138,1.09154,3.60,4.50
2012.03.23 13:13:21.757,1.0914,1.09155,2.10,2.70
2012.03.23 13:13:22.291,1.09141,1.09155,1.88,2.70
2012.03.23 13:13:22.836,1.09141,1.09152,1.88,1.95
2012.03.23 13:13:23.221,1.0914,1.09155,3.60,2.70
2012.03.23 13:13:23.667,1.09143,1.09155,1.50,1.95
2012.03.23 13:13:23.738,1.09143,1.09158,1.50,1.69
2012.03.23 13:13:23.949,1.09146,1.0916,1.50,2.70
2012.03.23 13:13:24.475,1.09144,1.0916,1.50,2.70
2012.03.23 13:13:25.437,1.09147,1.0916,1.50,2.70
2012.03.23 13:13:25.777,1.09147,1.0916,1.50,3.30
2012.03.23 13:13:25.846,1.09144,1.0916,1.50,3.30
2012.03.23 13:13:26.188,1.09144,1.0916,1.50,4.95
2012.03.23 13:13:26.261,1.09147,1.0916,1.50,4.95
2012.03.23 13:13:26.798,1.09144,1.0916,1.50,6.45
2012.03.23 13:13:27.768,1.09142,1.09159,1.13,2.25
2012.03.23 13:13:27.956,1.09142,1.09159,1.13,2.44
2012.03.23 13:13:28.311,1.09141,1.09154,1.95,1.50
2012.03.23 13:13:28.437,1.09141,1.09157,1.95,2.25
2012.03.23 13:13:29.166,1.0914,1.09157,4.95,2.25
2012.03.23 13:13:30.008,1.09142,1.09158,1.50,3.83
2012.03.23 13:13:30.685,1.09145,1.09162,3.45,1.88
2012.03.23 13:13:31.006,1.09147,1.09163,1.50,4.77
2012.03.23 13:13:31.555,1.09146,1.09162,1.50,1.88
2012.03.23 13:13:32.085,1.09147,1.09163,1.50,2.82
2012.03.23 13:13:34.962,1.09147,1.09163,1.88,2.25
2012.03.23 13:13:35.316,1.09154,1.09169,1.50,2.52
2012.03.23 13:13:37.007,1.09152,1.09169,3.94,2.33
2012.03.23 13:13:37.570,1.09152,1.09167,2.44,4.50
2012.03.23 13:13:37.645,1.09152,1.09166,2.25,2.14
2012.03.23 13:13:38.178,1.0915,1.09165,1.50,3.38
2012.03.23 13:13:38.256,1.09148,1.09164,1.95,1.50
2012.03.23 13:13:38.787,1.09148,1.09165,4.20,2.63
2012.03.23 13:13:39.368,1.09148,1.09165,4.58,2.63
2012.03.23 13:13:40.111,1.09149,1.09165,2.33,2.07
2012.03.23 13:13:40.254,1.09148,1.09163,4.50,2.89
2012.03.23 13:13:40.806,1.09148,1.09161,1.50,2.63
2012.03.23 13:13:41.333,1.09145,1.09163,2.25,6.83
2012.03.23 13:13:41.478,1.09145,1.09163,1.50,7.02
2012.03.23 13:13:41.742,1.09143,1.09157,4.13,2.70
2012.03.23 13:13:41.889,1.09144,1.09159,2.33,1.50
2012.03.23 13:13:42.440,1.09144,1.0916,4.58,1.32
2012.03.23 13:13:43.011,1.09144,1.09159,2.33,1.50
2012.03.23 13:13:44.008,1.09143,1.09159,5.70,1.50
2012.03.23 13:13:45.178,1.09143,1.09159,6.45,1.50
2012.03.23 13:13:45.725,1.09145,1.09161,1.88,3.83
2012.03.23 13:13:46.581,1.09145,1.09161,1.50,4.02
2012.03.23 13:13:48.200,1.09149,1.09161,2.10,1.88
2012.03.23 13:13:48.466,1.09147,1.09161,1.13,1.50
2012.03.23 13:13:48.597,1.09145,1.09161,3.57,1.50
2012.03.23 13:13:49.276,1.09145,1.0916,2.44,1.95
2012.03.23 13:13:49.807,1.09144,1.0916,1.50,3.45
2012.03.23 13:13:55.463,1.09144,1.09154,1.50,1.95
2012.03.23 13:13:55.832,1.09144,1.09151,1.50,2.85
2012.03.23 13:13:56.057,1.09137,1.09151,1.50,2.85
2012.03.23 13:13:56.693,1.09136,1.09151,2.70,2.85
2012.03.23 13:13:56.802,1.09138,1.09155,3.64,1.88
2012.03.23 13:13:58.429,1.0914,1.09156,1.50,2.33
2012.03.23 13:13:59.061,1.09139,1.09155,1.50,3.83
2012.03.23 13:13:59.578,1.09141,1.09157,1.69,2.63
2012.03.23 13:13:59.768,1.09141,1.09157,1.69,4.13
2012.03.23 13:14:00.310,1.09139,1.09155,2.25,1.88
2012.03.23 13:14:01.231,1.09139,1.09155,1.69,4.13
2012.03.23 13:14:02.219,1.09139,1.09155,1.69,2.63
2012.03.23 13:14:02.559,1.09139,1.09155,1.69,2.63
2012.03.23 13:14:03.086,1.09136,1.09154,4.95,3.83
2012.03.23 13:14:04.744,1.09138,1.09155,2.44,1.13
2012.03.23 13:14:09.633,1.09136,1.09151,3.19,2.44
2012.03.23 13:14:10.102,1.09137,1.09153,1.69,2.63
2012.03.23 13:14:11.066,1.09133,1.09149,1.13,3.75
2012.03.23 13:14:11.461,1.09134,1.09151,1.50,3.38
2012.03.23 13:14:11.662,1.09137,1.09151,1.50,2.63
2012.03.23 13:14:12.514,1.09139,1.09151,1.50,2.63
2012.03.23 13:14:13.642,1.09139,1.09156,1.50,6.08
2012.03.23 13:14:14.097,1.09142,1.09156,1.50,5.33
2012.03.23 13:14:14.497,1.09142,1.09158,1.50,5.48
2012.03.23 13:14:14.777,1.09142,1.09158,3.00,1.88
2012.03.23 13:14:15.094,1.09144,1.09159,1.50,2.70
2012.03.23 13:14:15.637,1.09144,1.09158,1.50,2.33
2012.03.23 13:14:16.135,1.0914,1.09154,3.45,2.25
2012.03.23 13:14:17.000,1.0914,1.09154,3.45,3.19
2012.03.23 13:14:17.074,1.09138,1.0915,1.50,2.25
2012.03.23 13:14:17.717,1.09139,1.09155,1.50,1.95
2012.03.23 13:14:18.248,1.09139,1.09154,1.50,2.25
2012.03.23 13:14:19.069,1.09139,1.09149,1.50,1.95
2012.03.23 13:14:19.152,1.09131,1.09143,1.50,1.32
2012.03.23 13:14:19.239,1.09125,1.09136,3.75,1.95
2012.03.23 13:14:19.572,1.09124,1.09136,1.50,1.95
2012.03.23 13:14:19.720,1.09124,1.09138,1.20,1.95
2012.03.23 13:14:20.225,1.09125,1.09138,1.50,1.95
2012.03.23 13:14:23.598,1.09125,1.09136,1.50,1.95
2012.03.23 13:14:24.318,1.09125,1.09139,1.50,1.95
2012.03.23 13:14:25.060,1.09125,1.09136,1.50,1.95
2012.03.23 13:14:25.259,1.09122,1.09136,2.89,1.95
2012.03.23 13:14:25.804,1.09123,1.09136,1.88,1.95
2012.03.23 13:14:26.315,1.09122,1.09136,2.70,1.95
2012.03.23 13:14:27.654,1.09121,1.09136,2.25,2.33
2012.03.23 13:14:27.746,1.09118,1.09134,1.69,1.95
2012.03.23 13:14:28.019,1.09117,1.09133,2.44,1.50
2012.03.23 13:14:28.666,1.09118,1.09134,1.50,1.95
2012.03.23 13:14:28.939,1.09118,1.09132,1.50,1.95
2012.03.23 13:14:29.726,1.09116,1.09127,3.00,1.95
2012.03.23 13:14:29.798,1.09113,1.09129,2.25,3.00
2012.03.23 13:14:29.878,1.09113,1.09129,2.33,1.50
2012.03.23 13:14:30.019,1.09115,1.0913,2.33,2.33
2012.03.23 13:14:30.728,1.09114,1.09131,3.08,1.95
2012.03.23 13:14:31.239,1.09117,1.09131,1.50,1.95
2012.03.23 13:14:31.780,1.09117,1.09133,2.25,3.00
2012.03.23 13:14:32.306,1.09117,1.09133,2.25,1.50
2012.03.23 13:14:32.815,1.09117,1.09133,2.25,2.63
2012.03.23 13:14:35.246,1.09117,1.09133,1.50,1.69
2012.03.23 13:14:35.798,1.09117,1.09133,1.50,2.07
2012.03.23 13:14:36.349,1.09115,1.09132,3.15,1.88
2012.03.23 13:14:36.796,1.09114,1.0913,3.45,1.95
2012.03.23 13:14:37.030,1.09114,1.0913,2.70,1.95
2012.03.23 13:14:37.601,1.09114,1.0913,3.45,1.95
2012.03.23 13:14:38.068,1.09119,1.09132,1.50,2.70
2012.03.23 13:14:38.552,1.09116,1.09132,4.13,2.70
2012.03.23 13:14:39.075,1.09115,1.09132,4.20,4.58
2012.03.23 13:14:40.499,1.09116,1.0913,2.25,1.95
2012.03.23 13:14:40.854,1.09111,1.09124,2.25,2.25
2012.03.23 13:14:41.399,1.09109,1.09124,1.50,2.25
2012.03.23 13:14:41.906,1.09109,1.09125,3.00,1.95
2012.03.23 13:14:42.474,1.09108,1.09123,1.88,1.95
2012.03.23 13:14:43.091,1.09107,1.09122,4.13,1.88
2012.03.23 13:14:43.238,1.09105,1.09121,1.50,3.08
2012.03.23 13:14:43.315,1.09104,1.09119,1.88,2.25
2012.03.23 13:14:43.392,1.09104,1.09117,1.88,1.95
2012.03.23 13:14:43.646,1.09102,1.09117,3.38,1.95
2012.03.23 13:14:43.781,1.09105,1.09117,1.50,1.95
2012.03.23 13:14:44.608,1.09101,1.09114,4.69,1.95
2012.03.23 13:14:44.751,1.09101,1.09116,2.25,1.69
2012.03.23 13:14:45.310,1.09102,1.09118,1.50,5.52
2012.03.23 13:14:46.106,1.09102,1.09117,1.50,1.50
2012.03.23 13:14:46.623,1.09102,1.09117,1.50,2.25
2012.03.23 13:14:46.900,1.09102,1.09115,1.50,1.88
2012.03.23 13:14:47.256,1.09095,1.09108,3.00,2.70
2012.03.23 13:14:47.397,1.09095,1.09111,3.60,1.50
2012.03.23 13:14:47.612,1.091,1.09112,2.25,2.25
2012.03.23 13:14:48.385,1.09106,1.09118,1.50,1.50
2012.03.23 13:14:48.727,1.09109,1.09118,1.50,1.50
2012.03.23 13:14:48.995,1.09104,1.09118,1.50,1.50
2012.03.23 13:14:49.070,1.09107,1.09115,1.50,1.95
2012.03.23 13:14:49.241,1.09103,1.09117,3.00,1.50
2012.03.23 13:14:49.856,1.09103,1.09117,3.00,1.50
2012.03.23 13:14:49.946,1.09105,1.09117,1.50,2.44
2012.03.23 13:14:50.024,1.09105,1.09117,1.50,2.44
2012.03.23 13:14:50.517,1.09105,1.0912,1.50,2.70
2012.03.23 13:14:50.595,1.09105,1.0912,1.50,1.95
2012.03.23 13:14:51.477,1.09104,1.0912,3.00,3.45
2012.03.23 13:14:51.566,1.09104,1.09118,1.88,1.50
2012.03.23 13:14:51.644,1.09104,1.09118,1.88,1.50
2012.03.23 13:14:51.999,1.09101,1.09116,1.88,1.95
2012.03.23 13:14:52.071,1.09101,1.09111,1.88,4.50
2012.03.23 13:14:52.289,1.09095,1.09108,1.13,1.50
2012.03.23 13:14:53.011,1.09097,1.09109,1.35,2.70
2012.03.23 13:14:53.090,1.09098,1.09111,2.85,4.20
2012.03.23 13:14:53.380,1.091,1.09111,1.50,1.95
2012.03.23 13:14:53.851,1.09097,1.09113,3.79,1.50
2012.03.23 13:14:54.201,1.09099,1.09113,2.63,1.50
2012.03.23 13:14:54.853,1.09103,1.09116,1.95,2.25
2012.03.23 13:14:54.929,1.09103,1.09116,3.45,1.50
2012.03.23 13:14:55.007,1.09104,1.09118,2.25,1.13
2012.03.23 13:14:55.220,1.09103,1.09121,6.45,4.20
2012.03.23 13:14:55.575,1.09105,1.09121,1.50,1.95
2012.03.23 13:14:56.239,1.09105,1.09115,1.50,1.95
2012.03.23 13:14:56.347,1.09102,1.09116,1.54,2.70
2012.03.23 13:14:56.904,1.09102,1.09114,3.04,1.95
2012.03.23 13:14:57.681,1.09099,1.09111,1.50,2.70
2012.03.23 13:14:58.020,1.09095,1.0911,3.38,1.50
2012.03.23 13:14:58.209,1.09096,1.09111,1.88,3.45
2012.03.23 13:14:58.630,1.09096,1.09109,1.88,2.70
2012.03.23 13:14:59.251,1.09095,1.09109,3.75,1.95
2012.03.23 13:14:59.854,1.09094,1.09103,2.48,1.95
2012.03.23 13:14:59.943,1.09092,1.09107,3.19,2.70
2012.03.23 13:15:00.072,1.09094,1.09106,2.25,4.50
2012.03.23 13:15:00.146,1.09094,1.09107,2.25,1.95
2012.03.23 13:15:00.574,1.09095,1.09107,2.63,1.95
2012.03.23 13:15:01.352,1.09095,1.09103,2.25,1.95
2012.03.23 13:15:01.444,1.09092,1.09103,1.50,2.70
2012.03.23 13:15:02.598,1.09092,1.09104,1.13,3.45
2012.03.23 13:15:03.069,1.09091,1.09104,2.63,3.45
2012.03.23 13:15:03.413,1.0909,1.09104,2.82,4.20
2012.03.23 13:15:03.973,1.09089,1.09104,3.79,3.45
2012.03.23 13:15:04.795,1.09089,1.09101,4.73,1.95
2012.03.23 13:15:05.700,1.09088,1.09101,5.10,2.70
2012.03.23 13:15:06.509,1.09088,1.09101,2.85,1.95
2012.03.23 13:15:06.729,1.09093,1.09105,2.25,1.95
2012.03.23 13:15:07.244,1.09091,1.09105,2.07,2.70
2012.03.23 13:15:07.322,1.09091,1.09101,2.07,1.95
2012.03.23 13:15:07.541,1.09091,1.09104,2.82,1.50
2012.03.23 13:15:08.231,1.09093,1.09105,2.63,1.95
2012.03.23 13:15:08.538,1.09094,1.0911,2.48,3.45
2012.03.23 13:15:08.687,1.09094,1.0911,2.48,1.95
2012.03.23 13:15:09.183,1.09095,1.09106,3.00,1.95
2012.03.23 13:15:09.777,1.09096,1.0911,3.00,3.45
2012.03.23 13:15:10.280,1.09098,1.0911,1.50,1.95
2012.03.23 13:15:10.494,1.09098,1.09112,3.75,2.70
2012.03.23 13:15:11.314,1.09098,1.09114,6.64,3.00
2012.03.23 13:15:11.401,1.09099,1.09112,2.55,1.95
2012.03.23 13:15:11.749,1.09098,1.09112,3.38,1.95
2012.03.23 13:15:12.267,1.09098,1.09111,1.88,1.95
2012.03.23 13:15:13.503,1.09098,1.09111,4.13,2.70
2012.03.23 13:15:14.324,1.09098,1.09112,4.13,1.95
2012.03.23 13:15:15.814,1.09097,1.0911,3.98,1.95
2012.03.23 13:15:15.901,1.091,1.09112,2.63,1.95
2012.03.23 13:15:16.512,1.091,1.09112,2.63,3.45
2012.03.23 13:15:18.708,1.09104,1.09115,2.63,1.95
2012.03.23 13:15:19.941,1.09104,1.09117,4.13,1.95
2012.03.23 13:15:20.494,1.09102,1.09111,2.85,1.95
2012.03.23 13:15:20.641,1.09102,1.09116,2.25,4.20
2012.03.23 13:15:21.245,1.09102,1.09116,2.25,5.33
2012.03.23 13:15:21.345,1.09104,1.09119,1.73,4.39
2012.03.23 13:15:21.891,1.09106,1.09119,1.13,4.20
2012.03.23 13:15:22.729,1.09106,1.09118,1.13,1.50
2012.03.23 13:15:23.223,1.09105,1.09119,1.50,2.70
2012.03.23 13:15:23.440,1.09107,1.09119,2.25,1.95
2012.03.23 13:15:23.800,1.09109,1.09121,3.00,3.45
2012.03.23 13:15:23.877,1.09109,1.09121,3.00,1.95
2012.03.23 13:15:24.420,1.09109,1.09121,1.13,1.95
2012.03.23 13:15:26.228,1.09108,1.09121,3.23,3.45
2012.03.23 13:15:27.161,1.09107,1.09121,2.48,1.95
2012.03.23 13:15:27.659,1.09107,1.09122,2.85,1.95
2012.03.23 13:15:29.368,1.09111,1.09122,1.35,1.95
2012.03.23 13:15:29.649,1.09109,1.09122,1.50,1.95
2012.03.23 13:15:29.974,1.09107,1.09117,1.13,1.95
2012.03.23 13:15:30.051,1.09106,1.09117,2.85,1.95
2012.03.23 13:15:30.334,1.09103,1.09114,2.25,1.95
2012.03.23 13:15:31.366,1.09103,1.09112,1.88,1.95
2012.03.23 13:15:31.512,1.09102,1.09112,1.50,1.95
2012.03.23 13:15:31.744,1.09098,1.09112,2.25,1.95
2012.03.23 13:15:32.269,1.09099,1.09112,1.50,1.95
2012.03.23 13:15:32.889,1.09099,1.09113,1.50,1.95
2012.03.23 13:15:34.080,1.09099,1.09113,2.09,1.95
2012.03.23 13:15:34.160,1.09102,1.09115,2.44,2.25
2012.03.23 13:15:34.815,1.09104,1.09116,1.50,1.95
2012.03.23 13:15:34.896,1.09102,1.09116,3.94,1.95
2012.03.23 13:15:35.919,1.09103,1.09116,1.50,1.95
2012.03.23 13:15:38.352,1.09103,1.09116,5.48,1.95
2012.03.23 13:15:38.433,1.09103,1.09116,5.25,1.95
2012.03.23 13:15:39.069,1.09101,1.09108,1.50,1.95
2012.03.23 13:15:39.150,1.09096,1.09105,1.13,1.95
2012.03.23 13:15:40.034,1.09092,1.09103,6.98,1.95
2012.03.23 13:15:40.310,1.09092,1.09103,1.50,1.95
2012.03.23 13:15:40.896,1.09089,1.09103,1.73,1.95
2012.03.23 13:15:41.396,1.09089,1.09102,1.73,1.95
2012.03.23 13:15:42.791,1.0909,1.09106,4.13,2.70
2012.03.23 13:15:43.147,1.09091,1.09106,1.88,2.70
2012.03.23 13:15:43.497,1.09091,1.091,1.88,6.45
2012.03.23 13:15:43.641,1.09089,1.09097,1.50,2.33
2012.03.23 13:15:43.713,1.09085,1.09092,1.50,1.95
2012.03.23 13:15:43.787,1.09081,1.09092,1.13,1.95
2012.03.23 13:15:43.919,1.09077,1.09092,1.13,1.95
2012.03.23 13:15:44.399,1.09078,1.09092,1.95,1.95
2012.03.23 13:15:45.106,1.0908,1.09092,1.95,1.95
2012.03.23 13:15:45.640,1.0908,1.09093,1.95,2.70
2012.03.23 13:15:46.188,1.0908,1.09093,1.88,2.70
2012.03.23 13:15:46.516,1.0908,1.09091,1.88,1.95
2012.03.23 13:15:47.076,1.09077,1.09086,1.50,1.95
2012.03.23 13:15:47.581,1.09074,1.09086,5.48,1.95
2012.03.23 13:15:48.128,1.09075,1.09087,4.35,1.95
2012.03.23 13:15:48.857,1.09076,1.09087,2.25,1.95
2012.03.23 13:15:48.942,1.09076,1.09089,2.63,1.95
2012.03.23 13:15:49.025,1.09078,1.09089,1.50,1.95
2012.03.23 13:15:49.380,1.09075,1.09084,1.50,2.33
2012.03.23 13:15:49.453,1.0907,1.09084,2.63,2.33
2012.03.23 13:15:50.007,1.09072,1.09084,1.50,1.95
2012.03.23 13:15:50.760,1.09072,1.09083,1.50,1.95
2012.03.23 13:15:52.298,1.09073,1.09083,2.25,1.95
2012.03.23 13:15:52.368,1.09073,1.09085,2.25,1.95
2012.03.23 13:15:52.919,1.09074,1.09085,2.07,1.95
2012.03.23 13:15:53.456,1.09076,1.09085,1.50,1.95
2012.03.23 13:15:53.720,1.09076,1.0909,1.50,3.45
2012.03.23 13:15:53.932,1.09078,1.0909,1.50,2.70
2012.03.23 13:15:54.009,1.09078,1.0909,1.50,1.95
2012.03.23 13:15:55.047,1.09078,1.09091,1.50,1.95
2012.03.23 13:15:55.431,1.09075,1.09086,3.23,1.95
2012.03.23 13:15:55.585,1.09075,1.09089,3.23,3.64
2012.03.23 13:15:55.670,1.09075,1.09089,2.85,4.39
2012.03.23 13:15:56.036,1.09074,1.09085,3.75,1.95
2012.03.23 13:15:56.745,1.09071,1.09081,1.50,2.14
2012.03.23 13:15:56.832,1.09071,1.09087,2.44,4.95
2012.03.23 13:15:56.979,1.09072,1.09087,1.69,4.95
2012.03.23 13:15:57.335,1.09072,1.09082,1.69,2.25
2012.03.23 13:15:57.409,1.09073,1.09084,2.25,2.25
2012.03.23 13:15:57.616,1.09072,1.09085,1.69,2.63
2012.03.23 13:15:58.546,1.09071,1.09085,1.13,2.63
2012.03.23 13:15:58.628,1.09071,1.09086,1.88,2.25
2012.03.23 13:15:58.697,1.09071,1.09086,1.88,2.25
2012.03.23 13:15:59.216,1.09071,1.09086,1.69,1.50
2012.03.23 13:16:00.534,1.09071,1.09086,1.69,2.25
2012.03.23 13:16:00.737,1.0907,1.09084,1.32,4.20
2012.03.23 13:16:01.334,1.09069,1.09084,1.13,1.95
2012.03.23 13:16:01.879,1.09069,1.09083,1.13,1.95
2012.03.23 13:16:04.141,1.09069,1.09082,1.13,1.95
2012.03.23 13:16:05.055,1.09069,1.09084,1.13,1.95
2012.03.23 13:16:05.520,1.09068,1.09081,1.32,1.20
2012.03.23 13:16:05.864,1.09063,1.09072,1.13,1.95
2012.03.23 13:16:06.363,1.0906,1.09073,1.35,1.50
2012.03.23 13:16:06.449,1.09063,1.09076,2.25,1.95
2012.03.23 13:16:08.136,1.09062,1.09076,1.13,1.95
2012.03.23 13:16:08.996,1.09062,1.09074,1.13,1.95
2012.03.23 13:16:09.560,1.09062,1.09074,1.13,1.95
2012.03.23 13:16:10.262,1.09062,1.09074,1.88,1.95
2012.03.23 13:16:10.549,1.09061,1.09074,1.54,1.95
2012.03.23 13:16:10.624,1.09061,1.09074,1.54,3.66
2012.03.23 13:16:11.553,1.09063,1.0907,1.50,1.95
2012.03.23 13:16:11.648,1.09061,1.0907,1.50,1.95
2012.03.23 13:16:11.860,1.09057,1.0907,3.00,1.95
2012.03.23 13:16:12.409,1.09061,1.09073,2.70,1.88
2012.03.23 13:16:12.752,1.09067,1.09077,1.50,1.50
2012.03.23 13:16:12.960,1.09072,1.09085,1.50,1.88
2012.03.23 13:16:13.574,1.09072,1.09085,1.50,2.63
2012.03.23 13:16:14.117,1.09071,1.09085,1.50,2.63
2012.03.23 13:16:14.886,1.09071,1.09085,1.69,2.63
2012.03.23 13:16:15.268,1.09071,1.09087,2.44,4.13
2012.03.23 13:16:16.059,1.09073,1.09088,1.50,3.38
2012.03.23 13:16:22.102,1.09073,1.09088,3.38,2.63
2012.03.23 13:16:22.250,1.09073,1.09089,5.63,1.50
2012.03.23 13:16:22.817,1.09074,1.0909,2.25,3.30
2012.03.23 13:16:23.240,1.09074,1.09091,5.25,1.92
2012.03.23 13:16:23.872,1.09076,1.09092,3.19,2.25
2012.03.23 13:16:23.953,1.09078,1.09093,2.25,1.69
2012.03.23 13:16:24.659,1.09078,1.09095,2.25,5.52
2012.03.23 13:16:25.162,1.09083,1.09096,1.50,2.63
2012.03.23 13:16:25.733,1.09085,1.09099,3.21,1.88
2012.03.23 13:16:25.881,1.09085,1.09099,3.21,1.50
2012.03.23 13:16:26.409,1.09087,1.09099,1.50,1.50
2012.03.23 13:16:26.896,1.0909,1.09105,4.95,3.23
2012.03.23 13:16:27.126,1.09094,1.0911,1.50,2.93
2012.03.23 13:16:27.776,1.09094,1.0911,1.50,2.74
2012.03.23 13:16:28.271,1.09092,1.09108,1.13,7.02
2012.03.23 13:16:29.087,1.09091,1.09107,1.50,1.95
2012.03.23 13:16:29.823,1.09092,1.09109,3.00,2.25
2012.03.23 13:16:29.904,1.09094,1.09106,1.50,1.95
2012.03.23 13:16:30.279,1.09092,1.09102,1.13,1.95
2012.03.23 13:16:30.704,1.0909,1.09105,2.63,1.95
2012.03.23 13:16:31.886,1.09092,1.09108,2.63,5.70
2012.03.23 13:16:32.398,1.09092,1.09107,2.63,2.25
2012.03.23 13:16:32.922,1.09093,1.09107,1.50,2.25
2012.03.23 13:16:33.099,1.09093,1.09107,4.20,2.25
2012.03.23 13:16:33.172,1.09096,1.0911,3.00,2.67
2012.03.23 13:16:40.790,1.09096,1.09112,2.25,7.80
2012.03.23 13:16:41.887,1.09096,1.09111,2.25,3.04
2012.03.23 13:16:43.884,1.09096,1.0911,2.25,2.55
2012.03.23 13:16:45.571,1.09094,1.0911,1.88,4.24
2012.03.23 13:16:45.638,1.09094,1.09106,1.50,1.95
2012.03.23 13:16:46.313,1.09089,1.09105,1.88,3.75
2012.03.23 13:16:46.392,1.09089,1.09104,1.88,1.13
2012.03.23 13:16:46.659,1.09087,1.09103,1.13,4.20
2012.03.23 13:16:47.277,1.09087,1.09102,1.13,2.25
2012.03.23 13:16:48.783,1.09087,1.09103,1.13,4.20
2012.03.23 13:16:49.318,1.09087,1.09104,1.88,3.83
2012.03.23 13:16:49.883,1.09089,1.09104,4.50,1.95
2012.03.23 13:16:50.726,1.0909,1.09105,2.25,4.77
2012.03.23 13:16:53.874,1.0909,1.09107,2.25,1.95
2012.03.23 13:16:56.578,1.0909,1.09102,1.50,2.25
2012.03.23 13:16:56.921,1.09087,1.09105,7.58,2.63
2012.03.23 13:16:57.210,1.09087,1.09105,7.77,1.88
2012.03.23 13:16:57.826,1.0909,1.09106,2.25,4.50
2012.03.23 13:17:03.420,1.09092,1.09106,1.50,2.52
2012.03.23 13:17:04.666,1.09092,1.09108,1.50,6.83
2012.03.23 13:17:04.889,1.09097,1.09112,1.95,1.50
2012.03.23 13:17:04.960,1.091,1.09113,1.50,1.50
2012.03.23 13:17:05.228,1.091,1.09116,2.25,3.00
2012.03.23 13:17:05.718,1.09099,1.09114,2.25,2.25
2012.03.23 13:17:05.994,1.09099,1.09116,6.45,2.07
2012.03.23 13:17:06.126,1.09101,1.09117,1.50,3.87
2012.03.23 13:17:07.198,1.09103,1.09117,1.95,1.13
2012.03.23 13:17:07.463,1.09103,1.09119,1.95,2.25
2012.03.23 13:17:07.882,1.09101,1.09116,3.75,2.25
2012.03.23 13:17:08.243,1.09097,1.09111,1.88,2.25
2012.03.23 13:17:09.044,1.091,1.09115,2.25,2.07
2012.03.23 13:17:09.188,1.091,1.09116,3.00,7.43
2012.03.23 13:17:09.599,1.09102,1.09116,1.50,6.68
2012.03.23 13:17:09.888,1.09098,1.09115,4.95,1.88
2012.03.23 13:17:10.227,1.09102,1.09116,1.50,2.33
2012.03.23 13:17:11.081,1.09101,1.09115,1.50,2.63
2012.03.23 13:17:11.621,1.09101,1.09115,1.50,1.50
2012.03.23 13:17:11.947,1.09101,1.09112,1.50,2.25
2012.03.23 13:17:12.025,1.09099,1.09112,1.50,2.25
2012.03.23 13:17:17.637,1.09094,1.0911,4.13,2.33
2012.03.23 13:17:17.714,1.09094,1.09109,4.13,2.63
2012.03.23 13:17:19.028,1.09095,1.09111,3.00,1.50
2012.03.23 13:17:19.577,1.09095,1.09107,2.25,2.33
2012.03.23 13:17:20.461,1.09093,1.09109,4.34,1.13
2012.03.23 13:17:21.443,1.09096,1.0911,2.63,3.38
2012.03.23 13:17:22.148,1.09096,1.09109,3.00,1.13
2012.03.23 13:17:24.005,1.09095,1.09109,1.13,3.38
2012.03.23 13:17:27.966,1.09097,1.09108,2.25,1.95
2012.03.23 13:17:28.259,1.09098,1.09104,1.50,1.95
2012.03.23 13:17:28.334,1.0909,1.09104,2.25,1.95
2012.03.23 13:17:28.544,1.0909,1.09103,2.25,1.13
2012.03.23 13:17:30.362,1.0909,1.09102,1.50,2.70
2012.03.23 13:17:30.577,1.09092,1.09104,1.50,3.00
2012.03.23 13:17:30.648,1.09092,1.09105,1.50,1.13
2012.03.23 13:17:31.324,1.09094,1.09106,1.50,3.83
2012.03.23 13:17:31.471,1.09091,1.09105,1.69,2.63
2012.03.23 13:17:32.089,1.09091,1.09105,1.50,2.63
2012.03.23 13:17:32.591,1.0909,1.09101,1.50,3.08
2012.03.23 13:17:32.686,1.09084,1.09098,2.29,1.95
2012.03.23 13:17:33.212,1.09083,1.09098,3.60,2.70
2012.03.23 13:17:34.587,1.09083,1.09097,1.35,1.50
2012.03.23 13:17:34.737,1.09082,1.09096,1.13,6.83
2012.03.23 13:17:34.820,1.09081,1.09093,1.13,4.50
2012.03.23 13:17:35.050,1.09076,1.09086,1.13,1.95
2012.03.23 13:17:35.217,1.09071,1.09086,2.25,2.70
2012.03.23 13:17:35.366,1.0907,1.09086,1.71,6.83
2012.03.23 13:17:35.994,1.09069,1.09084,1.73,2.70
2012.03.23 13:17:36.511,1.09069,1.09084,3.98,1.95
2012.03.23 13:17:36.724,1.09072,1.09084,1.50,1.95
2012.03.23 13:17:37.013,1.09072,1.09087,2.63,2.70
2012.03.23 13:17:37.162,1.09073,1.09089,1.50,3.57
2012.03.23 13:17:37.706,1.09073,1.0909,1.50,2.63
2012.03.23 13:17:37.788,1.09077,1.0909,1.69,1.13
2012.03.23 13:17:38.298,1.09078,1.0909,1.50,1.13
2012.03.23 13:17:38.919,1.09078,1.09091,1.88,5.33
2012.03.23 13:17:39.259,1.09082,1.09092,1.50,1.13
2012.03.23 13:17:39.388,1.09079,1.09091,1.88,3.00
2012.03.23 13:17:40.879,1.09079,1.0909,1.50,1.95
2012.03.23 13:17:41.621,1.09078,1.0909,1.88,1.95
2012.03.23 13:17:43.097,1.09078,1.09088,1.50,1.95
2012.03.23 13:17:45.806,1.09075,1.09088,1.88,1.95
2012.03.23 13:17:46.312,1.09075,1.09089,1.88,2.25
2012.03.23 13:17:46.659,1.09075,1.09089,3.00,2.25
2012.03.23 13:17:47.008,1.0908,1.09091,1.50,1.95
2012.03.23 13:17:47.671,1.0908,1.09094,1.50,2.63
2012.03.23 13:17:47.890,1.09082,1.09097,2.25,4.17
2012.03.23 13:17:48.499,1.09084,1.09097,1.50,2.63
2012.03.23 13:17:48.708,1.09087,1.09102,1.69,3.45
2012.03.23 13:17:48.851,1.0909,1.09102,1.50,1.95
2012.03.23 13:17:49.410,1.0909,1.09102,1.50,2.33
2012.03.23 13:17:50.797,1.0909,1.09103,1.50,2.33
2012.03.23 13:17:51.333,1.09092,1.09106,1.50,4.58
2012.03.23 13:17:51.696,1.09095,1.09106,1.50,1.95
2012.03.23 13:17:52.226,1.09094,1.09106,1.50,1.95
2012.03.23 13:17:53.389,1.09094,1.09106,1.50,5.14
2012.03.23 13:17:53.744,1.09092,1.09106,1.50,4.95
2012.03.23 13:17:53.905,1.09092,1.09103,1.50,1.95
2012.03.23 13:17:54.262,1.09089,1.09103,1.88,1.95
2012.03.23 13:17:55.733,1.09088,1.09099,1.88,1.95
2012.03.23 13:17:56.431,1.09088,1.09103,1.69,1.95
2012.03.23 13:17:57.368,1.0909,1.09103,1.50,1.95
2012.03.23 13:17:57.759,1.09092,1.09103,1.50,1.95
2012.03.23 13:17:58.471,1.09092,1.09104,1.50,1.95
2012.03.23 13:17:58.887,1.09092,1.09104,2.25,1.95
2012.03.23 13:18:00.429,1.0909,1.09104,1.50,1.95
2012.03.23 13:18:00.757,1.09092,1.09104,1.50,1.95
2012.03.23 13:18:01.100,1.09093,1.09104,1.88,1.95
2012.03.23 13:18:01.802,1.09093,1.09108,1.88,4.58
2012.03.23 13:18:01.878,1.09096,1.09108,1.50,5.52
2012.03.23 13:18:02.878,1.09096,1.09109,1.50,1.95
2012.03.23 13:18:03.983,1.09096,1.09108,1.50,1.95
2012.03.23 13:18:05.064,1.09096,1.09109,1.50,1.95
2012.03.23 13:18:05.570,1.09097,1.09109,1.50,1.95
2012.03.23 13:18:07.659,1.09097,1.09109,2.63,1.95
2012.03.23 13:18:07.729,1.09097,1.09111,2.63,2.63
2012.03.23 13:18:07.861,1.09099,1.09113,1.50,4.95
2012.03.23 13:18:08.216,1.09102,1.09114,1.71,2.25
2012.03.23 13:18:09.145,1.09108,1.09115,1.13,1.95
2012.03.23 13:18:09.228,1.09109,1.09118,1.50,1.95
2012.03.23 13:18:09.299,1.09109,1.09122,1.50,1.95
2012.03.23 13:18:09.898,1.09109,1.09122,3.00,1.95
2012.03.23 13:18:09.972,1.09109,1.09121,3.00,1.69
2012.03.23 13:18:10.122,1.09108,1.09119,1.50,2.70
2012.03.23 13:18:10.275,1.09105,1.09116,1.13,1.95
2012.03.23 13:18:11.163,1.09105,1.09116,1.13,1.95
2012.03.23 13:18:11.610,1.09105,1.0912,2.63,1.95
2012.03.23 13:18:13.799,1.09107,1.0912,2.44,1.95
2012.03.23 13:18:14.944,1.09108,1.0912,3.75,1.95
2012.03.23 13:18:15.846,1.09107,1.09117,1.13,1.95
2012.03.23 13:18:16.196,1.09104,1.09113,1.88,1.95
2012.03.23 13:18:16.481,1.09105,1.09117,1.50,2.10
2012.03.23 13:18:16.982,1.09106,1.09117,1.13,1.95
2012.03.23 13:18:17.490,1.09107,1.09118,2.25,1.95
2012.03.23 13:18:17.560,1.0911,1.09118,1.50,1.95
2012.03.23 13:18:18.106,1.09109,1.09118,1.69,1.95
2012.03.23 13:18:19.068,1.09109,1.0912,1.69,1.95
2012.03.23 13:18:19.399,1.09111,1.09123,1.50,1.95
2012.03.23 13:18:19.928,1.09111,1.09123,2.25,1.95
2012.03.23 13:18:20.640,1.0911,1.09119,1.50,1.95
2012.03.23 13:18:20.987,1.09111,1.09116,1.50,1.95
2012.03.23 13:18:21.199,1.09109,1.09116,1.50,1.95
2012.03.23 13:18:21.477,1.09108,1.09116,1.13,1.95
2012.03.23 13:18:23.649,1.09105,1.09116,2.44,1.95
2012.03.23 13:18:25.138,1.09105,1.09116,2.25,1.95
2012.03.23 13:18:26.269,1.09105,1.09115,2.25,1.95
2012.03.23 13:18:29.755,1.09105,1.09118,2.63,1.95
2012.03.23 13:18:29.900,1.09106,1.09118,2.25,1.95
2012.03.23 13:18:30.250,1.09109,1.09118,1.69,1.95
2012.03.23 13:18:30.739,1.0911,1.0912,1.50,1.95
2012.03.23 13:18:31.937,1.09109,1.0912,1.50,1.95
2012.03.23 13:18:33.457,1.09111,1.09123,3.00,2.33
2012.03.23 13:18:33.798,1.09111,1.09119,2.25,1.95
2012.03.23 13:18:33.866,1.09111,1.09119,1.50,1.95
2012.03.23 13:18:34.445,1.09109,1.09119,1.50,1.95
2012.03.23 13:18:36.548,1.09109,1.09117,1.50,1.95
2012.03.23 13:18:37.769,1.09108,1.09117,2.44,2.70
2012.03.23 13:18:37.841,1.09104,1.09117,3.19,1.95
2012.03.23 13:18:37.909,1.09104,1.09117,3.57,1.95
2012.03.23 13:18:40.668,1.09108,1.09117,1.50,1.95
2012.03.23 13:18:41.101,1.09106,1.09115,3.57,1.95
2012.03.23 13:18:42.360,1.09103,1.09116,1.88,1.95
2012.03.23 13:18:43.309,1.09102,1.09114,3.23,1.95
2012.03.23 13:18:44.292,1.09105,1.09116,4.13,1.95
2012.03.23 13:18:45.618,1.09105,1.09117,2.63,1.95
2012.03.23 13:18:46.210,1.09106,1.09121,3.00,1.50
2012.03.23 13:18:46.798,1.09108,1.09122,2.25,1.95
2012.03.23 13:18:47.340,1.09108,1.09121,2.44,1.95
2012.03.23 13:18:48.297,1.09108,1.09121,1.50,1.95
2012.03.23 13:18:48.636,1.09108,1.09119,1.50,1.95
2012.03.23 13:18:49.337,1.09107,1.09119,1.13,1.95
2012.03.23 13:18:49.878,1.09106,1.09118,5.07,1.95
2012.03.23 13:18:52.560,1.09107,1.09122,2.63,4.20
2012.03.23 13:18:52.633,1.09107,1.09122,2.25,1.95
2012.03.23 13:18:52.792,1.0911,1.09125,1.50,1.95
2012.03.23 13:18:53.315,1.09111,1.09125,1.50,1.95
2012.03.23 13:18:53.385,1.09109,1.09125,3.57,1.95
2012.03.23 13:18:54.437,1.09109,1.09126,3.38,3.30
2012.03.23 13:18:56.665,1.09109,1.09126,4.13,3.30
2012.03.23 13:18:59.647,1.0911,1.09127,1.50,3.83
2012.03.23 13:18:59.994,1.09118,1.09131,1.50,2.63
2012.03.23 13:19:01.246,1.09117,1.09131,1.13,1.13
2012.03.23 13:19:06.015,1.09115,1.09132,3.94,5.33
2012.03.23 13:19:06.864,1.09115,1.09132,3.94,5.33
2012.03.23 13:19:09.309,1.09118,1.09132,5.25,2.63
2012.03.23 13:19:09.379,1.09121,1.09137,2.25,5.33
2012.03.23 13:19:09.519,1.09125,1.09137,1.50,2.33
2012.03.23 13:19:10.520,1.09125,1.09139,2.25,2.70
2012.03.23 13:19:11.231,1.09125,1.09139,3.00,2.70
2012.03.23 13:19:12.699,1.09125,1.09137,2.25,1.95
2012.03.23 13:19:16.370,1.09124,1.09139,3.38,1.95
2012.03.23 13:19:16.438,1.09125,1.09139,1.50,1.95
2012.03.23 13:19:17.284,1.09128,1.09139,1.50,1.95
2012.03.23 13:19:18.489,1.09128,1.09143,1.50,3.08
2012.03.23 13:19:18.775,1.0913,1.09143,1.50,2.33
2012.03.23 13:19:19.294,1.09129,1.09143,1.50,2.33
2012.03.23 13:19:19.855,1.09129,1.09144,1.50,1.95
2012.03.23 13:19:20.349,1.09131,1.09144,1.50,1.95
2012.03.23 13:19:20.905,1.09131,1.09145,1.50,1.95
2012.03.23 13:19:22.943,1.09131,1.09145,2.25,1.95
2012.03.23 13:19:23.490,1.09133,1.09145,1.50,1.95
2012.03.23 13:19:24.104,1.09135,1.09146,1.50,2.70
2012.03.23 13:19:24.456,1.09136,1.09149,1.50,4.50
2012.03.23 13:19:25.081,1.09135,1.09147,1.50,2.70
2012.03.23 13:19:25.430,1.09135,1.09148,1.50,1.88
2012.03.23 13:19:26.606,1.09135,1.0915,1.50,3.45
2012.03.23 13:19:27.127,1.09135,1.09151,3.00,4.58
2012.03.23 13:19:28.377,1.09138,1.09151,1.50,1.95
2012.03.23 13:19:29.187,1.09137,1.09151,2.25,1.95
2012.03.23 13:19:29.821,1.09141,1.09154,1.50,1.95
2012.03.23 13:19:30.158,1.09141,1.09154,2.25,1.95
2012.03.23 13:19:31.401,1.09139,1.09154,1.32,1.95
2012.03.23 13:19:31.607,1.09138,1.09151,1.50,2.25
2012.03.23 13:19:31.819,1.09139,1.09153,2.44,1.95
2012.03.23 13:19:36.519,1.09137,1.09153,2.25,2.70
2012.03.23 13:19:36.909,1.09136,1.09152,2.63,2.63
2012.03.23 13:19:37.493,1.09142,1.09155,2.25,1.95
2012.03.23 13:19:38.137,1.0914,1.09157,2.25,4.58
2012.03.23 13:19:38.657,1.09144,1.09157,2.25,1.95
2012.03.23 13:19:39.236,1.09144,1.09159,2.25,4.20
2012.03.23 13:19:41.415,1.09144,1.09157,2.25,1.95
2012.03.23 13:19:42.756,1.09146,1.09159,4.20,2.25
2012.03.23 13:19:42.965,1.09146,1.09163,4.95,2.25
2012.03.23 13:19:43.047,1.09146,1.09163,5.70,1.50
2012.03.23 13:19:43.593,1.09149,1.09164,2.25,3.45
2012.03.23 13:19:44.107,1.09149,1.09163,2.25,1.95
2012.03.23 13:19:44.858,1.09149,1.09164,2.25,1.95
2012.03.23 13:19:46.189,1.0915,1.0917,2.25,5.33
2012.03.23 13:19:46.458,1.0915,1.09165,2.25,3.00
2012.03.23 13:19:46.992,1.0915,1.09165,2.25,2.25
2012.03.23 13:19:47.819,1.0915,1.09164,2.25,1.95
2012.03.23 13:19:49.200,1.0915,1.09164,2.25,2.70
2012.03.23 13:19:50.278,1.0915,1.09165,2.25,3.00
2012.03.23 13:19:51.357,1.09149,1.09164,2.25,1.95
2012.03.23 13:19:52.272,1.09149,1.09159,1.50,1.95
2012.03.23 13:19:52.624,1.09144,1.09159,2.48,1.95
2012.03.23 13:19:53.618,1.09143,1.09158,1.73,1.50
2012.03.23 13:19:54.262,1.09143,1.09159,1.69,4.20
2012.03.23 13:19:54.808,1.09143,1.09159,1.50,6.83
2012.03.23 13:19:54.939,1.09143,1.09154,1.50,1.95
2012.03.23 13:19:55.070,1.09141,1.09154,2.48,1.95
2012.03.23 13:19:55.268,1.09141,1.09157,2.48,4.20
2012.03.23 13:19:55.815,1.09141,1.09157,2.10,3.45
2012.03.23 13:19:56.374,1.09143,1.09157,1.50,1.95
2012.03.23 13:19:57.001,1.09143,1.09159,1.88,2.63
2012.03.23 13:19:57.281,1.09147,1.09162,1.50,4.69
2012.03.23 13:19:57.419,1.09147,1.09163,1.50,4.32
2012.03.23 13:19:59.206,1.09145,1.0916,2.25,1.95
2012.03.23 13:20:00.097,1.09145,1.09161,2.25,3.45
2012.03.23 13:20:00.439,1.0915,1.09164,1.35,3.38
2012.03.23 13:20:00.724,1.09151,1.09165,1.50,1.95
2012.03.23 13:20:03.449,1.09149,1.09165,6.30,1.95
2012.03.23 13:20:05.316,1.09149,1.09162,5.48,1.95
2012.03.23 13:20:06.131,1.0915,1.09162,1.50,1.95
2012.03.23 13:20:07.721,1.09148,1.09162,2.48,1.95
2012.03.23 13:20:11.955,1.09148,1.09163,2.48,1.95
2012.03.23 13:20:13.940,1.09148,1.09161,2.48,1.95
2012.03.23 13:20:14.518,1.09146,1.09161,1.13,1.95
2012.03.23 13:20:15.097,1.09148,1.09161,1.50,1.95
2012.03.23 13:20:15.922,1.09146,1.0916,1.50,4.20
2012.03.23 13:20:16.520,1.09146,1.09158,1.50,2.25
2012.03.23 13:20:16.591,1.09144,1.09158,2.25,4.20
2012.03.23 13:20:16.656,1.09142,1.09158,1.13,4.20
2012.03.23 13:20:17.193,1.09142,1.09158,1.50,4.20
2012.03.23 13:20:18.498,1.09144,1.0916,1.50,5.14
2012.03.23 13:20:23.585,1.09144,1.09158,1.50,2.25
2012.03.23 13:20:25.117,1.09145,1.09158,1.50,1.95
2012.03.23 13:20:25.454,1.09146,1.09158,1.50,1.95
2012.03.23 13:20:26.191,1.09146,1.09158,1.50,2.14
2012.03.23 13:20:27.149,1.09146,1.09158,1.50,1.95
2012.03.23 13:20:28.048,1.09146,1.09159,1.50,3.64
2012.03.23 13:20:28.609,1.09145,1.09155,1.50,1.50
2012.03.23 13:20:28.797,1.09145,1.09158,1.50,1.50
2012.03.23 13:20:30.402,1.09145,1.09156,1.50,1.95
2012.03.23 13:20:31.387,1.09144,1.09156,1.88,3.45
2012.03.23 13:20:33.482,1.09144,1.09158,1.13,1.50
2012.03.23 13:20:34.015,1.09144,1.09159,1.13,3.83
2012.03.23 13:20:35.268,1.09144,1.09159,2.63,1.95
2012.03.23 13:20:35.937,1.09144,1.09158,1.13,1.95
2012.03.23 13:20:37.146,1.09144,1.09157,1.13,1.95
2012.03.23 13:20:37.792,1.09143,1.0916,3.45,1.50
2012.03.23 13:20:38.004,1.09145,1.0916,2.70,1.50
2012.03.23 13:20:38.612,1.09148,1.09163,1.50,3.57
2012.03.23 13:20:38.680,1.09148,1.09158,1.50,1.95
2012.03.23 13:20:38.886,1.09146,1.09158,1.50,1.95
2012.03.23 13:20:39.042,1.09143,1.09157,1.13,1.50
2012.03.23 13:20:39.543,1.09143,1.09158,2.63,1.95
2012.03.23 13:20:41.016,1.09145,1.09158,2.25,1.95
2012.03.23 13:20:41.160,1.09145,1.09161,2.25,2.33
2012.03.23 13:20:41.298,1.09145,1.09161,2.25,2.33
2012.03.23 13:20:41.717,1.09148,1.09164,1.50,3.64
2012.03.23 13:20:42.227,1.09148,1.09164,2.25,3.64
2012.03.23 13:20:42.867,1.09147,1.09162,1.50,1.50
2012.03.23 13:20:43.169,1.09152,1.09162,1.50,1.50
2012.03.23 13:20:43.673,1.09152,1.09168,3.00,4.13
2012.03.23 13:20:44.216,1.09152,1.09168,1.50,2.25
2012.03.23 13:20:44.984,1.09154,1.0917,2.25,7.95
2012.03.23 13:20:47.416,1.09152,1.09168,2.25,1.50
2012.03.23 13:20:50.047,1.09153,1.09169,2.25,3.38
2012.03.23 13:20:55.297,1.09153,1.09168,2.70,2.25
2012.03.23 13:20:55.975,1.09153,1.09168,1.95,2.25
2012.03.23 13:20:56.521,1.09152,1.09168,2.25,2.25
2012.03.23 13:20:56.887,1.09152,1.09168,2.25,1.50
2012.03.23 13:20:57.237,1.09153,1.09168,2.89,1.50
2012.03.23 13:20:57.578,1.09158,1.09173,1.50,3.68
2012.03.23 13:20:58.577,1.09158,1.09172,1.50,2.82
2012.03.23 13:20:58.652,1.09158,1.09169,1.50,1.95
2012.03.23 13:20:58.880,1.09154,1.0917,4.20,1.50
2012.03.23 13:20:59.139,1.09156,1.09172,1.50,6.08
2012.03.23 13:20:59.657,1.09157,1.09172,2.25,4.58
2012.03.23 13:21:00.381,1.09156,1.09171,3.75,1.95
2012.03.23 13:21:01.090,1.09157,1.09173,2.25,1.95
2012.03.23 13:21:01.359,1.09158,1.09173,1.50,2.70
2012.03.23 13:21:01.669,1.09155,1.09171,4.20,1.88
2012.03.23 13:21:03.091,1.09158,1.09174,2.89,4.13
2012.03.23 13:21:05.150,1.09161,1.09175,2.25,2.63
2012.03.23 13:21:05.688,1.09161,1.09172,2.25,1.95
2012.03.23 13:21:06.305,1.09157,1.09172,2.44,1.95
2012.03.23 13:21:07.046,1.09157,1.09173,2.25,2.25
2012.03.23 13:21:07.136,1.09157,1.0917,2.25,1.95
2012.03.23 13:21:07.435,1.09157,1.09166,1.50,2.25
2012.03.23 13:21:07.592,1.09152,1.09166,1.13,2.25
2012.03.23 13:21:09.598,1.09153,1.09168,1.13,5.70
2012.03.23 13:21:10.697,1.09153,1.09166,2.25,1.95
2012.03.23 13:21:11.378,1.09152,1.09166,1.50,1.95
2012.03.23 13:21:11.926,1.09153,1.09166,1.50,1.95
2012.03.23 13:21:12.750,1.09151,1.09166,2.25,1.95
2012.03.23 13:21:13.214,1.09153,1.09166,1.50,1.95
2012.03.23 13:21:13.539,1.09155,1.09166,1.50,1.95
2012.03.23 13:21:14.242,1.09155,1.09168,1.50,1.95
2012.03.23 13:21:14.390,1.09158,1.09171,2.25,1.95
2012.03.23 13:21:14.740,1.09158,1.09168,1.50,3.75
2012.03.23 13:21:14.948,1.09155,1.09168,1.50,3.75
2012.03.23 13:21:15.762,1.09153,1.09171,4.20,7.58
2012.03.23 13:21:16.242,1.09155,1.09171,1.50,5.52
2012.03.23 13:21:21.733,1.0916,1.09172,1.50,1.95
2012.03.23 13:21:21.826,1.09159,1.09174,2.25,2.63
2012.03.23 13:21:22.223,1.09161,1.09175,2.25,2.63
2012.03.23 13:21:22.573,1.09161,1.09175,1.50,4.58
2012.03.23 13:21:23.469,1.09163,1.09175,1.50,4.20
2012.03.23 13:21:23.550,1.09159,1.09173,2.25,1.95
2012.03.23 13:21:26.072,1.09159,1.09175,2.25,4.77
2012.03.23 13:21:26.850,1.09159,1.09175,3.38,1.95
2012.03.23 13:21:27.367,1.09158,1.09174,4.88,1.50
2012.03.23 13:21:27.887,1.09158,1.09174,4.13,1.69
2012.03.23 13:21:28.277,1.09158,1.09174,4.13,4.39
2012.03.23 13:21:28.609,1.09158,1.09174,1.88,4.39
2012.03.23 13:21:28.678,1.09158,1.09174,1.88,4.95
2012.03.23 13:21:29.275,1.09158,1.09173,1.50,2.89
2012.03.23 13:21:29.858,1.09158,1.09173,2.25,2.70
2012.03.23 13:21:30.232,1.0916,1.09173,1.50,2.70
2012.03.23 13:21:35.478,1.0916,1.09174,1.50,1.95
2012.03.23 13:21:41.994,1.0916,1.09175,1.50,1.95
2012.03.23 13:21:42.792,1.0916,1.09176,3.45,4.50
2012.03.23 13:21:43.152,1.09169,1.09176,1.50,1.50
2012.03.23 13:21:43.448,1.0917,1.09185,1.88,1.95
2012.03.23 13:21:44.209,1.09169,1.09182,1.88,1.95
2012.03.23 13:21:44.310,1.09163,1.09178,4.88,1.95
2012.03.23 13:21:44.832,1.09163,1.09178,2.63,1.95
2012.03.23 13:21:46.149,1.09166,1.09179,2.25,1.95
2012.03.23 13:21:49.128,1.09166,1.09179,1.50,1.95
2012.03.23 13:21:49.501,1.09163,1.09176,1.50,1.95
2012.03.23 13:21:50.069,1.09161,1.09176,1.32,1.95
2012.03.23 13:21:50.609,1.09161,1.09176,2.07,1.95
2012.03.23 13:21:52.097,1.09159,1.09175,2.48,1.50
2012.03.23 13:21:52.813,1.09159,1.09175,1.50,3.94
2012.03.23 13:21:53.370,1.0916,1.09176,1.50,3.00
2012.03.23 13:21:53.578,1.0916,1.09178,1.50,6.45
2012.03.23 13:21:54.671,1.0916,1.09177,2.25,3.00
2012.03.23 13:21:55.365,1.09162,1.09178,1.50,3.00
2012.03.23 13:21:56.946,1.09162,1.09178,2.44,2.25
2012.03.23 13:21:57.019,1.09162,1.0918,4.69,1.88
2012.03.23 13:21:57.551,1.09165,1.09181,1.50,4.13
2012.03.23 13:21:58.108,1.09162,1.09179,1.69,4.13
2012.03.23 13:21:58.650,1.09162,1.09179,1.50,7.58
2012.03.23 13:21:58.721,1.09162,1.09176,1.50,2.25
2012.03.23 13:21:59.257,1.0916,1.09176,2.07,2.25
2012.03.23 13:22:00.092,1.0916,1.09176,1.88,2.25
2012.03.23 13:22:01.732,1.09162,1.09176,1.50,2.25
2012.03.23 13:22:03.581,1.0916,1.09176,2.25,2.25
2012.03.23 13:22:04.099,1.0916,1.09176,1.88,2.25
2012.03.23 13:22:04.636,1.0916,1.09176,1.88,2.44
2012.03.23 13:22:07.375,1.09158,1.09176,1.88,4.88
2012.03.23 13:22:08.585,1.09158,1.09176,1.88,4.69
2012.03.23 13:22:09.174,1.09159,1.09176,1.13,4.50
2012.03.23 13:22:09.477,1.09167,1.09182,1.50,3.38
2012.03.23 13:22:10.219,1.09167,1.09182,1.50,3.00
2012.03.23 13:22:10.860,1.09167,1.09184,1.50,5.25
2012.03.23 13:22:11.407,1.09167,1.09184,1.50,3.75
2012.03.23 13:22:11.964,1.09168,1.09185,2.63,2.85
2012.03.23 13:22:12.310,1.0917,1.09185,1.50,1.35
2012.03.23 13:22:12.817,1.0917,1.09184,1.50,3.38
2012.03.23 13:22:13.159,1.09168,1.09184,1.88,4.50
2012.03.23 13:22:14.148,1.09168,1.09184,1.50,4.50
2012.03.23 13:22:14.668,1.09166,1.09182,1.88,1.50
2012.03.23 13:22:15.407,1.09168,1.09184,1.50,1.50
2012.03.23 13:22:15.927,1.09166,1.09183,1.13,3.75
2012.03.23 13:22:16.918,1.09168,1.09183,1.50,2.25
2012.03.23 13:22:18.716,1.09168,1.09182,1.50,1.50
2012.03.23 13:22:23.767,1.09166,1.09182,2.63,2.25
2012.03.23 13:22:23.992,1.09169,1.09183,1.50,1.50
