2011.01.03 09:00:00.110,1.08133,1.08159,2.25,1.88
2011.01.03 09:00:00.656,1.08133,1.08159,2.25,1.88
2011.01.03 09:00:01.562,1.08133,1.08159,2.25,1.88
2011.01.03 09:00:02.025,1.08142,1.08163,1.50,1.02
2011.01.03 09:00:02.151,1.08149,1.08164,1.13,1.88
2011.01.03 09:00:02.275,1.08148,1.0817,2.25,1.88
2011.01.03 09:00:02.850,1.08148,1.08172,2.25,1.88
2011.01.03 09:00:05.150,1.08148,1.08172,2.25,1.88
2011.01.03 09:00:05.270,1.08148,1.08172,3.00,1.88
2011.01.03 09:00:12.615,1.08148,1.08171,2.25,1.39
2011.01.03 09:00:12.737,1.08148,1.08171,2.25,1.39
2011.01.03 09:00:12.851,1.08142,1.08168,2.89,1.02
2011.01.03 09:00:12.979,1.08141,1.08163,2.25,1.02
2011.01.03 09:00:13.360,1.08137,1.08157,1.88,1.13
2011.01.03 09:00:13.601,1.08135,1.08157,1.50,1.13
2011.01.03 09:00:14.175,1.08135,1.08157,1.50,1.13
2011.01.03 09:00:14.416,1.08132,1.08155,1.50,1.13
2011.01.03 09:00:14.537,1.08132,1.08154,1.50,1.13
2011.01.03 09:00:15.062,1.08132,1.08152,1.50,1.13
2011.01.03 09:00:15.619,1.08133,1.08152,1.50,1.13
2011.01.03 09:00:16.654,1.08133,1.08153,1.50,1.13
2011.01.03 09:00:16.991,1.08133,1.08157,1.88,2.63
2011.01.03 09:00:18.530,1.08133,1.08157,1.50,2.63
2011.01.03 09:00:18.651,1.08133,1.08157,1.50,2.63
2011.01.03 09:00:19.209,1.08133,1.08154,1.50,1.13
2011.01.03 09:00:19.599,1.08133,1.08153,1.50,1.13
2011.01.03 09:00:20.480,1.08129,1.08157,1.88,2.25
2011.01.03 09:00:20.820,1.08131,1.08154,1.50,3.00
2011.01.03 09:00:21.413,1.08131,1.08153,1.50,1.13
2011.01.03 09:00:21.532,1.08131,1.08153,1.50,1.13
2011.01.03 09:00:21.653,1.08131,1.08152,1.50,1.13
2011.01.03 09:00:22.450,1.08131,1.08153,1.50,1.13
2011.01.03 09:00:29.039,1.08131,1.08154,3.38,2.25
2011.01.03 09:00:29.431,1.08136,1.0816,1.77,1.88
2011.01.03 09:00:29.549,1.08136,1.08161,3.27,1.50
2011.01.03 09:00:30.620,1.08136,1.08161,2.52,1.50
2011.01.03 09:00:32.040,1.08136,1.08161,2.52,1.50
2011.01.03 09:00:33.438,1.08136,1.08161,2.52,1.50
2011.01.03 09:00:34.608,1.0814,1.08161,2.14,1.50
2011.01.03 09:00:34.978,1.08144,1.08162,1.77,1.13
2011.01.03 09:00:35.542,1.08147,1.08169,1.50,1.50
2011.01.03 09:00:36.926,1.08144,1.08166,2.25,1.13
2011.01.03 09:00:37.149,1.08141,1.08166,2.14,3.00
2011.01.03 09:00:37.261,1.08141,1.08165,1.77,1.13
2011.01.03 09:00:41.639,1.08139,1.08162,1.39,2.25
2011.01.03 09:00:42.142,1.08139,1.08162,1.02,1.50
2011.01.03 09:00:43.360,1.08138,1.08162,1.77,1.50
2011.01.03 09:00:43.979,1.08138,1.08162,1.39,1.50
2011.01.03 09:00:45.889,1.08138,1.08162,1.39,1.50
2011.01.03 09:00:46.271,1.08138,1.08162,1.13,1.50
2011.01.03 09:00:46.831,1.08138,1.08162,1.13,1.50
2011.01.03 09:00:47.763,1.08138,1.08162,1.50,1.50
2011.01.03 09:00:48.433,1.0814,1.08162,1.13,1.50
2011.01.03 09:00:48.807,1.08137,1.08162,4.13,1.50
2011.01.03 09:00:50.469,1.08137,1.08162,4.13,1.50
2011.01.03 09:00:51.060,1.08137,1.08162,4.13,1.50
2011.01.03 09:00:51.673,1.08137,1.08162,4.13,1.50
2011.01.03 09:00:52.209,1.08137,1.08162,3.75,1.50
2011.01.03 09:00:53.640,1.08137,1.08162,3.75,1.50
2011.01.03 09:00:55.900,1.08137,1.08162,2.63,1.88
2011.01.03 09:00:58.370,1.08137,1.08162,1.50,3.00
2011.01.03 09:00:58.742,1.08133,1.08159,1.13,1.50
2011.01.03 09:00:58.861,1.08131,1.08158,3.75,1.13
2011.01.03 09:00:59.201,1.08131,1.08154,2.25,1.88
2011.01.03 09:00:59.319,1.08131,1.08154,1.50,1.88
2011.01.03 09:01:00.449,1.08131,1.08154,1.50,1.88
2011.01.03 09:01:00.797,1.08131,1.08153,1.50,1.13
2011.01.03 09:01:01.059,1.08128,1.08154,1.50,1.13
2011.01.03 09:01:03.151,1.08128,1.08153,1.88,1.88
2011.01.03 09:01:03.273,1.08128,1.08153,1.88,1.50
2011.01.03 09:01:04.010,1.08129,1.08153,1.13,1.50
2011.01.03 09:01:04.587,1.08129,1.08153,1.13,1.50
2011.01.03 09:01:10.422,1.08129,1.08153,1.50,1.50
2011.01.03 09:01:10.546,1.08132,1.08155,1.50,2.14
2011.01.03 09:01:10.927,1.08132,1.08155,1.13,2.14
2011.01.03 09:01:11.479,1.08132,1.08153,1.13,1.50
2011.01.03 09:01:12.209,1.08133,1.08153,1.13,1.50
2011.01.03 09:01:12.543,1.08133,1.08153,1.88,1.50
2011.01.03 09:01:12.784,1.08137,1.08157,1.39,1.50
2011.01.03 09:01:13.128,1.0814,1.08157,1.39,1.50
2011.01.03 09:01:13.249,1.08142,1.08163,1.39,1.88
2011.01.03 09:01:13.471,1.08142,1.08167,1.39,1.77
2011.01.03 09:01:13.810,1.08141,1.08164,1.13,1.50
2011.01.03 09:01:15.900,1.0814,1.08164,1.13,1.88
2011.01.03 09:01:16.598,1.08141,1.08164,1.13,1.50
2011.01.03 09:01:18.748,1.08139,1.08164,2.25,1.50
2011.01.03 09:01:21.339,1.08138,1.08164,1.39,1.88
2011.01.03 09:01:21.809,1.08138,1.08158,1.77,1.50
2011.01.03 09:01:23.029,1.08138,1.08158,1.13,1.50
2011.01.03 09:01:25.060,1.08139,1.08164,1.39,2.63
2011.01.03 09:01:25.719,1.08139,1.08164,4.39,2.63
2011.01.03 09:01:29.148,1.0814,1.08164,1.39,2.63
2011.01.03 09:01:30.109,1.0814,1.08164,1.39,2.63
2011.01.03 09:01:30.552,1.08139,1.08159,1.50,1.02
2011.01.03 09:01:31.055,1.08134,1.08158,1.88,1.50
2011.01.03 09:01:31.176,1.08131,1.08155,2.14,1.88
2011.01.03 09:01:31.515,1.08132,1.08152,1.50,1.02
2011.01.03 09:01:31.740,1.08127,1.08147,1.50,1.13
2011.01.03 09:01:31.960,1.08122,1.0815,4.13,1.13
2011.01.03 09:01:32.072,1.08124,1.08147,1.50,2.63
2011.01.03 09:01:32.356,1.08119,1.08146,1.77,1.13
2011.01.03 09:01:32.481,1.08117,1.08145,1.39,1.13
2011.01.03 09:01:32.820,1.08117,1.08139,1.39,1.50
2011.01.03 09:01:35.910,1.08123,1.08139,4.50,1.50
2011.01.03 09:01:36.215,1.08117,1.08142,1.39,1.13
2011.01.03 09:01:36.335,1.08128,1.08141,1.02,1.13
2011.01.03 09:01:36.452,1.08119,1.08141,2.52,1.13
2011.01.03 09:01:36.900,1.08117,1.0814,2.63,1.50
2011.01.03 09:01:37.540,1.08116,1.0814,1.13,1.50
2011.01.03 09:01:38.142,1.08116,1.0814,1.50,1.50
2011.01.03 09:01:38.711,1.08116,1.0814,1.77,1.50
2011.01.03 09:01:38.939,1.08116,1.0814,1.77,1.50
2011.01.03 09:01:41.533,1.08116,1.0814,1.13,2.14
2011.01.03 09:01:41.969,1.08113,1.08138,1.88,1.02
2011.01.03 09:01:42.302,1.08114,1.08136,1.50,1.13
2011.01.03 09:01:42.860,1.08114,1.08136,1.50,1.13
2011.01.03 09:01:43.207,1.08112,1.08139,1.13,4.50
2011.01.03 09:01:43.319,1.08112,1.08134,1.13,1.50
2011.01.03 09:01:43.869,1.08114,1.08134,1.13,1.50
2011.01.03 09:01:45.470,1.08115,1.08139,1.88,1.88
2011.01.03 09:01:46.037,1.08116,1.08139,1.50,1.88
2011.01.03 09:01:46.748,1.08116,1.08139,1.50,1.88
2011.01.03 09:01:47.865,1.08112,1.08134,2.52,1.13
2011.01.03 09:01:48.211,1.08111,1.08133,1.77,1.50
2011.01.03 09:01:53.055,1.08111,1.08131,1.50,1.77
2011.01.03 09:01:53.286,1.08108,1.08133,1.02,2.52
2011.01.03 09:01:53.850,1.08105,1.0813,1.13,2.25
2011.01.03 09:01:54.368,1.08103,1.08128,2.63,1.50
2011.01.03 09:01:54.730,1.08103,1.08128,2.25,1.88
2011.01.03 09:01:55.132,1.08097,1.08124,2.25,1.13
2011.01.03 09:01:55.473,1.08097,1.08121,1.50,1.02
2011.01.03 09:01:56.070,1.08097,1.08122,1.88,2.89
2011.01.03 09:01:56.579,1.08097,1.08122,2.63,2.63
2011.01.03 09:01:58.481,1.08097,1.08122,1.88,2.63
2011.01.03 09:02:00.579,1.08097,1.08122,1.88,2.25
2011.01.03 09:02:00.952,1.08106,1.08125,1.88,2.63
2011.01.03 09:02:01.081,1.08106,1.0813,1.50,1.50
2011.01.03 09:02:01.457,1.08116,1.08132,1.13,1.88
2011.01.03 09:02:01.589,1.08117,1.08138,1.50,1.50
2011.01.03 09:02:01.708,1.08117,1.08138,1.50,1.50
2011.01.03 09:02:01.944,1.08117,1.0814,1.50,1.88
2011.01.03 09:02:02.070,1.08121,1.08144,1.50,1.88
2011.01.03 09:02:02.184,1.08121,1.08146,1.50,1.50
2011.01.03 09:02:02.792,1.08125,1.08145,1.50,1.50
2011.01.03 09:02:04.561,1.08127,1.08149,1.13,1.50
2011.01.03 09:02:04.837,1.08127,1.08153,1.13,2.25
2011.01.03 09:02:04.960,1.08129,1.08151,1.13,1.50
2011.01.03 09:02:06.540,1.08129,1.08151,1.50,1.50
2011.01.03 09:02:07.209,1.0813,1.08151,1.13,1.50
2011.01.03 09:02:08.663,1.08131,1.08156,1.13,3.38
2011.01.03 09:02:09.438,1.08132,1.08155,1.50,2.63
2011.01.03 09:02:10.091,1.08132,1.08155,1.50,2.63
2011.01.03 09:02:10.213,1.08132,1.08152,1.50,1.13
2011.01.03 09:02:10.443,1.08129,1.08153,1.02,1.13
2011.01.03 09:02:10.563,1.08125,1.08149,3.00,1.02
2011.01.03 09:02:10.830,1.08125,1.08149,3.00,1.39
2011.01.03 09:02:11.064,1.0812,1.08145,2.14,1.88
2011.01.03 09:02:11.599,1.0812,1.08145,2.89,1.88
2011.01.03 09:02:11.970,1.0812,1.08145,2.89,1.88
2011.01.03 09:02:15.691,1.08121,1.08145,1.50,1.50
2011.01.03 09:02:15.968,1.08121,1.08148,1.50,1.13
2011.01.03 09:02:16.080,1.08124,1.0815,3.00,4.13
2011.01.03 09:02:16.640,1.08124,1.08149,4.50,2.25
2011.01.03 09:02:17.531,1.08124,1.08149,2.25,3.00
2011.01.03 09:02:18.148,1.08122,1.08145,1.50,1.50
2011.01.03 09:02:20.320,1.08122,1.08145,1.50,1.88
2011.01.03 09:02:22.399,1.08122,1.08145,1.50,1.50
2011.01.03 09:02:28.938,1.08122,1.08145,1.88,1.50
2011.01.03 09:02:29.969,1.08122,1.08145,1.88,1.50
2011.01.03 09:02:33.450,1.08121,1.08145,1.13,1.13
2011.01.03 09:02:34.137,1.08121,1.0814,1.50,1.50
2011.01.03 09:02:34.255,1.08121,1.08143,1.13,1.50
2011.01.03 09:02:34.811,1.08121,1.08142,1.50,1.50
2011.01.03 09:02:35.347,1.08121,1.08142,1.50,1.50
2011.01.03 09:02:36.132,1.08121,1.08143,1.50,1.50
2011.01.03 09:02:37.070,1.08121,1.0814,1.50,1.50
2011.01.03 09:02:37.299,1.08121,1.08143,1.50,1.50
2011.01.03 09:02:37.631,1.08121,1.08142,1.50,1.50
2011.01.03 09:02:38.014,1.08124,1.08142,1.13,1.50
2011.01.03 09:02:38.132,1.08124,1.08149,2.63,2.63
2011.01.03 09:02:38.250,1.08124,1.08149,3.00,1.50
2011.01.03 09:02:38.578,1.08125,1.08149,1.50,1.50
2011.01.03 09:02:39.303,1.08132,1.08149,4.50,1.50
2011.01.03 09:02:39.428,1.08131,1.08153,1.02,1.13
2011.01.03 09:02:39.544,1.08131,1.08153,1.39,1.13
2011.01.03 09:02:39.775,1.08135,1.08158,1.02,4.50
2011.01.03 09:02:40.250,1.08137,1.08158,1.13,1.50
2011.01.03 09:02:40.491,1.08145,1.08165,1.39,1.88
2011.01.03 09:02:41.031,1.08146,1.08169,3.64,1.50
2011.01.03 09:02:41.627,1.08146,1.08169,3.27,1.50
2011.01.03 09:02:43.955,1.08154,1.08169,1.50,1.50
2011.01.03 09:02:44.182,1.0816,1.08175,1.77,1.50
2011.01.03 09:02:44.508,1.08156,1.08181,1.02,1.88
2011.01.03 09:02:44.971,1.08155,1.08176,1.50,1.50
2011.01.03 09:02:45.581,1.08155,1.0818,2.25,2.25
2011.01.03 09:02:47.319,1.08156,1.08179,2.25,2.25
2011.01.03 09:02:47.542,1.08157,1.08179,1.13,2.25
2011.01.03 09:02:47.772,1.08155,1.08179,1.39,1.13
2011.01.03 09:02:48.006,1.08159,1.08179,1.02,1.13
2011.01.03 09:02:48.122,1.0816,1.0818,1.02,2.25
2011.01.03 09:02:48.459,1.08156,1.0818,1.13,2.25
2011.01.03 09:02:50.033,1.08155,1.0818,1.13,1.13
2011.01.03 09:02:50.467,1.08152,1.08173,1.88,1.50
2011.01.03 09:02:52.930,1.08152,1.08173,2.25,1.50
2011.01.03 09:02:53.496,1.08152,1.08173,2.25,1.50
2011.01.03 09:02:54.134,1.08155,1.08176,1.50,1.50
2011.01.03 09:02:54.374,1.08154,1.08181,2.25,1.50
2011.01.03 09:02:54.721,1.08156,1.08178,1.50,1.13
2011.01.03 09:02:55.322,1.08157,1.08174,1.50,1.50
2011.01.03 09:02:55.661,1.08153,1.08174,1.50,1.13
2011.01.03 09:02:55.889,1.08155,1.08176,1.50,1.13
2011.01.03 09:02:58.190,1.0815,1.08174,1.88,1.13
2011.01.03 09:02:58.610,1.0815,1.08172,1.50,1.13
2011.01.03 09:02:59.170,1.08151,1.08172,1.50,1.13
2011.01.03 09:03:00.359,1.08147,1.08172,1.88,1.13
2011.01.03 09:03:00.702,1.08147,1.08173,1.88,2.25
2011.01.03 09:03:01.027,1.08147,1.08173,1.88,2.25
2011.01.03 09:03:01.375,1.08148,1.08173,1.13,2.25
2011.01.03 09:03:01.713,1.08159,1.0818,1.88,1.50
2011.01.03 09:03:02.127,1.08156,1.0818,2.25,1.50
2011.01.03 09:03:04.351,1.08157,1.0818,1.13,1.88
2011.01.03 09:03:04.915,1.08157,1.08183,1.50,2.25
2011.01.03 09:03:05.363,1.08163,1.08183,1.50,1.50
2011.01.03 09:03:05.699,1.08165,1.08188,2.25,1.88
2011.01.03 09:03:06.580,1.08166,1.0819,1.88,2.25
2011.01.03 09:03:06.799,1.08166,1.0819,1.88,2.25
2011.01.03 09:03:07.240,1.08166,1.0819,1.88,1.50
2011.01.03 09:03:09.047,1.08166,1.0819,1.77,1.50
2011.01.03 09:03:09.608,1.08166,1.0819,2.14,1.50
2011.01.03 09:03:11.976,1.08165,1.08191,3.27,2.63
2011.01.03 09:03:12.199,1.08165,1.08191,2.63,4.02
2011.01.03 09:03:12.311,1.08162,1.0819,1.02,2.52
2011.01.03 09:03:12.653,1.08162,1.08184,1.02,1.13
2011.01.03 09:03:13.018,1.08158,1.08183,1.39,3.38
2011.01.03 09:03:13.410,1.08158,1.08183,1.13,1.50
2011.01.03 09:03:13.524,1.08158,1.08181,1.39,2.25
2011.01.03 09:03:14.096,1.08159,1.08181,1.39,2.25
2011.01.03 09:03:14.218,1.08156,1.08181,2.25,2.25
2011.01.03 09:03:14.451,1.08159,1.08182,1.88,2.25
2011.01.03 09:03:14.572,1.08159,1.08182,2.25,2.25
2011.01.03 09:03:15.069,1.08159,1.08182,2.25,2.25
2011.01.03 09:03:15.189,1.0816,1.08182,1.13,2.25
2011.01.03 09:03:15.309,1.08159,1.08182,2.25,2.25
2011.01.03 09:03:15.542,1.08159,1.08182,1.88,2.25
2011.01.03 09:03:15.870,1.08159,1.08182,2.63,2.25
2011.01.03 09:03:16.335,1.08159,1.08182,2.25,1.50
2011.01.03 09:03:16.679,1.08159,1.08182,1.88,2.25
2011.01.03 09:03:17.182,1.08159,1.08182,1.88,2.25
2011.01.03 09:03:17.739,1.08157,1.08182,3.00,2.63
2011.01.03 09:03:18.004,1.08157,1.08182,2.25,2.63
2011.01.03 09:03:18.131,1.08157,1.0818,1.50,2.25
2011.01.03 09:03:20.200,1.08157,1.0818,1.50,2.25
2011.01.03 09:03:20.442,1.08153,1.08181,2.25,1.02
2011.01.03 09:03:20.569,1.0815,1.08178,2.89,3.38
2011.01.03 09:03:21.275,1.08151,1.08174,1.50,1.88
2011.01.03 09:03:23.681,1.08151,1.08174,2.14,1.50
2011.01.03 09:03:23.802,1.08152,1.08174,1.02,1.50
2011.01.03 09:03:24.194,1.08157,1.0818,1.02,2.25
2011.01.03 09:03:24.321,1.08156,1.08181,2.52,2.25
2011.01.03 09:03:24.556,1.08156,1.08181,1.50,3.00
2011.01.03 09:03:25.169,1.08156,1.08181,1.50,3.38
2011.01.03 09:03:30.427,1.08154,1.08179,1.50,1.13
2011.01.03 09:03:30.958,1.08153,1.08178,1.88,1.88
2011.01.03 09:03:33.131,1.08153,1.08178,2.25,1.50
2011.01.03 09:03:33.913,1.08154,1.08178,1.88,1.50
2011.01.03 09:03:35.860,1.08154,1.08178,1.88,1.50
2011.01.03 09:03:37.220,1.08156,1.08178,1.50,1.50
2011.01.03 09:03:37.840,1.08156,1.08182,3.00,2.63
2011.01.03 09:03:38.349,1.08157,1.08182,1.13,2.63
2011.01.03 09:03:38.889,1.08156,1.08182,3.00,2.63
2011.01.03 09:03:40.592,1.08156,1.08182,1.88,3.00
2011.01.03 09:03:40.932,1.08156,1.08182,1.50,3.00
2011.01.03 09:03:43.425,1.08155,1.08181,3.83,1.88
2011.01.03 09:03:43.551,1.08164,1.08188,2.14,1.50
2011.01.03 09:03:43.789,1.08164,1.08189,3.64,1.13
2011.01.03 09:03:44.012,1.08164,1.08189,3.27,1.13
2011.01.03 09:03:44.262,1.08164,1.08188,3.00,1.13
2011.01.03 09:03:45.309,1.08164,1.08188,1.50,1.13
2011.01.03 09:03:47.728,1.08164,1.08185,1.50,1.13
2011.01.03 09:03:47.950,1.0816,1.08185,1.13,1.13
2011.01.03 09:03:48.172,1.08159,1.08183,1.88,1.13
2011.01.03 09:03:48.511,1.08159,1.08181,1.50,1.13
2011.01.03 09:03:49.810,1.08154,1.08179,1.50,1.13
2011.01.03 09:03:50.357,1.08154,1.08179,1.50,1.13
2011.01.03 09:03:54.501,1.08154,1.08178,1.50,1.13
2011.01.03 09:03:54.621,1.08151,1.08179,1.13,1.88
2011.01.03 09:03:54.749,1.08149,1.08175,2.25,2.25
2011.01.03 09:03:54.867,1.08146,1.08175,4.13,2.25
2011.01.03 09:03:55.269,1.08146,1.08173,4.13,1.13
2011.01.03 09:03:56.690,1.08148,1.08171,1.39,1.88
2011.01.03 09:03:57.980,1.08148,1.08171,1.39,1.88
2011.01.03 09:03:58.320,1.08145,1.08171,1.13,1.88
2011.01.03 09:03:58.441,1.08144,1.08168,4.13,1.88
2011.01.03 09:03:59.633,1.08144,1.08168,4.77,1.88
2011.01.03 09:03:59.971,1.08148,1.0817,1.39,2.63
2011.01.03 09:04:00.795,1.08147,1.0817,2.52,1.13
2011.01.03 09:04:01.028,1.08147,1.08169,1.50,1.13
2011.01.03 09:04:01.681,1.08145,1.08169,1.88,1.13
2011.01.03 09:04:04.426,1.08145,1.08169,2.14,2.63
2011.01.03 09:04:05.311,1.08146,1.08169,1.39,1.13
2011.01.03 09:04:05.540,1.0815,1.08171,1.39,2.25
2011.01.03 09:04:06.633,1.08153,1.08173,1.77,1.50
2011.01.03 09:04:06.916,1.08155,1.08177,2.25,1.88
2011.01.03 09:04:07.033,1.08156,1.0818,2.25,1.13
2011.01.03 09:04:08.300,1.08156,1.08181,2.25,1.13
2011.01.03 09:04:11.139,1.08156,1.08178,2.14,1.13
2011.01.03 09:04:11.580,1.08156,1.08178,3.27,1.13
2011.01.03 09:04:11.922,1.0816,1.08184,1.02,1.13
2011.01.03 09:04:12.551,1.08161,1.08184,1.88,1.13
2011.01.03 09:04:21.338,1.08161,1.08185,1.88,1.13
2011.01.03 09:04:21.672,1.08157,1.08184,1.50,1.50
2011.01.03 09:04:22.637,1.08157,1.0818,1.77,1.50
2011.01.03 09:04:23.003,1.08157,1.0818,2.14,1.88
2011.01.03 09:04:23.123,1.08158,1.08184,1.02,2.63
2011.01.03 09:04:28.429,1.0816,1.08183,2.25,2.25
2011.01.03 09:04:29.020,1.0816,1.08183,2.25,2.25
2011.01.03 09:04:32.323,1.0816,1.08183,1.50,2.63
2011.01.03 09:04:32.443,1.0816,1.08182,1.50,1.13
2011.01.03 09:04:32.833,1.08156,1.08179,1.50,1.13
2011.01.03 09:04:33.383,1.08157,1.0818,1.50,2.63
2011.01.03 09:04:39.965,1.08157,1.0818,1.77,2.63
2011.01.03 09:04:41.701,1.08157,1.0818,1.77,2.63
2011.01.03 09:04:42.601,1.08157,1.08178,1.77,3.00
2011.01.03 09:04:43.109,1.08146,1.08168,1.50,1.02
2011.01.03 09:04:43.226,1.0814,1.08162,1.88,1.13
2011.01.03 09:04:43.860,1.08137,1.08163,1.88,2.89
2011.01.03 09:04:43.971,1.08135,1.08161,3.27,1.13
2011.01.03 09:04:44.204,1.08135,1.08159,2.89,1.88
2011.01.03 09:04:44.813,1.08135,1.08159,2.14,2.25
2011.01.03 09:04:49.152,1.08136,1.08161,2.14,2.25
2011.01.03 09:04:49.720,1.08139,1.08161,1.39,2.25
2011.01.03 09:04:50.129,1.08136,1.08161,4.39,2.25
2011.01.03 09:04:51.141,1.08137,1.08161,1.39,1.50
2011.01.03 09:04:52.240,1.08137,1.08161,1.39,1.50
2011.01.03 09:04:54.340,1.08146,1.08166,1.02,2.63
2011.01.03 09:04:54.463,1.08146,1.08168,1.39,1.88
2011.01.03 09:04:54.705,1.08153,1.08169,1.13,1.50
2011.01.03 09:04:54.823,1.08155,1.08173,1.50,1.88
2011.01.03 09:04:55.284,1.08155,1.08179,3.38,1.13
2011.01.03 09:04:56.993,1.08155,1.08177,3.00,1.39
2011.01.03 09:04:57.111,1.08152,1.08175,2.25,3.00
2011.01.03 09:04:57.672,1.08146,1.0817,4.13,1.13
2011.01.03 09:04:58.191,1.08148,1.0817,1.50,1.13
2011.01.03 09:04:58.753,1.08148,1.0817,1.50,1.13
2011.01.03 09:05:00.372,1.08149,1.08171,1.02,2.25
2011.01.03 09:05:00.494,1.08149,1.08171,1.02,2.25
2011.01.03 09:05:00.878,1.08148,1.08171,1.88,2.25
2011.01.03 09:05:00.999,1.08148,1.08171,1.50,2.25
2011.01.03 09:05:02.296,1.08148,1.08171,1.88,2.25
2011.01.03 09:05:02.870,1.08149,1.08171,1.77,2.25
2011.01.03 09:05:02.990,1.08149,1.08171,1.77,2.25
2011.01.03 09:05:03.429,1.08148,1.08171,2.52,2.25
2011.01.03 09:05:04.587,1.08147,1.08171,1.88,2.63
2011.01.03 09:05:04.921,1.08147,1.08169,1.50,1.13
2011.01.03 09:05:10.358,1.08147,1.08171,1.50,2.63
2011.01.03 09:05:12.948,1.08147,1.0817,1.88,1.13
2011.01.03 09:05:13.343,1.08147,1.08171,2.25,2.25
2011.01.03 09:05:13.461,1.0815,1.08171,1.13,2.25
2011.01.03 09:05:13.585,1.08153,1.08171,1.77,1.50
2011.01.03 09:05:15.411,1.08154,1.08171,1.13,1.50
2011.01.03 09:05:16.629,1.08148,1.08175,1.13,1.50
2011.01.03 09:05:17.422,1.08149,1.08175,1.50,2.25
2011.01.03 09:05:17.982,1.08148,1.08172,2.25,1.50
2011.01.03 09:05:18.321,1.08148,1.08172,2.25,1.50
2011.01.03 09:05:18.660,1.08148,1.08172,2.63,1.50
2011.01.03 09:05:19.221,1.08147,1.08171,1.50,1.50
2011.01.03 09:05:19.560,1.08147,1.08169,1.50,1.50
2011.01.03 09:05:20.730,1.08147,1.08169,1.13,1.50
2011.01.03 09:05:23.570,1.08147,1.08169,1.13,1.50
2011.01.03 09:05:25.120,1.08145,1.08169,3.00,1.50
2011.01.03 09:05:25.461,1.08145,1.08169,2.52,1.88
2011.01.03 09:05:25.691,1.08145,1.08169,2.89,1.50
2011.01.03 09:05:28.221,1.08145,1.08169,1.77,1.50
2011.01.03 09:05:28.559,1.08149,1.08169,1.39,1.50
2011.01.03 09:05:29.631,1.08148,1.08169,1.50,1.50
2011.01.03 09:05:33.392,1.08145,1.08169,3.00,1.50
2011.01.03 09:05:33.511,1.08144,1.08169,2.25,1.88
2011.01.03 09:05:33.741,1.08143,1.08168,1.88,1.88
2011.01.03 09:05:35.240,1.0814,1.08167,2.89,2.52
2011.01.03 09:05:35.349,1.08145,1.08167,1.50,2.52
2011.01.03 09:05:35.801,1.08145,1.08165,1.50,2.89
2011.01.03 09:05:36.031,1.08139,1.08165,1.13,2.89
2011.01.03 09:05:36.311,1.08139,1.08159,1.13,1.50
2011.01.03 09:05:40.150,1.08139,1.08159,1.13,1.50
2011.01.03 09:05:40.588,1.08135,1.08159,4.39,1.50
2011.01.03 09:05:41.141,1.08135,1.08159,4.39,1.50
2011.01.03 09:05:42.851,1.08135,1.08159,4.02,1.50
2011.01.03 09:05:43.441,1.08139,1.08159,1.77,1.50
2011.01.03 09:05:43.912,1.08139,1.08163,1.77,1.50
2011.01.03 09:05:44.472,1.08139,1.08162,1.77,1.50
2011.01.03 09:05:45.041,1.08138,1.08162,3.27,1.50
2011.01.03 09:05:45.151,1.08138,1.08162,2.89,1.50
2011.01.03 09:05:45.485,1.08152,1.08168,1.13,1.88
2011.01.03 09:05:45.713,1.08149,1.08171,1.13,1.88
2011.01.03 09:05:46.077,1.08149,1.08173,1.13,1.50
2011.01.03 09:05:46.200,1.08147,1.08173,2.14,1.88
2011.01.03 09:05:46.312,1.08147,1.08173,2.14,1.88
2011.01.03 09:05:46.432,1.08147,1.08173,2.52,1.50
2011.01.03 09:05:46.880,1.08147,1.08173,2.14,2.63
2011.01.03 09:05:47.003,1.08147,1.08171,1.77,1.50
2011.01.03 09:05:47.308,1.08144,1.08169,2.25,1.65
2011.01.03 09:05:47.651,1.08141,1.08166,2.89,1.50
2011.01.03 09:05:47.991,1.08137,1.08165,1.88,3.38
2011.01.03 09:05:48.481,1.08135,1.08157,2.25,1.50
2011.01.03 09:05:48.821,1.08134,1.08155,1.50,2.52
2011.01.03 09:05:49.160,1.08128,1.08155,2.63,2.52
2011.01.03 09:05:49.610,1.08127,1.08151,2.52,1.13
2011.01.03 09:05:51.211,1.08127,1.0815,1.50,1.13
2011.01.03 09:05:55.800,1.08127,1.08149,1.50,1.13
2011.01.03 09:05:56.349,1.08127,1.0815,1.50,1.13
2011.01.03 09:06:05.327,1.08127,1.08146,1.50,1.13
2011.01.03 09:06:05.553,1.08127,1.08146,1.50,1.13
2011.01.03 09:06:05.961,1.08119,1.08139,1.88,1.13
2011.01.03 09:06:06.301,1.08115,1.08139,5.89,1.50
2011.01.03 09:06:06.787,1.08115,1.08136,3.64,1.50
2011.01.03 09:06:09.480,1.08119,1.08135,1.02,1.13
2011.01.03 09:06:09.592,1.08115,1.08135,3.64,1.13
2011.01.03 09:06:09.712,1.08115,1.0814,2.52,1.13
2011.01.03 09:06:10.279,1.08118,1.0814,1.88,1.13
2011.01.03 09:06:13.988,1.08118,1.08139,1.50,1.13
2011.01.03 09:06:14.542,1.08129,1.08142,1.02,2.25
2011.01.03 09:06:14.865,1.08145,1.08161,1.39,1.50
2011.01.03 09:06:14.987,1.08145,1.08165,1.39,1.50
2011.01.03 09:06:15.633,1.08146,1.0817,2.52,1.50
2011.01.03 09:06:16.187,1.08146,1.0817,4.77,1.50
2011.01.03 09:06:18.686,1.08146,1.0817,2.25,1.50
2011.01.03 09:06:18.910,1.08146,1.08169,1.50,1.13
2011.01.03 09:06:22.599,1.08146,1.08169,1.77,1.13
2011.01.03 09:06:23.872,1.08146,1.08169,1.77,1.13
2011.01.03 09:06:24.213,1.08155,1.0817,1.39,2.25
2011.01.03 09:06:24.333,1.08155,1.08174,1.39,1.88
2011.01.03 09:06:24.740,1.08156,1.0818,1.02,1.88
2011.01.03 09:06:25.344,1.08156,1.08176,1.02,1.50
2011.01.03 09:06:27.522,1.08157,1.08182,1.77,2.52
2011.01.03 09:06:27.871,1.0816,1.08182,1.39,3.38
2011.01.03 09:06:27.992,1.08163,1.08182,1.13,1.50
2011.01.03 09:06:39.241,1.08164,1.08182,1.13,1.50
2011.01.03 09:06:40.330,1.08164,1.08185,1.13,1.50
2011.01.03 09:06:40.878,1.08164,1.08184,1.13,1.50
2011.01.03 09:06:41.544,1.08166,1.0819,1.13,1.88
2011.01.03 09:06:41.990,1.08167,1.08191,3.27,1.50
2011.01.03 09:06:42.900,1.08168,1.08191,1.13,1.50
2011.01.03 09:06:43.012,1.08168,1.08191,1.13,1.88
2011.01.03 09:06:43.240,1.08165,1.0819,1.13,1.13
2011.01.03 09:06:43.352,1.08165,1.0819,2.63,1.50
2011.01.03 09:06:43.581,1.08165,1.08186,1.88,1.88
2011.01.03 09:06:47.020,1.08162,1.08186,2.52,2.25
2011.01.03 09:06:47.131,1.08162,1.08186,2.14,2.25
2011.01.03 09:06:47.472,1.08158,1.08183,1.13,1.02
2011.01.03 09:06:48.030,1.08158,1.08182,1.13,1.50
2011.01.03 09:06:48.710,1.08158,1.08182,1.13,1.50
2011.01.03 09:06:50.364,1.08158,1.08182,1.13,2.52
2011.01.03 09:06:50.702,1.08156,1.08178,1.13,2.14
2011.01.03 09:06:50.821,1.08155,1.08178,1.13,2.14
2011.01.03 09:06:51.359,1.08155,1.08176,1.13,1.50
2011.01.03 09:06:53.021,1.08155,1.08176,2.14,1.50
2011.01.03 09:06:53.250,1.08155,1.0818,3.64,2.25
2011.01.03 09:06:54.331,1.08156,1.0818,1.50,3.64
2011.01.03 09:06:54.452,1.08155,1.0818,2.89,2.25
2011.01.03 09:06:54.790,1.08154,1.08179,1.88,1.39
2011.01.03 09:06:55.133,1.08152,1.08177,1.39,2.14
2011.01.03 09:06:55.469,1.08152,1.08174,1.13,1.50
2011.01.03 09:06:57.789,1.08152,1.08174,1.13,1.88
2011.01.03 09:06:58.120,1.08149,1.08174,1.13,2.25
2011.01.03 09:06:58.340,1.08148,1.08174,2.25,1.88
2011.01.03 09:06:58.891,1.08149,1.08174,1.13,2.25
2011.01.03 09:06:59.570,1.08146,1.08172,2.14,2.25
2011.01.03 09:07:00.171,1.08146,1.08172,2.14,2.25
2011.01.03 09:07:00.721,1.08146,1.08172,2.14,2.25
2011.01.03 09:07:03.103,1.08156,1.08172,1.13,2.52
2011.01.03 09:07:03.532,1.08165,1.08189,1.02,2.25
2011.01.03 09:07:03.891,1.08164,1.08187,3.00,1.13
2011.01.03 09:07:04.010,1.08164,1.08187,1.50,1.50
2011.01.03 09:07:04.132,1.08159,1.08181,1.88,1.13
2011.01.03 09:07:04.360,1.08159,1.08181,1.50,1.13
2011.01.03 09:07:07.599,1.08159,1.08181,1.88,1.13
2011.01.03 09:07:08.401,1.08162,1.08183,1.50,1.77
2011.01.03 09:07:08.528,1.08165,1.08188,1.39,2.63
2011.01.03 09:07:09.082,1.08165,1.08191,2.89,2.63
2011.01.03 09:07:09.752,1.08165,1.08191,2.89,2.25
2011.01.03 09:07:10.326,1.08165,1.08191,3.27,2.25
2011.01.03 09:07:10.553,1.08165,1.08191,3.27,1.50
2011.01.03 09:07:11.159,1.08168,1.08191,1.13,1.50
2011.01.03 09:07:11.822,1.08168,1.08191,1.50,1.50
2011.01.03 09:07:12.061,1.08175,1.08197,1.02,1.88
2011.01.03 09:07:12.513,1.08176,1.082,2.14,2.25
2011.01.03 09:07:13.033,1.08176,1.082,2.52,2.25
2011.01.03 09:07:13.990,1.08176,1.08199,1.77,1.13
2011.01.03 09:07:14.434,1.08176,1.08198,1.77,1.13
2011.01.03 09:07:15.924,1.08176,1.082,1.77,2.63
2011.01.03 09:07:16.150,1.08174,1.08201,2.89,2.63
2011.01.03 09:07:16.480,1.08174,1.082,2.89,1.13
2011.01.03 09:07:17.141,1.08175,1.08199,2.52,1.13
2011.01.03 09:07:17.532,1.08175,1.08199,2.14,1.13
2011.01.03 09:07:18.089,1.08175,1.08199,2.14,1.13
2011.01.03 09:07:18.789,1.08175,1.08199,2.14,1.13
2011.01.03 09:07:19.010,1.08175,1.08201,2.14,2.63
2011.01.03 09:07:19.574,1.08175,1.08199,1.77,1.13
2011.01.03 09:07:20.141,1.08174,1.08195,1.50,1.13
2011.01.03 09:07:20.528,1.08172,1.08196,1.13,2.25
2011.01.03 09:07:20.646,1.08176,1.08196,1.02,2.25
2011.01.03 09:07:20.759,1.08175,1.08198,2.52,2.63
2011.01.03 09:07:20.872,1.08175,1.08198,2.52,1.88
2011.01.03 09:07:21.104,1.08175,1.082,2.52,2.25
2011.01.03 09:07:21.220,1.08175,1.082,2.14,2.25
2011.01.03 09:07:21.578,1.08175,1.082,2.14,2.25
2011.01.03 09:07:21.911,1.08175,1.082,2.52,2.25
2011.01.03 09:07:22.131,1.08175,1.082,2.14,2.25
2011.01.03 09:07:23.240,1.08175,1.082,2.14,2.25
2011.01.03 09:07:24.203,1.08175,1.082,2.14,2.25
2011.01.03 09:07:25.020,1.08176,1.08199,2.14,2.25
2011.01.03 09:07:26.455,1.08176,1.08198,1.77,1.13
2011.01.03 09:07:27.269,1.08176,1.08199,1.77,3.00
2011.01.03 09:07:30.232,1.08175,1.08199,2.52,2.25
2011.01.03 09:07:30.829,1.08175,1.08197,2.14,1.13
2011.01.03 09:07:36.110,1.08175,1.08195,2.14,1.13
2011.01.03 09:07:37.744,1.08171,1.08194,2.14,1.88
2011.01.03 09:07:38.051,1.08171,1.08187,1.50,1.02
2011.01.03 09:07:38.172,1.08164,1.08185,1.88,1.13
2011.01.03 09:07:38.512,1.08161,1.08185,1.88,1.39
2011.01.03 09:07:38.893,1.08157,1.08182,2.25,1.13
2011.01.03 09:07:39.234,1.0816,1.08182,1.02,2.25
2011.01.03 09:07:39.685,1.0816,1.08182,1.02,2.63
2011.01.03 09:07:39.953,1.08159,1.08182,1.50,2.63
2011.01.03 09:07:40.085,1.08155,1.08182,1.39,2.25
2011.01.03 09:07:41.913,1.08155,1.08176,1.50,1.13
2011.01.03 09:07:42.181,1.08152,1.08176,1.50,1.13
2011.01.03 09:07:42.311,1.08152,1.08173,1.50,1.13
2011.01.03 09:07:42.762,1.08146,1.08168,1.77,1.50
2011.01.03 09:07:43.395,1.08145,1.08168,4.77,2.25
2011.01.03 09:07:43.962,1.08146,1.08168,1.02,1.50
2011.01.03 09:07:44.084,1.08147,1.08168,1.77,1.50
2011.01.03 09:07:44.265,1.08149,1.08172,1.39,2.25
2011.01.03 09:07:44.388,1.08149,1.08172,1.39,1.50
2011.01.03 09:07:44.940,1.08149,1.08171,1.39,1.50
2011.01.03 09:07:46.195,1.08148,1.08172,1.39,1.50
2011.01.03 09:07:46.314,1.08149,1.08172,1.13,1.50
2011.01.03 09:07:46.649,1.08149,1.08169,1.50,1.50
2011.01.03 09:07:50.421,1.08149,1.08173,1.50,1.50
2011.01.03 09:07:51.320,1.08148,1.08173,1.02,1.88
2011.01.03 09:07:51.431,1.08147,1.08168,1.13,1.50
2011.01.03 09:07:52.024,1.08145,1.08167,3.64,1.13
2011.01.03 09:07:53.273,1.08145,1.08168,4.02,2.25
2011.01.03 09:07:53.830,1.08145,1.08168,2.14,1.50
2011.01.03 09:07:55.669,1.08145,1.08168,2.14,1.88
2011.01.03 09:07:56.239,1.08145,1.08168,2.14,1.50
2011.01.03 09:07:57.451,1.08149,1.08168,1.39,1.50
2011.01.03 09:07:57.572,1.08145,1.08168,2.89,1.50
2011.01.03 09:07:59.262,1.08145,1.08168,2.14,1.88
2011.01.03 09:08:01.090,1.08145,1.08167,2.14,1.13
2011.01.03 09:08:01.413,1.08144,1.08166,1.50,1.13
2011.01.03 09:08:01.862,1.08145,1.08164,1.50,1.13
2011.01.03 09:08:02.225,1.08136,1.08163,1.02,1.02
2011.01.03 09:08:02.467,1.08136,1.08162,2.89,1.13
2011.01.03 09:08:03.155,1.08136,1.0816,2.14,1.13
2011.01.03 09:08:03.383,1.08136,1.0816,2.14,1.13
2011.01.03 09:08:04.091,1.08134,1.0816,2.89,2.25
2011.01.03 09:08:04.221,1.08134,1.0816,2.89,2.63
2011.01.03 09:08:04.801,1.08134,1.08159,2.89,2.25
2011.01.03 09:08:04.922,1.08134,1.08158,1.50,1.39
2011.01.03 09:08:05.041,1.08134,1.08155,1.50,1.13
2011.01.03 09:08:05.313,1.08132,1.08155,1.50,1.13
2011.01.03 09:08:05.774,1.08128,1.08151,3.38,1.13
2011.01.03 09:08:05.892,1.08126,1.08151,1.02,1.13
2011.01.03 09:08:06.096,1.08126,1.08152,1.39,1.13
2011.01.03 09:08:06.485,1.08126,1.08149,2.89,1.50
2011.01.03 09:08:07.394,1.08126,1.08149,3.64,1.50
2011.01.03 09:08:07.522,1.08135,1.08158,1.02,2.63
2011.01.03 09:08:07.754,1.08135,1.08159,2.14,2.63
2011.01.03 09:08:08.302,1.08136,1.08159,1.39,2.25
2011.01.03 09:08:08.428,1.08136,1.08158,1.02,1.50
2011.01.03 09:08:09.790,1.08136,1.08159,1.02,1.50
2011.01.03 09:08:11.679,1.08136,1.08159,1.02,1.88
2011.01.03 09:08:12.238,1.08135,1.08159,4.39,1.88
2011.01.03 09:08:14.972,1.08135,1.08159,4.39,1.50
2011.01.03 09:08:15.205,1.0814,1.08159,1.13,1.50
2011.01.03 09:08:15.571,1.08145,1.08167,2.14,1.50
2011.01.03 09:08:15.688,1.08145,1.08168,2.52,1.88
2011.01.03 09:08:15.807,1.08146,1.08168,1.02,1.50
2011.01.03 09:08:16.191,1.08145,1.08168,2.52,1.50
2011.01.03 09:08:16.760,1.08147,1.08168,1.02,1.50
2011.01.03 09:08:17.861,1.08146,1.08168,1.02,1.50
2011.01.03 09:08:20.443,1.08146,1.08168,1.02,1.50
2011.01.03 09:08:21.460,1.08146,1.08168,1.02,1.50
2011.01.03 09:08:22.069,1.08148,1.08168,1.13,1.50
2011.01.03 09:08:22.477,1.0815,1.0817,1.77,1.50
2011.01.03 09:08:23.834,1.08149,1.0817,1.13,1.50
2011.01.03 09:08:24.391,1.08146,1.0817,2.63,1.50
2011.01.03 09:08:24.614,1.08146,1.0817,1.88,1.88
2011.01.03 09:08:24.731,1.08146,1.0817,1.88,1.50
2011.01.03 09:08:25.140,1.08145,1.08167,2.52,1.50
2011.01.03 09:08:26.569,1.08145,1.08167,4.02,1.50
2011.01.03 09:08:29.909,1.08146,1.08171,1.02,2.25
2011.01.03 09:08:30.031,1.08147,1.08171,1.02,2.25
2011.01.03 09:08:30.394,1.08152,1.08171,1.39,1.50
2011.01.03 09:08:31.920,1.08152,1.08171,1.50,1.50
2011.01.03 09:08:32.140,1.08151,1.08171,1.50,1.50
2011.01.03 09:08:34.063,1.08152,1.08171,1.77,1.50
2011.01.03 09:08:34.187,1.08155,1.08174,1.50,1.50
2011.01.03 09:08:34.306,1.08155,1.08179,3.38,1.88
2011.01.03 09:08:34.803,1.08164,1.08179,1.02,1.50
2011.01.03 09:08:34.922,1.08164,1.08185,2.52,1.50
2011.01.03 09:08:35.373,1.08164,1.08187,2.14,1.13
2011.01.03 09:08:35.963,1.08166,1.08189,1.39,1.50
2011.01.03 09:08:36.584,1.0817,1.0819,1.02,1.50
2011.01.03 09:08:36.932,1.08169,1.0819,1.77,1.50
2011.01.03 09:08:37.052,1.08169,1.08194,1.77,1.50
2011.01.03 09:08:37.692,1.08173,1.08193,1.13,1.50
2011.01.03 09:08:38.929,1.08173,1.08193,1.13,1.50
2011.01.03 09:08:40.172,1.08173,1.08193,1.50,1.50
2011.01.03 09:08:40.788,1.08171,1.08193,1.13,1.50
2011.01.03 09:08:40.904,1.08168,1.08193,1.13,1.88
2011.01.03 09:08:41.132,1.08166,1.08191,3.00,1.13
2011.01.03 09:08:41.373,1.08166,1.08191,2.52,2.63
2011.01.03 09:08:43.573,1.0817,1.08191,1.02,2.25
2011.01.03 09:08:43.983,1.08174,1.08191,1.02,1.50
2011.01.03 09:08:44.331,1.08175,1.08199,2.52,4.13
2011.01.03 09:08:44.817,1.08184,1.08199,1.13,1.50
2011.01.03 09:08:45.173,1.08194,1.08206,2.52,1.88
2011.01.03 09:08:45.421,1.08194,1.08212,2.52,1.88
2011.01.03 09:08:45.544,1.08194,1.08218,2.14,1.50
2011.01.03 09:08:45.991,1.08194,1.08218,1.50,2.14
2011.01.03 09:08:46.529,1.08196,1.08222,1.13,4.50
2011.01.03 09:08:46.646,1.08204,1.08221,1.13,1.88
2011.01.03 09:08:46.768,1.08198,1.08222,1.39,1.88
2011.01.03 09:08:46.884,1.08213,1.08227,1.02,1.88
2011.01.03 09:08:47.348,1.08213,1.08236,1.39,1.50
2011.01.03 09:08:47.469,1.08213,1.08236,1.77,1.50
2011.01.03 09:08:47.589,1.08213,1.08239,1.77,1.50
2011.01.03 09:08:47.707,1.08217,1.08232,1.13,1.50
2011.01.03 09:08:48.055,1.08218,1.08239,1.39,1.50
2011.01.03 09:08:48.714,1.0822,1.0824,1.13,1.50
2011.01.03 09:08:49.322,1.08218,1.0824,1.39,1.50
2011.01.03 09:08:49.452,1.08216,1.08239,2.14,1.50
2011.01.03 09:08:49.571,1.08216,1.08239,1.88,1.50
2011.01.03 09:08:50.187,1.08216,1.08238,2.14,1.50
2011.01.03 09:08:50.416,1.08216,1.0824,1.13,1.50
2011.01.03 09:08:50.728,1.08216,1.0824,1.13,1.50
2011.01.03 09:08:51.061,1.08215,1.08238,2.25,1.50
2011.01.03 09:08:51.544,1.08217,1.08238,1.50,1.50
2011.01.03 09:08:51.891,1.08219,1.08241,1.50,1.50
2011.01.03 09:08:52.505,1.08219,1.08241,1.13,1.50
2011.01.03 09:08:52.841,1.08219,1.08239,1.13,1.88
2011.01.03 09:08:53.775,1.08216,1.08239,1.88,2.25
2011.01.03 09:08:54.020,1.08216,1.08237,1.50,1.13
2011.01.03 09:08:54.134,1.08214,1.08236,1.50,1.13
2011.01.03 09:08:54.421,1.08212,1.08235,1.50,1.13
2011.01.03 09:08:55.000,1.0821,1.08233,2.25,1.88
2011.01.03 09:08:55.636,1.0821,1.08233,2.63,1.88
2011.01.03 09:08:55.759,1.08211,1.08238,1.13,1.13
2011.01.03 09:08:55.872,1.08212,1.0824,1.77,2.25
2011.01.03 09:08:56.550,1.0822,1.08242,1.50,1.13
2011.01.03 09:08:57.240,1.0822,1.08243,1.50,2.63
2011.01.03 09:08:57.790,1.0822,1.08243,2.63,1.50
2011.01.03 09:09:00.110,1.08221,1.08243,1.13,1.77
2011.01.03 09:09:00.660,1.08221,1.08243,1.13,1.77
2011.01.03 09:09:01.043,1.0822,1.08241,1.50,1.39
2011.01.03 09:09:01.451,1.08217,1.0824,1.50,1.02
2011.01.03 09:09:02.034,1.08217,1.0824,1.88,2.25
2011.01.03 09:09:02.413,1.08221,1.08245,1.13,1.50
2011.01.03 09:09:03.026,1.08227,1.08245,1.13,3.00
2011.01.03 09:09:03.260,1.08234,1.08259,1.39,1.50
2011.01.03 09:09:03.372,1.08235,1.08253,1.02,1.88
2011.01.03 09:09:03.724,1.08236,1.08261,1.88,1.50
2011.01.03 09:09:04.173,1.08236,1.08261,1.88,1.50
2011.01.03 09:09:06.041,1.08236,1.08261,2.25,1.50
2011.01.03 09:09:06.722,1.08239,1.08261,2.63,1.50
2011.01.03 09:09:07.322,1.0824,1.08261,1.13,1.50
2011.01.03 09:09:07.961,1.08238,1.08261,1.13,1.50
2011.01.03 09:09:08.530,1.08235,1.0826,1.77,2.25
2011.01.03 09:09:10.509,1.08235,1.0826,1.77,2.25
2011.01.03 09:09:10.731,1.08235,1.0826,2.52,2.25
2011.01.03 09:09:11.168,1.08237,1.08262,1.13,1.50
2011.01.03 09:09:11.720,1.08237,1.08262,1.50,1.50
2011.01.03 09:09:12.557,1.08237,1.08262,1.13,1.50
2011.01.03 09:09:13.442,1.08237,1.08262,1.13,1.50
2011.01.03 09:09:13.874,1.08252,1.08262,1.02,1.50
2011.01.03 09:09:14.120,1.08251,1.0827,1.02,1.50
2011.01.03 09:09:14.680,1.08251,1.08271,1.13,1.50
2011.01.03 09:09:16.860,1.08249,1.08271,1.13,1.50
2011.01.03 09:09:20.124,1.08249,1.08271,1.13,3.27
2011.01.03 09:09:20.461,1.08245,1.08269,2.63,1.02
2011.01.03 09:09:20.942,1.08245,1.0827,2.25,1.02
2011.01.03 09:09:22.544,1.08245,1.08271,3.75,1.88
2011.01.03 09:09:22.787,1.08245,1.08265,2.25,1.50
2011.01.03 09:09:23.144,1.08246,1.08271,1.02,2.25
2011.01.03 09:09:23.702,1.08247,1.0827,1.13,1.88
2011.01.03 09:09:24.259,1.08247,1.08269,1.13,1.50
2011.01.03 09:09:24.832,1.08247,1.08269,1.13,1.50
2011.01.03 09:09:25.491,1.08247,1.08269,1.13,1.50
2011.01.03 09:09:26.073,1.08247,1.08271,1.13,1.88
2011.01.03 09:09:26.651,1.08247,1.08271,1.13,1.88
2011.01.03 09:09:27.142,1.08251,1.08271,1.88,1.88
2011.01.03 09:09:27.261,1.08254,1.08277,1.13,3.00
2011.01.03 09:09:30.565,1.08258,1.08278,1.13,1.13
2011.01.03 09:09:30.797,1.08265,1.08284,2.14,3.38
2011.01.03 09:09:30.917,1.08265,1.08284,1.13,1.88
2011.01.03 09:09:31.035,1.08265,1.08291,2.14,4.50
2011.01.03 09:09:31.229,1.08266,1.08291,1.02,4.50
2011.01.03 09:09:31.354,1.08265,1.08291,1.39,1.13
2011.01.03 09:09:31.594,1.08265,1.08291,1.50,2.14
2011.01.03 09:09:31.711,1.08266,1.08291,1.02,1.13
2011.01.03 09:09:32.281,1.08264,1.08289,2.25,1.02
2011.01.03 09:09:32.632,1.08261,1.08285,1.39,1.50
2011.01.03 09:09:33.132,1.08264,1.08288,1.13,1.50
2011.01.03 09:09:33.579,1.08265,1.08288,1.13,1.50
2011.01.03 09:09:34.550,1.08267,1.08288,1.13,1.50
2011.01.03 09:09:34.773,1.08267,1.08292,1.50,3.38
2011.01.03 09:09:35.269,1.0827,1.08295,1.50,3.75
2011.01.03 09:09:35.625,1.08281,1.08307,1.39,1.50
2011.01.03 09:09:35.948,1.08284,1.08303,1.13,1.88
2011.01.03 09:09:36.301,1.08286,1.08307,1.13,1.50
2011.01.03 09:09:37.221,1.08294,1.08307,1.50,1.50
2011.01.03 09:09:37.694,1.08299,1.08308,1.02,3.00
2011.01.03 09:09:37.820,1.08301,1.0832,1.02,1.50
2011.01.03 09:09:37.936,1.08303,1.08324,1.13,3.64
2011.01.03 09:09:38.053,1.083,1.08319,1.13,1.50
2011.01.03 09:09:38.577,1.08301,1.08319,1.13,1.50
2011.01.03 09:09:39.023,1.08302,1.08319,1.13,1.50
2011.01.03 09:09:39.143,1.08302,1.08323,1.13,3.38
2011.01.03 09:09:39.546,1.08299,1.08323,1.13,1.88
2011.01.03 09:09:40.204,1.08299,1.08323,1.13,1.50
2011.01.03 09:09:40.433,1.08301,1.08323,1.13,1.50
2011.01.03 09:09:40.949,1.08292,1.08321,3.00,2.25
2011.01.03 09:09:41.070,1.08294,1.0832,1.13,1.88
2011.01.03 09:09:41.513,1.08294,1.0832,1.13,1.50
2011.01.03 09:09:41.918,1.08296,1.08322,1.39,1.13
2011.01.03 09:09:42.038,1.08295,1.08323,1.88,1.50
2011.01.03 09:09:42.264,1.08294,1.08321,2.25,1.50
2011.01.03 09:09:42.754,1.08292,1.08318,1.50,1.13
2011.01.03 09:09:42.997,1.08288,1.08313,1.88,1.13
2011.01.03 09:09:43.372,1.08289,1.08311,1.50,1.39
2011.01.03 09:09:43.498,1.08285,1.08311,1.50,1.39
2011.01.03 09:09:43.946,1.08292,1.08312,1.13,1.88
2011.01.03 09:09:44.175,1.08291,1.08318,1.88,2.63
2011.01.03 09:09:44.843,1.08289,1.08311,2.25,1.02
2011.01.03 09:09:45.181,1.08288,1.08315,2.52,1.50
2011.01.03 09:09:45.302,1.08288,1.08315,1.50,1.88
2011.01.03 09:09:45.531,1.08288,1.08315,2.63,3.75
2011.01.03 09:09:46.052,1.08289,1.08315,1.13,2.63
2011.01.03 09:09:46.176,1.08294,1.08315,1.02,2.63
2011.01.03 09:09:46.767,1.08296,1.08315,1.77,1.88
2011.01.03 09:09:46.890,1.08296,1.08318,1.50,1.50
2011.01.03 09:09:47.453,1.08296,1.08322,1.13,2.25
2011.01.03 09:09:49.482,1.08296,1.08317,1.13,1.50
2011.01.03 09:09:51.782,1.08293,1.08317,1.13,1.88
2011.01.03 09:09:52.119,1.08291,1.08318,1.13,1.88
2011.01.03 09:09:52.231,1.08295,1.08318,2.25,2.25
2011.01.03 09:09:52.634,1.08292,1.08318,1.13,3.00
2011.01.03 09:09:54.020,1.08291,1.08316,1.13,2.25
2011.01.03 09:09:54.742,1.0829,1.08316,2.63,2.25
2011.01.03 09:09:55.722,1.0829,1.08313,2.25,1.02
2011.01.03 09:09:55.937,1.08287,1.08311,2.25,1.02
2011.01.03 09:09:56.322,1.08283,1.08309,2.63,1.13
2011.01.03 09:09:56.443,1.08281,1.08309,2.25,2.63
2011.01.03 09:09:57.524,1.08281,1.08305,1.50,1.88
2011.01.03 09:09:57.863,1.08275,1.08299,2.63,1.13
2011.01.03 09:09:58.159,1.08275,1.083,1.50,1.02
2011.01.03 09:09:58.385,1.08275,1.08295,1.50,1.13
2011.01.03 09:09:58.623,1.08266,1.08294,2.14,1.13
2011.01.03 09:09:58.999,1.08265,1.08293,2.63,1.50
2011.01.03 09:09:59.549,1.08267,1.08293,1.13,2.25
2011.01.03 09:09:59.883,1.08268,1.08294,1.50,1.02
2011.01.03 09:10:00.240,1.08271,1.08295,1.13,1.50
2011.01.03 09:10:00.461,1.08271,1.08296,1.50,2.25
2011.01.03 09:10:00.813,1.08267,1.08292,1.13,1.39
2011.01.03 09:10:00.931,1.08265,1.0829,2.25,1.02
2011.01.03 09:10:01.440,1.08265,1.08289,2.25,1.02
2011.01.03 09:10:01.991,1.08265,1.08289,1.88,1.77
2011.01.03 09:10:02.637,1.08265,1.08289,1.88,1.02
2011.01.03 09:10:02.765,1.08265,1.08293,2.25,5.52
2011.01.03 09:10:02.883,1.08267,1.08293,1.02,3.38
2011.01.03 09:10:03.111,1.08268,1.08294,1.02,1.88
2011.01.03 09:10:03.233,1.08268,1.08296,1.02,3.00
2011.01.03 09:10:03.751,1.0827,1.08296,1.13,3.00
2011.01.03 09:10:04.301,1.0827,1.08296,1.13,3.00
2011.01.03 09:10:04.425,1.08268,1.08295,2.89,1.13
2011.01.03 09:10:04.746,1.08266,1.0829,1.50,1.13
2011.01.03 09:10:06.283,1.08266,1.08289,1.88,1.13
2011.01.03 09:10:06.622,1.08268,1.08292,1.39,1.13
2011.01.03 09:10:06.826,1.08269,1.08292,1.77,1.13
2011.01.03 09:10:07.400,1.08269,1.08293,1.88,1.13
2011.01.03 09:10:09.440,1.08269,1.08292,1.50,1.50
2011.01.03 09:10:09.561,1.08266,1.0829,1.50,1.13
2011.01.03 09:10:10.141,1.08265,1.08287,3.00,1.13
2011.01.03 09:10:12.311,1.08265,1.08289,3.00,1.50
2011.01.03 09:10:12.649,1.08265,1.0829,3.38,1.13
2011.01.03 09:10:14.547,1.08268,1.0829,1.39,1.13
2011.01.03 09:10:14.770,1.08268,1.08294,1.39,1.13
2011.01.03 09:10:15.541,1.08268,1.08294,2.14,1.13
2011.01.03 09:10:17.922,1.08268,1.08294,1.77,1.50
2011.01.03 09:10:18.153,1.08266,1.08294,2.25,2.25
2011.01.03 09:10:18.741,1.08266,1.08289,1.50,1.50
2011.01.03 09:10:23.425,1.08264,1.0828,1.77,1.50
2011.01.03 09:10:23.546,1.08255,1.08276,1.39,2.25
2011.01.03 09:10:23.665,1.08256,1.08272,1.88,1.02
2011.01.03 09:10:23.786,1.08253,1.08273,1.88,1.02
2011.01.03 09:10:24.078,1.08247,1.08272,2.25,1.50
2011.01.03 09:10:24.195,1.08249,1.08272,1.77,1.13
2011.01.03 09:10:24.312,1.08249,1.08275,1.77,1.88
2011.01.03 09:10:25.324,1.08251,1.08277,2.63,1.13
2011.01.03 09:10:25.774,1.08251,1.08279,2.89,2.63
2011.01.03 09:10:26.004,1.08256,1.08281,1.13,1.13
2011.01.03 09:10:26.396,1.08254,1.0828,1.88,1.13
2011.01.03 09:10:26.518,1.08256,1.0828,2.63,1.50
2011.01.03 09:10:26.632,1.08256,1.08284,3.00,3.38
2011.01.03 09:10:26.970,1.08257,1.08284,1.88,1.13
2011.01.03 09:10:27.593,1.0826,1.08286,1.88,2.63
2011.01.03 09:10:27.711,1.0826,1.08286,1.88,2.63
2011.01.03 09:10:28.261,1.0826,1.08286,1.88,3.00
2011.01.03 09:10:29.233,1.0826,1.08286,1.88,3.00
2011.01.03 09:10:29.790,1.0826,1.08286,1.88,3.00
2011.01.03 09:10:30.516,1.0826,1.08286,1.88,2.63
2011.01.03 09:10:31.428,1.0826,1.08286,1.88,2.63
2011.01.03 09:10:31.759,1.0826,1.08286,1.88,3.00
2011.01.03 09:10:31.980,1.0826,1.08286,1.50,3.27
2011.01.03 09:10:32.286,1.0826,1.08281,1.50,1.13
2011.01.03 09:10:33.362,1.0826,1.08281,1.50,1.13
2011.01.03 09:10:34.822,1.08259,1.08281,1.50,1.13
2011.01.03 09:10:35.162,1.08259,1.08282,1.50,1.50
2011.01.03 09:10:35.283,1.08261,1.08282,1.50,1.50
2011.01.03 09:10:35.402,1.08263,1.08288,1.13,1.50
2011.01.03 09:10:35.521,1.08265,1.08288,1.50,1.50
2011.01.03 09:10:39.283,1.08265,1.08285,1.50,1.13
2011.01.03 09:10:39.898,1.08264,1.08285,1.50,1.13
2011.01.03 09:10:40.244,1.08264,1.08285,1.88,1.13
2011.01.03 09:10:40.952,1.08265,1.08285,1.88,1.13
2011.01.03 09:10:42.284,1.08265,1.08287,1.88,1.13
2011.01.03 09:10:42.625,1.08266,1.0829,2.25,1.13
2011.01.03 09:10:43.070,1.08269,1.0829,1.88,1.13
2011.01.03 09:10:43.622,1.08269,1.08288,1.50,1.02
2011.01.03 09:10:44.026,1.08267,1.08288,1.50,1.77
2011.01.03 09:10:44.364,1.08266,1.08288,1.88,1.39
2011.01.03 09:10:44.481,1.08266,1.08289,1.88,1.13
2011.01.03 09:10:44.994,1.08268,1.0829,1.88,1.13
2011.01.03 09:10:47.110,1.08268,1.0829,1.88,1.13
2011.01.03 09:10:47.427,1.08268,1.0829,1.50,1.13
2011.01.03 09:10:47.720,1.08268,1.0829,1.88,1.13
2011.01.03 09:10:49.496,1.08268,1.08288,1.50,1.13
2011.01.03 09:10:49.824,1.08265,1.08286,1.50,1.13
2011.01.03 09:10:50.387,1.08265,1.08287,1.50,1.88
2011.01.03 09:10:50.782,1.08269,1.08288,1.50,1.88
2011.01.03 09:10:52.018,1.08264,1.08286,1.50,1.13
2011.01.03 09:10:52.852,1.08264,1.08287,1.50,1.50
2011.01.03 09:10:52.972,1.08264,1.08287,1.50,1.13
2011.01.03 09:10:54.064,1.08261,1.08287,2.63,1.88
2011.01.03 09:10:54.620,1.08262,1.08285,1.50,1.88
2011.01.03 09:10:57.460,1.08262,1.08285,1.88,1.88
2011.01.03 09:10:57.986,1.08262,1.08284,1.88,1.13
2011.01.03 09:10:58.433,1.08259,1.08284,3.00,1.13
2011.01.03 09:10:58.554,1.08258,1.08283,3.00,1.88
2011.01.03 09:10:58.673,1.08258,1.08283,3.00,1.88
2011.01.03 09:11:01.017,1.08254,1.08281,4.88,1.50
2011.01.03 09:11:02.851,1.08254,1.08277,4.88,2.25
2011.01.03 09:11:03.251,1.08251,1.08272,2.63,1.13
2011.01.03 09:11:03.644,1.08245,1.08268,2.52,1.88
2011.01.03 09:11:04.149,1.08245,1.08268,1.77,2.25
2011.01.03 09:11:07.101,1.08246,1.08268,1.02,2.25
2011.01.03 09:11:07.221,1.08245,1.08268,2.89,1.88
2011.01.03 09:11:07.345,1.08249,1.08268,1.02,1.88
2011.01.03 09:11:07.707,1.08248,1.08272,1.02,2.63
2011.01.03 09:11:10.064,1.08249,1.08272,1.88,2.25
2011.01.03 09:11:10.491,1.0825,1.08272,1.13,1.88
2011.01.03 09:11:12.050,1.08252,1.08272,1.13,1.88
2011.01.03 09:11:12.780,1.08253,1.08277,1.39,2.25
2011.01.03 09:11:13.392,1.08254,1.08277,3.27,1.88
2011.01.03 09:11:18.189,1.08254,1.08278,2.14,1.50
2011.01.03 09:11:21.100,1.08254,1.08278,1.77,1.50
2011.01.03 09:11:22.710,1.08254,1.08275,1.50,1.50
2011.01.03 09:11:23.260,1.08252,1.08274,1.13,1.13
2011.01.03 09:11:24.311,1.08251,1.08275,1.50,1.88
2011.01.03 09:11:24.986,1.08251,1.08273,1.88,1.13
2011.01.03 09:11:26.324,1.08251,1.08276,1.88,3.38
2011.01.03 09:11:27.011,1.0825,1.08275,1.50,1.50
2011.01.03 09:11:33.127,1.0825,1.08266,1.50,1.13
2011.01.03 09:11:33.364,1.08243,1.08261,1.88,1.13
2011.01.03 09:11:33.768,1.08236,1.0826,1.50,3.00
2011.01.03 09:11:35.732,1.0824,1.0826,1.02,2.63
2011.01.03 09:11:37.004,1.0824,1.0826,1.02,1.88
2011.01.03 09:11:37.413,1.08246,1.08264,2.14,2.63
2011.01.03 09:11:37.531,1.08244,1.08269,2.89,3.38
2011.01.03 09:11:37.644,1.08245,1.08268,1.50,1.88
2011.01.03 09:11:39.495,1.08245,1.08268,1.50,1.50
2011.01.03 09:11:40.970,1.08245,1.08268,1.50,2.25
2011.01.03 09:11:43.542,1.08242,1.08265,1.50,1.50
2011.01.03 09:11:43.992,1.08241,1.0826,1.50,1.13
2011.01.03 09:11:46.104,1.08235,1.0826,2.63,1.13
2011.01.03 09:11:46.356,1.08235,1.0826,2.52,2.25
2011.01.03 09:11:46.597,1.08235,1.08257,1.77,1.13
2011.01.03 09:11:46.717,1.08235,1.08257,1.77,1.88
2011.01.03 09:11:50.338,1.08235,1.08257,1.77,1.88
2011.01.03 09:11:52.301,1.0824,1.08258,1.02,2.25
2011.01.03 09:11:52.643,1.08236,1.08261,1.39,2.25
2011.01.03 09:11:53.008,1.08238,1.08262,1.39,2.25
2011.01.03 09:11:54.741,1.08238,1.08263,1.39,2.63
2011.01.03 09:11:55.071,1.08237,1.08262,2.63,1.88
2011.01.03 09:12:08.255,1.08238,1.0826,1.13,1.88
2011.01.03 09:12:08.370,1.08237,1.0826,1.39,1.88
2011.01.03 09:12:08.700,1.08237,1.0826,1.39,1.88
2011.01.03 09:12:10.759,1.08237,1.0826,1.39,1.88
2011.01.03 09:12:12.283,1.08237,1.08256,1.39,2.53
2011.01.03 09:12:12.514,1.08237,1.08258,1.13,1.77
2011.01.03 09:12:13.549,1.08236,1.08254,2.25,1.13
2011.01.03 09:12:13.668,1.08233,1.08254,1.13,1.13
2011.01.03 09:12:17.090,1.08232,1.08253,1.13,1.13
2011.01.03 09:12:18.010,1.08232,1.08256,1.13,2.25
2011.01.03 09:12:18.124,1.08232,1.08256,1.39,1.50
2011.01.03 09:12:18.245,1.08233,1.08256,2.14,1.88
2011.01.03 09:12:18.731,1.08237,1.0826,1.13,2.25
2011.01.03 09:12:21.865,1.08235,1.08253,3.75,1.13
2011.01.03 09:12:22.093,1.0823,1.08251,1.88,1.13
2011.01.03 09:12:22.633,1.08228,1.08251,2.25,1.13
2011.01.03 09:12:25.021,1.08228,1.0825,1.50,1.13
2011.01.03 09:12:26.681,1.08228,1.08252,1.77,1.13
2011.01.03 09:12:29.181,1.08228,1.0825,1.77,1.13
2011.01.03 09:12:31.228,1.08228,1.08252,1.50,1.50
2011.01.03 09:12:31.346,1.08228,1.08252,3.27,1.50
2011.01.03 09:12:33.484,1.08229,1.08254,1.02,2.25
2011.01.03 09:12:33.604,1.08229,1.08251,1.02,1.50
2011.01.03 09:12:33.723,1.08228,1.08254,2.25,2.25
2011.01.03 09:12:33.951,1.08228,1.08254,2.52,2.25
2011.01.03 09:12:34.072,1.08228,1.0825,2.25,1.50
2011.01.03 09:12:35.930,1.08228,1.08254,2.25,2.25
2011.01.03 09:12:36.260,1.08228,1.08254,2.63,2.25
2011.01.03 09:12:37.920,1.08229,1.08254,3.00,2.25
2011.01.03 09:12:38.035,1.0823,1.08254,1.50,1.88
2011.01.03 09:12:38.153,1.08235,1.08254,1.88,1.50
2011.01.03 09:12:38.274,1.08235,1.08257,2.63,2.25
2011.01.03 09:12:38.881,1.08235,1.08259,3.75,1.50
2011.01.03 09:12:42.390,1.08235,1.08259,4.13,1.13
2011.01.03 09:12:43.542,1.08235,1.0826,4.88,1.50
2011.01.03 09:12:43.880,1.08235,1.0826,4.88,1.50
2011.01.03 09:12:52.022,1.08235,1.08257,2.63,1.88
2011.01.03 09:12:52.556,1.08235,1.08257,2.63,1.88
2011.01.03 09:12:54.808,1.08235,1.08254,1.50,1.50
2011.01.03 09:12:55.071,1.0823,1.08254,1.88,1.50
2011.01.03 09:12:55.411,1.0823,1.08256,1.13,1.13
2011.01.03 09:12:55.523,1.0823,1.08253,1.13,1.50
2011.01.03 09:12:55.644,1.0823,1.08254,1.13,1.50
2011.01.03 09:12:56.106,1.0823,1.08251,1.13,1.13
2011.01.03 09:12:58.050,1.08229,1.08252,2.25,1.88
2011.01.03 09:12:59.591,1.08229,1.08251,2.25,1.88
2011.01.03 09:12:59.921,1.08225,1.0825,2.63,1.13
2011.01.03 09:13:04.024,1.08226,1.08247,2.25,1.13
2011.01.03 09:13:04.412,1.08222,1.08245,2.25,1.13
2011.01.03 09:13:06.488,1.08224,1.08245,1.50,1.13
2011.01.03 09:13:09.359,1.08222,1.08245,2.25,1.13
2011.01.03 09:13:11.210,1.08222,1.08246,2.25,1.13
2011.01.03 09:13:11.953,1.08222,1.08241,2.25,1.13
2011.01.03 09:13:12.073,1.08216,1.08241,3.38,3.38
2011.01.03 09:13:12.192,1.08215,1.08237,2.63,1.13
2011.01.03 09:13:12.386,1.08215,1.08237,1.88,1.13
2011.01.03 09:13:12.431,1.0821,1.08237,2.63,1.50
2011.01.03 09:13:12.680,1.0821,1.08237,2.63,1.13
2011.01.03 09:13:12.977,1.0821,1.08235,1.02,2.25
2011.01.03 09:13:13.235,1.0821,1.08237,4.39,1.13
2011.01.03 09:13:19.411,1.08212,1.08239,1.13,3.00
2011.01.03 09:13:19.629,1.08213,1.08239,1.13,2.63
2011.01.03 09:13:20.181,1.08217,1.08239,1.50,3.00
2011.01.03 09:13:20.513,1.08226,1.08244,1.39,1.88
2011.01.03 09:13:20.849,1.08226,1.0825,5.14,2.63
2011.01.03 09:13:20.962,1.08227,1.08252,1.13,1.50
2011.01.03 09:13:21.524,1.08227,1.08252,1.50,1.50
2011.01.03 09:13:21.975,1.08231,1.08252,1.77,1.50
2011.01.03 09:13:22.099,1.08234,1.08258,1.50,1.50
2011.01.03 09:13:22.650,1.08235,1.08259,1.13,1.88
2011.01.03 09:13:23.922,1.08237,1.08263,1.88,1.13
2011.01.03 09:13:29.409,1.08238,1.08263,1.88,1.13
2011.01.03 09:13:29.631,1.08238,1.08263,1.88,1.13
2011.01.03 09:13:29.849,1.08238,1.08263,1.88,1.13
2011.01.03 09:13:31.567,1.08238,1.08261,1.88,1.13
2011.01.03 09:13:31.941,1.08234,1.0826,1.50,1.50
2011.01.03 09:13:31.957,1.08234,1.08256,1.50,1.13
2011.01.03 09:13:32.522,1.08233,1.08256,1.50,1.88
2011.01.03 09:13:33.061,1.0823,1.08253,1.88,1.13
2011.01.03 09:13:36.559,1.08229,1.08256,2.25,3.75
2011.01.03 09:13:36.891,1.08229,1.08256,2.63,3.00
2011.01.03 09:13:37.490,1.08229,1.08256,2.63,3.00
2011.01.03 09:13:38.330,1.08229,1.08256,2.63,2.63
2011.01.03 09:13:39.051,1.08229,1.08256,2.63,2.63
2011.01.03 09:13:41.421,1.08231,1.08257,1.88,2.25
2011.01.03 09:13:41.884,1.08233,1.0826,1.50,1.13
2011.01.03 09:13:42.004,1.08244,1.08262,1.13,2.25
2011.01.03 09:13:42.124,1.08245,1.08263,1.77,1.88
2011.01.03 09:13:42.400,1.08247,1.08267,1.39,1.50
2011.01.03 09:13:42.520,1.08248,1.08263,1.02,1.88
2011.01.03 09:13:42.637,1.08248,1.08271,1.02,1.88
2011.01.03 09:13:42.755,1.08248,1.08272,1.02,2.63
2011.01.03 09:13:43.135,1.08246,1.08272,1.50,3.00
2011.01.03 09:13:44.724,1.08242,1.08269,1.13,1.50
2011.01.03 09:13:49.042,1.08244,1.08268,1.13,1.50
2011.01.03 09:13:49.393,1.08244,1.0827,3.75,1.13
2011.01.03 09:13:49.512,1.08244,1.08272,3.00,2.63
2011.01.03 09:13:49.630,1.08244,1.08272,3.00,2.63
2011.01.03 09:13:51.105,1.08246,1.0827,1.50,1.39
2011.01.03 09:13:51.225,1.08245,1.08263,1.50,1.13
2011.01.03 09:13:51.348,1.08245,1.08262,1.50,1.88
2011.01.03 09:13:51.535,1.0824,1.08262,1.88,1.88
2011.01.03 09:13:51.774,1.08235,1.08257,3.38,1.50
2011.01.03 09:13:52.114,1.08234,1.08257,1.50,1.50
2011.01.03 09:13:53.328,1.08233,1.08256,1.50,1.50
2011.01.03 09:13:53.965,1.08233,1.08255,1.50,1.13
2011.01.03 09:13:54.426,1.08227,1.08251,1.50,1.13
2011.01.03 09:13:54.948,1.08227,1.08253,1.88,1.50
2011.01.03 09:13:55.069,1.08228,1.08255,1.13,3.27
2011.01.03 09:13:55.476,1.08232,1.08255,1.13,1.88
2011.01.03 09:13:56.321,1.08231,1.08259,2.25,2.25
2011.01.03 09:13:56.921,1.08233,1.08259,1.13,1.88
2011.01.03 09:13:57.141,1.08233,1.08259,1.13,1.88
2011.01.03 09:13:57.797,1.08235,1.0826,1.50,1.88
2011.01.03 09:13:57.913,1.08235,1.0826,1.88,1.50
2011.01.03 09:13:58.471,1.08235,1.0826,3.64,1.50
2011.01.03 09:13:58.821,1.08235,1.0826,3.64,1.13
2011.01.03 09:13:59.051,1.08235,1.0826,3.64,1.13
2011.01.03 09:14:00.163,1.08235,1.0826,3.38,1.39
2011.01.03 09:14:00.611,1.08235,1.0826,1.88,1.39
2011.01.03 09:14:01.891,1.08235,1.08259,1.88,1.13
2011.01.03 09:14:02.332,1.08235,1.0826,1.88,1.50
2011.01.03 09:14:02.834,1.08234,1.0826,1.88,1.13
2011.01.03 09:14:03.172,1.08236,1.08262,2.63,1.88
2011.01.03 09:14:03.292,1.08237,1.08262,1.39,1.50
2011.01.03 09:14:03.852,1.08239,1.08263,1.88,2.25
2011.01.03 09:14:04.387,1.08239,1.08263,1.88,2.25
2011.01.03 09:14:04.721,1.08239,1.08263,1.88,2.25
2011.01.03 09:14:07.851,1.08239,1.08263,1.88,3.00
2011.01.03 09:14:07.973,1.08239,1.08262,1.50,1.13
2011.01.03 09:14:08.202,1.08235,1.0826,1.88,1.13
2011.01.03 09:14:08.433,1.08236,1.0826,1.88,1.13
2011.01.03 09:14:09.191,1.08236,1.0826,1.50,1.13
2011.01.03 09:14:10.360,1.08236,1.0826,1.88,1.13
2011.01.03 09:14:13.808,1.08236,1.0826,1.88,1.50
2011.01.03 09:14:14.407,1.08236,1.0826,1.50,1.50
2011.01.03 09:14:16.350,1.08236,1.0826,1.88,1.88
2011.01.03 09:14:18.463,1.08236,1.0826,1.88,1.50
2011.01.03 09:14:18.585,1.08236,1.08262,1.88,4.13
2011.01.03 09:14:18.708,1.0824,1.08262,1.88,3.38
2011.01.03 09:14:19.111,1.08246,1.08271,1.50,1.88
2011.01.03 09:14:19.226,1.08251,1.08272,1.88,3.38
2011.01.03 09:14:19.462,1.08255,1.08278,1.88,2.25
2011.01.03 09:14:20.182,1.08257,1.08283,1.88,3.38
2011.01.03 09:14:20.632,1.08257,1.08282,2.14,1.13
2011.01.03 09:14:20.752,1.08257,1.08282,2.14,1.13
2011.01.03 09:14:21.311,1.08256,1.0828,1.88,1.50
2011.01.03 09:14:22.152,1.08256,1.0828,1.50,1.50
2011.01.03 09:14:22.712,1.08256,1.0828,1.50,2.25
2011.01.03 09:14:24.191,1.08256,1.0828,1.88,1.88
2011.01.03 09:14:24.792,1.08256,1.0828,1.50,1.88
2011.01.03 09:14:25.492,1.08254,1.08281,1.13,3.00
2011.01.03 09:14:26.161,1.08253,1.08278,1.88,1.13
2011.01.03 09:14:28.301,1.08253,1.08278,2.25,1.13
2011.01.03 09:14:28.851,1.08253,1.08278,2.25,1.13
2011.01.03 09:14:30.734,1.08254,1.08279,1.13,2.25
2011.01.03 09:14:31.071,1.08259,1.08283,1.13,1.50
2011.01.03 09:14:31.645,1.0826,1.08282,1.50,1.50
2011.01.03 09:14:32.199,1.0826,1.08283,1.50,2.25
2011.01.03 09:14:34.235,1.08265,1.08285,1.13,1.50
2011.01.03 09:14:34.738,1.08263,1.08285,1.13,1.50
2011.01.03 09:14:34.859,1.08267,1.08288,1.13,1.50
2011.01.03 09:14:39.349,1.08267,1.08288,1.88,1.50
2011.01.03 09:14:39.471,1.0827,1.08294,1.50,1.50
2011.01.03 09:14:39.597,1.0827,1.08294,1.50,1.50
2011.01.03 09:14:40.190,1.08272,1.08297,1.50,2.63
2011.01.03 09:14:40.625,1.08272,1.08297,2.25,2.25
2011.01.03 09:14:40.749,1.08274,1.08299,2.63,2.63
2011.01.03 09:14:41.104,1.08276,1.08303,1.88,4.50
2011.01.03 09:14:41.513,1.08276,1.08297,2.25,1.39
2011.01.03 09:14:41.640,1.08274,1.083,1.50,1.50
2011.01.03 09:14:41.758,1.08274,1.08295,1.50,1.88
2011.01.03 09:14:41.995,1.08274,1.08297,1.50,1.88
2011.01.03 09:14:42.622,1.08274,1.083,1.88,2.63
2011.01.03 09:14:44.122,1.08274,1.083,1.88,1.13
2011.01.03 09:14:44.346,1.08276,1.08301,1.13,2.63
2011.01.03 09:14:44.574,1.08276,1.083,3.38,1.50
2011.01.03 09:14:45.047,1.08278,1.08302,1.88,1.50
2011.01.03 09:14:45.172,1.08283,1.08305,1.50,1.50
2011.01.03 09:14:45.296,1.08283,1.08305,1.88,1.50
2011.01.03 09:14:45.632,1.08282,1.08305,1.50,1.50
2011.01.03 09:14:46.011,1.08285,1.08305,1.13,1.50
2011.01.03 09:14:47.011,1.08284,1.08305,1.13,1.50
2011.01.03 09:14:47.234,1.08288,1.08305,1.13,1.50
2011.01.03 09:14:47.776,1.08289,1.08312,1.13,1.88
2011.01.03 09:14:48.395,1.08289,1.08314,1.13,1.13
2011.01.03 09:14:48.962,1.08289,1.08314,3.00,1.50
2011.01.03 09:14:50.211,1.0829,1.08314,1.88,1.13
2011.01.03 09:14:50.761,1.08293,1.08314,1.50,1.13
2011.01.03 09:14:51.153,1.08298,1.08317,1.50,2.25
2011.01.03 09:14:51.278,1.08299,1.08319,1.39,1.88
2011.01.03 09:14:51.398,1.08307,1.08319,1.13,1.50
2011.01.03 09:14:51.762,1.08308,1.08319,1.13,1.50
2011.01.03 09:14:51.884,1.08304,1.08328,3.75,1.13
2011.01.03 09:14:52.387,1.08304,1.08328,1.50,1.50
2011.01.03 09:14:52.832,1.08304,1.08328,1.88,1.88
2011.01.03 09:14:53.306,1.08305,1.0833,1.50,3.38
2011.01.03 09:14:53.643,1.08304,1.0833,2.63,1.50
2011.01.03 09:14:54.294,1.08306,1.08329,1.50,1.50
2011.01.03 09:14:54.753,1.08306,1.08327,1.50,1.88
2011.01.03 09:14:54.876,1.08304,1.08327,1.50,1.88
2011.01.03 09:14:55.149,1.08304,1.08327,1.50,1.88
2011.01.03 09:14:55.267,1.08304,1.08329,1.50,1.13
2011.01.03 09:14:56.068,1.08304,1.08329,1.88,1.13
2011.01.03 09:14:56.517,1.08304,1.08329,1.50,1.39
2011.01.03 09:14:57.073,1.08304,1.08329,1.50,1.50
2011.01.03 09:14:57.690,1.08305,1.08326,1.13,1.50
2011.01.03 09:14:57.802,1.08305,1.08329,1.50,2.63
2011.01.03 09:14:57.922,1.08305,1.08329,3.00,1.88
2011.01.03 09:14:58.150,1.08305,1.0833,3.00,1.88
2011.01.03 09:14:58.734,1.08308,1.08334,1.50,2.89
2011.01.03 09:14:59.983,1.08308,1.0833,1.50,1.02
2011.01.03 09:15:00.297,1.08308,1.0833,1.50,1.77
2011.01.03 09:15:00.417,1.08305,1.0833,1.50,2.52
2011.01.03 09:15:01.202,1.08306,1.08325,1.50,1.13
2011.01.03 09:15:01.333,1.08303,1.08325,1.50,1.02
2011.01.03 09:15:01.562,1.08303,1.08326,1.50,1.13
2011.01.03 09:15:01.683,1.08304,1.08328,1.88,5.63
2011.01.03 09:15:01.805,1.08303,1.08328,2.25,3.38
2011.01.03 09:15:02.145,1.08308,1.08334,1.88,6.00
2011.01.03 09:15:02.377,1.08308,1.0833,1.50,1.13
2011.01.03 09:15:03.005,1.08307,1.08328,1.50,1.50
2011.01.03 09:15:03.343,1.08307,1.08326,1.50,1.13
2011.01.03 09:15:03.903,1.08307,1.08327,1.50,2.25
2011.01.03 09:15:04.222,1.08305,1.08327,1.50,1.13
2011.01.03 09:15:04.574,1.08304,1.08327,1.50,1.13
2011.01.03 09:15:05.410,1.08302,1.08326,1.50,2.25
2011.01.03 09:15:05.754,1.08302,1.08323,1.50,1.77
2011.01.03 09:15:05.873,1.08299,1.08321,1.50,1.13
2011.01.03 09:15:07.042,1.08296,1.08321,1.50,1.13
2011.01.03 09:15:07.274,1.08296,1.08323,3.00,4.50
2011.01.03 09:15:07.553,1.08296,1.0832,3.00,1.50
2011.01.03 09:15:07.895,1.08298,1.0832,1.88,1.50
2011.01.03 09:15:08.015,1.083,1.08322,1.13,1.88
2011.01.03 09:15:09.972,1.08303,1.08324,1.88,1.50
2011.01.03 09:15:10.431,1.08303,1.08328,1.88,1.50
2011.01.03 09:15:10.983,1.08304,1.08327,1.50,1.50
2011.01.03 09:15:11.104,1.08308,1.08332,1.13,4.39
2011.01.03 09:15:11.667,1.08309,1.08332,1.13,2.63
2011.01.03 09:15:11.785,1.08308,1.08332,1.50,2.63
2011.01.03 09:15:12.023,1.08308,1.08332,2.25,2.63
2011.01.03 09:15:13.193,1.08308,1.08332,2.63,2.63
2011.01.03 09:15:13.752,1.08309,1.08332,1.13,2.25
2011.01.03 09:15:14.592,1.08308,1.08332,2.63,1.50
2011.01.03 09:15:15.550,1.08308,1.08331,1.50,1.39
2011.01.03 09:15:15.939,1.08308,1.08329,1.50,1.13
2011.01.03 09:15:16.381,1.08304,1.08326,1.50,1.50
2011.01.03 09:15:17.274,1.08304,1.08327,1.50,1.13
2011.01.03 09:15:17.852,1.08304,1.08326,1.50,1.13
2011.01.03 09:15:18.411,1.08304,1.08326,1.50,1.50
2011.01.03 09:15:19.310,1.08304,1.08326,1.50,1.50
2011.01.03 09:15:19.643,1.08295,1.08316,2.63,2.25
2011.01.03 09:15:19.815,1.08295,1.08316,1.88,2.25
2011.01.03 09:15:19.938,1.08294,1.0832,2.63,1.13
2011.01.03 09:15:20.058,1.08292,1.08318,1.50,1.13
2011.01.03 09:15:20.283,1.08295,1.08319,1.50,1.50
2011.01.03 09:15:20.776,1.08295,1.08315,1.50,2.25
2011.01.03 09:15:20.901,1.08288,1.08313,2.63,1.39
2011.01.03 09:15:21.015,1.08288,1.08313,1.88,1.77
2011.01.03 09:15:21.571,1.08287,1.08311,1.88,1.13
2011.01.03 09:15:22.016,1.08287,1.08311,1.88,1.50
2011.01.03 09:15:22.531,1.08286,1.08308,1.88,1.13
2011.01.03 09:15:23.511,1.08284,1.08308,1.50,1.13
2011.01.03 09:15:24.904,1.08283,1.0831,2.14,1.50
2011.01.03 09:15:25.349,1.08283,1.0831,1.13,2.25
2011.01.03 09:15:25.793,1.08282,1.08309,1.50,1.50
2011.01.03 09:15:25.915,1.08282,1.08305,1.50,1.13
2011.01.03 09:15:26.033,1.08278,1.08305,2.25,2.63
2011.01.03 09:15:26.644,1.08277,1.08303,1.50,1.50
2011.01.03 09:15:26.982,1.08276,1.083,1.50,1.13
2011.01.03 09:15:27.211,1.08276,1.08299,1.50,1.50
2011.01.03 09:15:27.601,1.08276,1.08299,1.88,1.13
2011.01.03 09:15:27.909,1.08276,1.08302,2.25,4.13
2011.01.03 09:15:28.027,1.08276,1.08302,2.25,1.50
2011.01.03 09:15:28.938,1.08279,1.08304,1.13,1.13
2011.01.03 09:15:29.062,1.08277,1.08303,1.50,1.13
2011.01.03 09:15:29.663,1.08273,1.08301,2.63,1.50
2011.01.03 09:15:30.738,1.08276,1.08299,1.88,1.13
2011.01.03 09:15:31.312,1.08266,1.08287,3.38,1.13
2011.01.03 09:15:31.891,1.08267,1.08291,1.88,3.00
2011.01.03 09:15:32.004,1.08267,1.08292,1.88,4.50
2011.01.03 09:15:32.231,1.08267,1.08292,1.88,2.63
2011.01.03 09:15:32.340,1.08267,1.08292,1.88,2.63
2011.01.03 09:15:32.563,1.08267,1.08292,1.50,2.63
2011.01.03 09:15:33.061,1.08267,1.08289,1.50,1.50
2011.01.03 09:15:33.175,1.08264,1.08289,1.50,1.50
2011.01.03 09:15:34.947,1.08264,1.08289,1.50,3.00
2011.01.03 09:15:35.832,1.08264,1.08287,1.50,1.13
2011.01.03 09:15:35.954,1.08264,1.08289,2.25,1.50
2011.01.03 09:15:36.271,1.08266,1.08289,1.02,1.88
2011.01.03 09:15:36.491,1.08266,1.08292,3.27,1.50
2011.01.03 09:15:36.721,1.08268,1.08293,1.13,1.50
2011.01.03 09:15:37.064,1.08266,1.08293,3.00,1.88
2011.01.03 09:15:38.170,1.08266,1.08293,3.00,1.88
2011.01.03 09:15:42.128,1.08268,1.08293,1.50,1.88
2011.01.03 09:15:42.244,1.08269,1.08295,1.13,1.13
2011.01.03 09:15:43.595,1.0827,1.08296,2.25,3.38
2011.01.03 09:15:43.897,1.08266,1.08293,2.63,1.02
2011.01.03 09:15:44.235,1.08268,1.08293,1.13,2.14
2011.01.03 09:15:46.333,1.08269,1.08293,1.13,1.50
2011.01.03 09:15:48.226,1.08268,1.08293,1.50,1.88
2011.01.03 09:15:48.831,1.08269,1.08291,1.13,1.50
2011.01.03 09:15:50.752,1.08268,1.08291,1.50,1.50
2011.01.03 09:15:53.624,1.08269,1.08291,1.13,1.88
2011.01.03 09:15:53.849,1.08269,1.08291,1.13,1.50
2011.01.03 09:15:53.968,1.08268,1.08293,1.13,1.13
2011.01.03 09:15:54.193,1.08268,1.08294,1.88,2.63
2011.01.03 09:15:54.871,1.08269,1.08293,1.13,1.88
2011.01.03 09:15:55.404,1.08268,1.08293,1.50,1.88
2011.01.03 09:15:55.527,1.0827,1.08293,1.50,1.50
2011.01.03 09:15:55.972,1.08275,1.08296,1.50,1.50
2011.01.03 09:15:56.092,1.08275,1.08299,3.75,2.25
2011.01.03 09:15:56.626,1.08276,1.08301,1.88,1.13
2011.01.03 09:15:56.746,1.08276,1.08301,1.50,1.13
2011.01.03 09:15:57.093,1.08275,1.08301,1.50,1.13
2011.01.03 09:15:57.651,1.08275,1.083,1.50,1.88
2011.01.03 09:15:58.163,1.08276,1.083,1.13,1.88
2011.01.03 09:15:58.501,1.08275,1.083,1.50,1.88
2011.01.03 09:15:58.624,1.08276,1.08302,1.50,1.88
2011.01.03 09:15:58.860,1.08276,1.08302,1.88,1.88
2011.01.03 09:15:58.973,1.08278,1.08302,1.13,1.50
2011.01.03 09:15:59.342,1.08279,1.08304,1.13,1.13
2011.01.03 09:15:59.792,1.08278,1.08304,3.00,2.63
2011.01.03 09:16:00.020,1.08278,1.08304,3.00,2.63
2011.01.03 09:16:00.645,1.08279,1.08304,2.25,2.25
2011.01.03 09:16:01.161,1.08289,1.08309,1.13,1.88
2011.01.03 09:16:01.281,1.08289,1.08313,1.13,3.00
2011.01.03 09:16:01.398,1.08287,1.08313,2.25,3.00
2011.01.03 09:16:01.514,1.08286,1.0831,1.13,2.25
2011.01.03 09:16:01.880,1.08284,1.08307,1.13,1.88
2011.01.03 09:16:02.516,1.08282,1.08307,1.50,1.88
2011.01.03 09:16:03.962,1.08282,1.08307,1.13,1.88
2011.01.03 09:16:04.300,1.08281,1.08306,1.50,2.63
2011.01.03 09:16:04.863,1.08278,1.08303,2.25,1.13
2011.01.03 09:16:05.202,1.0828,1.08306,1.50,2.25
2011.01.03 09:16:05.781,1.0828,1.08305,1.13,1.13
2011.01.03 09:16:06.993,1.0828,1.08305,1.50,1.13
2011.01.03 09:16:07.406,1.0828,1.08305,1.13,2.25
2011.01.03 09:16:07.531,1.08273,1.08298,2.25,1.50
2011.01.03 09:16:07.644,1.08273,1.08298,2.25,1.13
2011.01.03 09:16:08.202,1.08272,1.08298,1.50,3.38
2011.01.03 09:16:08.801,1.08272,1.08298,1.50,3.38
2011.01.03 09:16:10.340,1.08271,1.08298,1.50,3.38
2011.01.03 09:16:10.871,1.08269,1.08297,3.00,1.88
2011.01.03 09:16:12.173,1.08269,1.08297,2.63,1.88
2011.01.03 09:16:12.403,1.08269,1.08297,3.38,1.88
2011.01.03 09:16:12.960,1.08269,1.08297,3.38,1.88
2011.01.03 09:16:13.706,1.08276,1.08302,1.39,4.13
2011.01.03 09:16:14.263,1.08275,1.08298,3.38,1.13
2011.01.03 09:16:14.384,1.08275,1.08299,2.25,1.13
2011.01.03 09:16:14.678,1.08275,1.08296,1.50,1.13
2011.01.03 09:16:14.903,1.08269,1.08293,1.88,1.39
2011.01.03 09:16:15.133,1.08268,1.08293,1.13,1.13
2011.01.03 09:16:15.624,1.08265,1.08292,1.13,1.50
2011.01.03 09:16:16.191,1.08265,1.08291,2.63,1.88
2011.01.03 09:16:17.222,1.08265,1.08289,2.25,1.13
2011.01.03 09:16:17.809,1.08266,1.08291,1.13,2.63
2011.01.03 09:16:18.291,1.08266,1.08291,1.13,2.63
2011.01.03 09:16:18.620,1.08266,1.08291,1.50,2.63
2011.01.03 09:16:20.554,1.08267,1.08294,1.13,1.13
2011.01.03 09:16:22.994,1.08268,1.08294,1.88,2.63
2011.01.03 09:16:27.580,1.08268,1.08294,2.25,2.63
2011.01.03 09:16:29.369,1.08268,1.08294,2.25,2.63
2011.01.03 09:16:31.050,1.08268,1.08294,1.88,2.63
2011.01.03 09:16:31.691,1.08268,1.08294,2.25,2.25
2011.01.03 09:16:33.843,1.08268,1.08294,1.88,2.63
2011.01.03 09:16:34.229,1.08268,1.08294,1.88,2.63
2011.01.03 09:16:37.402,1.08268,1.08294,1.50,3.00
2011.01.03 09:16:37.742,1.08265,1.08294,1.50,3.38
2011.01.03 09:16:38.303,1.08264,1.08292,2.63,1.50
2011.01.03 09:16:38.548,1.08264,1.08291,2.63,1.13
2011.01.03 09:16:38.662,1.08264,1.08291,2.63,1.50
2011.01.03 09:16:39.232,1.08264,1.0829,1.88,1.13
2011.01.03 09:16:39.903,1.08276,1.0829,1.02,1.13
2011.01.03 09:16:40.135,1.08279,1.08292,5.25,1.88
2011.01.03 09:16:40.363,1.08267,1.08293,1.50,1.13
2011.01.03 09:16:40.483,1.08267,1.08294,1.50,1.13
2011.01.03 09:16:40.794,1.08274,1.08295,1.50,1.13
2011.01.03 09:16:43.740,1.08274,1.08295,1.50,1.13
2011.01.03 09:16:43.972,1.08272,1.08295,1.50,1.13
2011.01.03 09:16:44.533,1.08273,1.08294,1.50,1.13
2011.01.03 09:16:45.131,1.08273,1.08292,1.50,1.13
2011.01.03 09:16:46.908,1.08266,1.08292,2.25,1.13
2011.01.03 09:16:47.790,1.08266,1.08292,1.88,1.13
2011.01.03 09:16:50.480,1.08266,1.08289,1.88,1.13
2011.01.03 09:16:51.341,1.08263,1.08287,1.13,1.88
2011.01.03 09:16:51.453,1.08259,1.08281,2.63,1.13
2011.01.03 09:16:51.682,1.0826,1.08281,1.88,1.13
2011.01.03 09:16:51.911,1.08257,1.08281,1.50,1.13
2011.01.03 09:16:52.460,1.08257,1.0828,1.88,1.13
2011.01.03 09:16:53.573,1.08257,1.0828,1.88,1.13
2011.01.03 09:16:54.827,1.08257,1.08279,1.50,1.13
2011.01.03 09:16:55.384,1.08257,1.08277,1.50,1.13
2011.01.03 09:16:56.658,1.0825,1.08276,1.50,1.13
2011.01.03 09:16:57.102,1.08252,1.08277,1.02,1.50
2011.01.03 09:16:57.439,1.08254,1.08278,1.13,2.63
2011.01.03 09:16:57.553,1.08253,1.08278,1.50,2.25
2011.01.03 09:16:58.932,1.08254,1.08279,1.50,1.50
2011.01.03 09:17:02.284,1.08254,1.08272,1.50,2.25
2011.01.03 09:17:02.524,1.08252,1.08277,1.13,2.25
2011.01.03 09:17:02.643,1.08251,1.08277,2.25,2.25
2011.01.03 09:17:03.024,1.08251,1.08274,3.38,1.50
2011.01.03 09:17:03.804,1.08253,1.08272,1.39,1.13
2011.01.03 09:17:03.922,1.08257,1.08282,1.50,1.13
2011.01.03 09:17:04.854,1.08257,1.08282,1.92,1.13
2011.01.03 09:17:05.192,1.08253,1.08276,1.88,1.50
2011.01.03 09:17:05.641,1.08253,1.08276,1.50,2.14
2011.01.03 09:17:05.753,1.0825,1.08276,1.50,2.14
2011.01.03 09:17:05.874,1.08253,1.08276,1.39,1.50
2011.01.03 09:17:06.214,1.08258,1.08275,1.50,1.13
2011.01.03 09:17:06.590,1.08267,1.08285,1.13,1.88
2011.01.03 09:17:06.829,1.08268,1.08285,1.13,1.88
2011.01.03 09:17:07.294,1.08264,1.08293,1.77,1.13
2011.01.03 09:17:07.604,1.08267,1.0829,1.88,1.13
2011.01.03 09:17:08.137,1.08267,1.0829,1.88,1.13
2011.01.03 09:17:10.150,1.08267,1.08288,1.50,1.77
2011.01.03 09:17:10.262,1.0826,1.08285,1.13,1.02
2011.01.03 09:17:10.380,1.08259,1.08285,2.63,1.39
2011.01.03 09:17:10.930,1.08259,1.08284,1.13,1.88
2011.01.03 09:17:11.846,1.08258,1.08283,1.13,1.13
2011.01.03 09:17:11.964,1.08256,1.08283,2.25,1.50
2011.01.03 09:17:14.741,1.08258,1.08283,1.13,1.39
2011.01.03 09:17:15.580,1.08258,1.08283,1.13,1.13
2011.01.03 09:17:16.247,1.08262,1.08284,1.13,2.25
2011.01.03 09:17:16.602,1.08262,1.08287,1.88,2.63
2011.01.03 09:17:17.164,1.08262,1.08284,1.50,1.13
2011.01.03 09:17:17.604,1.08268,1.08289,1.13,2.25
2011.01.03 09:17:17.732,1.08267,1.08293,2.63,1.88
2011.01.03 09:17:18.181,1.08265,1.08287,2.25,1.50
2011.01.03 09:17:18.632,1.08264,1.08287,1.13,3.00
2011.01.03 09:17:19.211,1.08261,1.08286,1.13,2.25
2011.01.03 09:17:19.773,1.08261,1.08284,1.13,1.50
2011.01.03 09:17:21.762,1.08257,1.0828,1.50,1.77
2011.01.03 09:17:21.883,1.08256,1.08282,1.77,1.13
2011.01.03 09:17:22.004,1.08259,1.08283,1.13,1.02
2011.01.03 09:17:22.123,1.08261,1.08284,1.13,1.77
2011.01.03 09:17:23.443,1.08261,1.08283,1.13,2.52
2011.01.03 09:17:23.672,1.08257,1.08282,1.77,1.02
2011.01.03 09:17:23.795,1.08262,1.08287,1.02,1.39
2011.01.03 09:17:24.131,1.08262,1.08284,1.13,1.02
2011.01.03 09:17:26.153,1.08262,1.08279,1.13,1.02
2011.01.03 09:17:26.503,1.08257,1.08278,1.13,1.77
2011.01.03 09:17:29.339,1.08256,1.08278,1.13,2.14
2011.01.03 09:17:29.563,1.08252,1.08275,2.63,2.89
2011.01.03 09:17:30.276,1.08247,1.08273,3.27,1.50
2011.01.03 09:17:31.357,1.08247,1.08273,2.52,1.88
2011.01.03 09:17:31.965,1.08245,1.08269,3.64,1.13
2011.01.03 09:17:35.194,1.08245,1.08266,1.50,2.63
2011.01.03 09:17:35.312,1.08245,1.08266,1.50,2.63
2011.01.03 09:17:35.818,1.08244,1.08262,1.50,1.13
2011.01.03 09:17:36.057,1.0824,1.08259,1.50,1.02
2011.01.03 09:17:36.282,1.08234,1.08258,1.88,1.02
2011.01.03 09:17:36.784,1.08232,1.08259,2.63,1.50
2011.01.03 09:17:38.220,1.08232,1.08258,2.63,1.13
2011.01.03 09:17:40.239,1.08232,1.08258,2.25,1.13
2011.01.03 09:17:41.499,1.08232,1.08258,2.25,1.13
2011.01.03 09:17:42.590,1.08232,1.08258,2.25,1.13
2011.01.03 09:17:43.130,1.08232,1.08258,2.25,1.13
2011.01.03 09:17:43.679,1.08232,1.08258,2.25,1.13
2011.01.03 09:17:45.889,1.08232,1.08258,2.63,1.13
2011.01.03 09:17:46.659,1.08232,1.08258,2.63,1.13
2011.01.03 09:17:49.090,1.08232,1.08258,2.63,1.13
2011.01.03 09:17:49.442,1.08235,1.08261,2.25,1.13
2011.01.03 09:17:49.784,1.08238,1.08263,2.25,1.88
2011.01.03 09:17:50.332,1.08238,1.08264,3.00,1.88
2011.01.03 09:17:50.664,1.08238,1.08264,3.00,1.88
2011.01.03 09:17:50.782,1.08238,1.08264,2.63,1.88
2011.01.03 09:17:54.510,1.08239,1.08264,1.13,1.77
2011.01.03 09:17:55.230,1.0824,1.08264,1.13,1.77
2011.01.03 09:17:57.953,1.08241,1.08264,1.13,1.77
2011.01.03 09:17:58.863,1.08241,1.08265,2.63,2.14
2011.01.03 09:17:59.384,1.0824,1.08264,1.13,2.14
2011.01.03 09:17:59.509,1.08238,1.08262,2.63,1.77
2011.01.03 09:17:59.733,1.08238,1.08262,1.88,1.77
2011.01.03 09:18:00.184,1.08238,1.08256,1.88,1.77
2011.01.03 09:18:00.411,1.08238,1.08262,1.88,1.02
2011.01.03 09:18:02.421,1.08238,1.08263,1.88,1.39
2011.01.03 09:18:02.530,1.08238,1.08264,1.88,3.64
2011.01.03 09:18:02.642,1.08238,1.08264,1.88,1.88
2011.01.03 09:18:03.184,1.08241,1.08264,1.13,1.50
2011.01.03 09:18:03.750,1.08241,1.08264,1.13,1.50
2011.01.03 09:18:06.754,1.08241,1.08264,1.13,1.77
2011.01.03 09:18:07.114,1.08252,1.0827,1.02,1.88
2011.01.03 09:18:07.605,1.08252,1.08274,1.02,1.88
2011.01.03 09:18:08.207,1.0825,1.08274,1.13,1.88
2011.01.03 09:18:08.762,1.08256,1.08274,1.77,1.50
2011.01.03 09:18:08.891,1.08257,1.08282,1.77,1.88
2011.01.03 09:18:09.445,1.08257,1.08284,1.77,2.63
2011.01.03 09:18:09.836,1.0826,1.08288,1.13,2.63
2011.01.03 09:18:09.955,1.0826,1.08288,2.63,1.88
2011.01.03 09:18:10.079,1.08261,1.0829,1.02,4.50
2011.01.03 09:18:10.464,1.0826,1.08289,1.13,1.13
2011.01.03 09:18:11.879,1.08256,1.08284,2.52,2.25
2011.01.03 09:18:13.193,1.08256,1.08284,2.89,2.25
2011.01.03 09:18:13.501,1.08256,1.08279,1.50,1.02
2011.01.03 09:18:14.071,1.08255,1.08278,1.50,1.13
2011.01.03 09:18:14.829,1.08254,1.08278,1.50,1.50
2011.01.03 09:18:14.942,1.08254,1.08278,1.50,1.13
2011.01.03 09:18:15.631,1.08254,1.08277,1.50,1.13
2011.01.03 09:18:16.740,1.08254,1.08277,1.50,1.13
2011.01.03 09:18:17.512,1.08254,1.08278,1.88,1.13
2011.01.03 09:18:18.070,1.08254,1.08279,2.25,1.13
2011.01.03 09:18:19.560,1.08255,1.0828,1.13,1.13
2011.01.03 09:18:21.480,1.08255,1.0828,1.13,1.13
2011.01.03 09:18:21.986,1.08255,1.0828,1.50,1.13
2011.01.03 09:18:23.839,1.08257,1.0828,1.50,1.13
2011.01.03 09:18:24.460,1.08257,1.0828,1.50,1.13
2011.01.03 09:18:25.751,1.08257,1.08282,1.50,1.13
2011.01.03 09:18:26.313,1.08257,1.08283,2.63,2.63
2011.01.03 09:18:26.547,1.08262,1.08283,1.13,1.50
2011.01.03 09:18:26.664,1.08262,1.08287,1.13,1.88
2011.01.03 09:18:27.943,1.08262,1.08286,1.50,1.88
2011.01.03 09:18:28.500,1.08262,1.08287,1.13,1.13
2011.01.03 09:18:29.292,1.08262,1.08287,2.63,1.13
2011.01.03 09:18:29.815,1.08262,1.08287,2.63,1.13
2011.01.03 09:18:30.250,1.08258,1.0828,1.50,1.88
2011.01.03 09:18:30.800,1.08256,1.0828,1.50,1.88
2011.01.03 09:18:31.195,1.08254,1.0828,1.50,1.88
2011.01.03 09:18:31.316,1.08254,1.0828,1.50,1.50
2011.01.03 09:18:31.653,1.08254,1.0828,1.50,1.88
2011.01.03 09:18:32.491,1.08254,1.0828,1.50,1.88
2011.01.03 09:18:34.781,1.08254,1.0828,2.14,1.50
2011.01.03 09:18:35.221,1.08254,1.0828,2.14,1.13
2011.01.03 09:18:35.808,1.08254,1.0828,2.14,1.13
2011.01.03 09:18:36.387,1.08254,1.0828,2.14,1.13
2011.01.03 09:18:38.127,1.08254,1.0828,1.88,1.13
2011.01.03 09:18:39.902,1.08254,1.0828,1.50,1.50
2011.01.03 09:18:40.221,1.08254,1.0828,1.50,1.50
2011.01.03 09:18:41.114,1.08254,1.0828,1.88,1.13
2011.01.03 09:18:41.234,1.08254,1.0828,2.25,1.13
2011.01.03 09:18:41.674,1.08254,1.08274,1.88,2.89
2011.01.03 09:18:42.014,1.08261,1.08279,1.39,1.88
2011.01.03 09:18:42.241,1.08257,1.08279,1.54,1.88
2011.01.03 09:18:42.970,1.08257,1.08281,1.17,1.13
2011.01.03 09:18:43.673,1.08257,1.08284,1.17,2.25
2011.01.03 09:18:49.440,1.08256,1.08281,2.52,1.13
2011.01.03 09:18:50.534,1.08256,1.08281,2.25,1.77
2011.01.03 09:18:50.763,1.08256,1.08281,2.63,1.77
2011.01.03 09:18:50.992,1.08256,1.08279,1.88,1.13
2011.01.03 09:18:51.440,1.08254,1.08279,1.77,1.50
2011.01.03 09:18:52.872,1.08255,1.08279,1.50,1.50
2011.01.03 09:18:53.697,1.08255,1.08279,1.50,1.50
2011.01.03 09:18:54.034,1.08255,1.08279,1.50,1.88
2011.01.03 09:18:54.156,1.08249,1.08275,2.63,1.50
2011.01.03 09:18:57.454,1.08248,1.08272,1.13,1.02
2011.01.03 09:18:57.573,1.08247,1.08272,1.88,1.02
2011.01.03 09:18:58.081,1.08247,1.0827,1.50,1.02
2011.01.03 09:18:58.631,1.08247,1.0827,1.50,1.50
2011.01.03 09:18:59.501,1.08242,1.08267,3.75,1.13
2011.01.03 09:19:00.100,1.08242,1.08267,3.38,1.13
2011.01.03 09:19:00.433,1.08243,1.08266,1.50,1.13
2011.01.03 09:19:00.555,1.08243,1.08269,2.14,1.13
2011.01.03 09:19:00.673,1.08243,1.08269,2.14,1.13
2011.01.03 09:19:01.379,1.08244,1.08271,1.39,2.25
2011.01.03 09:19:01.496,1.08244,1.08271,1.39,2.25
2011.01.03 09:19:03.385,1.08246,1.08269,1.88,1.50
2011.01.03 09:19:08.173,1.08245,1.0827,1.50,1.50
2011.01.03 09:19:08.914,1.08248,1.0827,1.50,1.13
2011.01.03 09:19:09.273,1.08242,1.08264,1.50,1.13
2011.01.03 09:19:09.832,1.08243,1.08263,1.50,1.13
2011.01.03 09:19:10.224,1.0824,1.0826,1.50,1.50
2011.01.03 09:19:10.801,1.08239,1.0826,1.50,1.50
2011.01.03 09:19:13.984,1.08239,1.0826,1.50,1.50
2011.01.03 09:19:17.674,1.08239,1.08263,1.88,1.88
2011.01.03 09:19:19.291,1.08239,1.08263,1.50,1.88
2011.01.03 09:19:19.602,1.08241,1.08264,1.50,1.50
2011.01.03 09:19:19.879,1.08243,1.08264,1.50,1.13
2011.01.03 09:19:22.803,1.08243,1.08264,2.25,1.13
2011.01.03 09:19:23.025,1.08246,1.08265,1.39,1.50
2011.01.03 09:19:23.245,1.08246,1.08269,1.39,1.50
2011.01.03 09:19:23.368,1.08251,1.08273,1.50,3.00
2011.01.03 09:19:24.064,1.08251,1.08273,1.50,2.63
2011.01.03 09:19:24.436,1.0825,1.08279,2.25,1.50
2011.01.03 09:19:24.559,1.08255,1.0828,2.25,1.50
2011.01.03 09:19:25.114,1.08256,1.0828,1.50,1.13
2011.01.03 09:19:25.560,1.08259,1.0828,1.50,1.13
2011.01.03 09:19:26.280,1.08259,1.08278,1.50,1.13
2011.01.03 09:19:26.612,1.08259,1.08277,1.50,1.50
2011.01.03 09:19:26.731,1.08252,1.08277,1.13,1.50
2011.01.03 09:19:26.841,1.08252,1.08277,1.13,1.88
2011.01.03 09:19:27.031,1.08251,1.08276,2.63,1.13
2011.01.03 09:19:27.580,1.08251,1.08275,1.88,1.88
2011.01.03 09:19:29.522,1.08251,1.08273,1.50,1.13
2011.01.03 09:19:31.553,1.08251,1.08273,1.50,1.13
2011.01.03 09:19:32.222,1.08251,1.08273,1.50,1.13
2011.01.03 09:19:35.437,1.08251,1.08271,1.50,1.13
2011.01.03 09:19:35.557,1.08248,1.08271,1.50,1.13
2011.01.03 09:19:36.008,1.08247,1.08273,1.50,3.75
2011.01.03 09:19:36.461,1.08251,1.08273,1.50,3.75
2011.01.03 09:19:37.011,1.08251,1.08273,1.50,2.63
2011.01.03 09:19:37.661,1.08251,1.08273,1.50,2.63
2011.01.03 09:19:40.251,1.08251,1.08273,1.88,2.63
2011.01.03 09:19:40.364,1.0825,1.08273,2.25,1.13
2011.01.03 09:19:40.482,1.0825,1.08277,3.00,1.13
2011.01.03 09:19:40.891,1.08259,1.08277,1.50,1.13
2011.01.03 09:19:41.712,1.08252,1.08275,1.50,1.88
2011.01.03 09:19:42.282,1.08252,1.08274,1.50,2.25
2011.01.03 09:19:47.343,1.08252,1.08274,1.50,1.88
2011.01.03 09:19:49.032,1.08252,1.08274,1.77,1.88
2011.01.03 09:19:49.373,1.08252,1.08271,1.50,1.02
2011.01.03 09:19:49.872,1.08252,1.08273,1.50,1.13
2011.01.03 09:19:51.272,1.08252,1.08273,1.50,1.13
2011.01.03 09:19:52.352,1.08252,1.08273,1.50,1.88
2011.01.03 09:19:52.803,1.08252,1.08271,1.50,1.13
2011.01.03 09:19:53.192,1.08244,1.08271,2.63,2.25
2011.01.03 09:19:53.308,1.08243,1.08267,2.25,2.25
2011.01.03 09:19:53.752,1.08243,1.08264,1.50,1.13
2011.01.03 09:19:54.581,1.08243,1.08263,1.50,1.88
2011.01.03 09:19:55.782,1.08243,1.08264,1.50,1.13
2011.01.03 09:19:56.291,1.08243,1.08267,1.50,2.63
2011.01.03 09:20:00.051,1.08255,1.08268,1.77,1.50
2011.01.03 09:20:00.163,1.08255,1.08268,1.50,1.50
2011.01.03 09:20:00.391,1.08259,1.08276,40.50,1.50
2011.01.03 09:20:00.655,1.08265,1.08286,1.77,1.88
2011.01.03 09:20:00.790,1.08274,1.08291,1.02,1.88
2011.01.03 09:20:00.904,1.08272,1.08291,1.77,1.88
2011.01.03 09:20:01.242,1.08267,1.08295,4.02,2.63
2011.01.03 09:20:03.873,1.08269,1.08288,1.02,1.13
2011.01.03 09:20:03.995,1.08267,1.08284,1.50,1.02
2011.01.03 09:20:04.115,1.08266,1.08283,1.50,1.13
2011.01.03 09:20:04.671,1.08266,1.08281,1.50,1.50
2011.01.03 09:20:05.162,1.08266,1.08281,1.50,1.88
2011.01.03 09:20:05.504,1.08258,1.08279,1.50,1.50
2011.01.03 09:20:06.085,1.08258,1.08279,1.50,1.50
2011.01.03 09:20:08.346,1.08255,1.08275,1.50,1.50
2011.01.03 09:20:08.892,1.08255,1.08275,1.50,1.50
2011.01.03 09:20:10.221,1.08253,1.08275,1.50,1.50
2011.01.03 09:20:11.611,1.08253,1.08275,1.50,1.50
2011.01.03 09:20:11.776,1.08253,1.08275,1.50,1.13
2011.01.03 09:20:13.250,1.08253,1.08275,1.50,1.50
2011.01.03 09:20:14.803,1.08253,1.08275,1.50,1.50
2011.01.03 09:20:15.005,1.08247,1.08274,2.25,1.88
2011.01.03 09:20:15.683,1.08248,1.08271,1.50,2.25
2011.01.03 09:20:17.350,1.08246,1.08272,2.25,2.25
2011.01.03 09:20:17.955,1.08246,1.08272,2.25,2.63
2011.01.03 09:20:18.297,1.08248,1.08272,1.50,2.63
2011.01.03 09:20:22.539,1.08248,1.0827,1.50,1.88
2011.01.03 09:20:22.762,1.08246,1.08269,1.50,1.13
2011.01.03 09:20:24.345,1.08246,1.08263,1.50,1.13
2011.01.03 09:20:24.464,1.08243,1.08263,1.50,1.13
2011.01.03 09:20:27.687,1.08243,1.08264,1.50,3.53
2011.01.03 09:20:27.815,1.08224,1.08254,2.25,1.13
2011.01.03 09:20:27.938,1.08227,1.08248,1.88,1.13
2011.01.03 09:20:28.382,1.0823,1.08248,1.50,1.13
2011.01.03 09:20:31.780,1.08226,1.08249,1.02,1.13
2011.01.03 09:20:32.112,1.08226,1.08248,1.02,2.63
2011.01.03 09:20:32.331,1.08226,1.08248,1.02,2.63
2011.01.03 09:20:33.896,1.08226,1.08252,1.39,2.25
2011.01.03 09:20:34.021,1.08226,1.08252,1.39,2.25
2011.01.03 09:20:34.241,1.08229,1.08251,1.88,2.25
2011.01.03 09:20:35.273,1.08229,1.08251,1.50,1.50
2011.01.03 09:20:38.042,1.08229,1.08251,1.50,1.88
2011.01.03 09:20:39.365,1.08229,1.08251,1.50,1.50
2011.01.03 09:20:40.310,1.08228,1.08251,1.77,1.50
2011.01.03 09:20:40.741,1.08228,1.08251,1.77,1.88
2011.01.03 09:20:46.961,1.08226,1.08248,1.02,1.13
2011.01.03 09:20:47.514,1.08224,1.08245,1.50,2.89
2011.01.03 09:20:47.801,1.0821,1.08239,4.13,1.13
2011.01.03 09:20:47.917,1.08211,1.08234,1.88,2.63
2011.01.03 09:20:49.122,1.08211,1.08231,1.88,1.50
2011.01.03 09:20:49.341,1.08211,1.08231,1.88,1.13
2011.01.03 09:20:52.122,1.08211,1.08233,1.39,1.13
2011.01.03 09:20:52.242,1.08211,1.08237,1.77,1.13
2011.01.03 09:20:53.507,1.08212,1.08238,2.25,2.25
2011.01.03 09:20:54.491,1.08212,1.08237,2.25,1.13
2011.01.03 09:20:55.152,1.08212,1.08237,2.25,1.13
2011.01.03 09:20:55.470,1.08216,1.08238,1.50,2.25
2011.01.03 09:20:55.694,1.08215,1.08242,1.13,2.25
2011.01.03 09:20:55.816,1.08215,1.0824,1.88,1.50
2011.01.03 09:20:55.933,1.08215,1.0824,1.50,1.50
2011.01.03 09:20:56.295,1.0821,1.08237,1.88,1.13
2011.01.03 09:20:57.121,1.0821,1.08234,2.25,2.63
2011.01.03 09:20:58.875,1.0821,1.0823,1.50,1.13
2011.01.03 09:20:59.107,1.08203,1.08226,1.88,1.13
2011.01.03 09:20:59.506,1.08202,1.08226,1.88,2.25
2011.01.03 09:21:00.346,1.08202,1.08226,1.50,2.25
2011.01.03 09:21:01.013,1.08202,1.08226,1.88,2.25
2011.01.03 09:21:01.611,1.08202,1.08224,1.50,1.13
2011.01.03 09:21:02.974,1.08202,1.08223,1.50,1.13
2011.01.03 09:21:03.324,1.08191,1.08216,1.88,1.13
2011.01.03 09:21:03.555,1.08189,1.08212,1.02,1.50
2011.01.03 09:21:03.949,1.08191,1.08212,2.25,1.50
2011.01.03 09:21:04.072,1.08194,1.08218,1.77,1.88
2011.01.03 09:21:06.921,1.08201,1.08222,1.77,1.50
2011.01.03 09:21:07.691,1.08199,1.08222,1.77,1.50
2011.01.03 09:21:07.807,1.08199,1.08222,1.39,1.50
2011.01.03 09:21:08.147,1.08207,1.08226,1.13,1.50
2011.01.03 09:21:08.386,1.08209,1.08229,1.02,1.88
2011.01.03 09:21:08.814,1.08209,1.08232,1.02,1.50
2011.01.03 09:21:10.642,1.08209,1.08232,1.39,2.25
2011.01.03 09:21:11.941,1.08208,1.08231,2.63,1.13
2011.01.03 09:21:12.165,1.08208,1.08231,2.63,2.63
2011.01.03 09:21:12.623,1.08202,1.08226,1.88,1.13
2011.01.03 09:21:13.732,1.08202,1.08226,1.50,3.00
2011.01.03 09:21:16.584,1.08203,1.08226,1.13,1.88
2011.01.03 09:21:19.773,1.08202,1.08226,2.63,1.88
2011.01.03 09:21:22.540,1.08203,1.08226,2.25,1.88
2011.01.03 09:21:25.952,1.08203,1.08226,1.50,2.25
2011.01.03 09:21:26.184,1.08199,1.08222,2.25,1.50
2011.01.03 09:21:28.303,1.08195,1.08217,1.13,1.88
2011.01.03 09:21:30.586,1.08193,1.08219,2.25,3.00
2011.01.03 09:21:30.814,1.08193,1.08219,2.25,2.25
2011.01.03 09:21:31.411,1.08193,1.08219,2.25,2.25
2011.01.03 09:21:32.873,1.08193,1.08219,3.00,1.88
2011.01.03 09:21:32.992,1.08194,1.08221,2.63,1.13
2011.01.03 09:21:34.213,1.08199,1.08224,1.88,1.13
2011.01.03 09:21:34.332,1.08199,1.08222,1.50,1.13
2011.01.03 09:21:34.451,1.08193,1.08222,2.25,1.13
2011.01.03 09:21:34.562,1.08193,1.08216,2.25,1.98
2011.01.03 09:21:35.150,1.08194,1.08216,1.50,2.35
2011.01.03 09:21:36.060,1.08193,1.08216,1.50,1.98
2011.01.03 09:21:38.520,1.08193,1.08217,1.50,1.88
2011.01.03 09:21:38.963,1.08196,1.08217,1.13,1.50
2011.01.03 09:21:39.451,1.08196,1.08221,1.13,1.88
2011.01.03 09:21:40.792,1.08197,1.08223,2.89,2.63
2011.01.03 09:21:41.132,1.08197,1.08221,2.25,1.13
2011.01.03 09:21:41.573,1.08194,1.08221,2.89,1.88
2011.01.03 09:21:43.795,1.08195,1.08217,1.50,1.50
2011.01.03 09:21:44.132,1.08196,1.08221,1.13,1.88
2011.01.03 09:21:47.822,1.08194,1.08221,2.25,2.25
2011.01.03 09:21:48.326,1.08195,1.08221,1.13,2.63
2011.01.03 09:21:50.180,1.08196,1.08218,1.13,1.50
2011.01.03 09:21:50.711,1.08196,1.08218,1.13,1.88
2011.01.03 09:21:51.264,1.08193,1.08218,1.13,1.50
2011.01.03 09:21:51.603,1.08196,1.08218,1.13,1.88
2011.01.03 09:21:52.160,1.08196,1.08218,1.13,1.88
2011.01.03 09:21:53.023,1.08196,1.08218,1.13,1.50
2011.01.03 09:21:53.361,1.08196,1.08218,1.50,1.88
2011.01.03 09:21:54.587,1.08196,1.0822,1.50,1.88
2011.01.03 09:21:55.142,1.082,1.08222,1.39,1.13
2011.01.03 09:21:55.265,1.08196,1.08222,5.07,1.13
2011.01.03 09:21:59.133,1.08196,1.08222,2.25,1.50
2011.01.03 09:21:59.363,1.08196,1.0822,2.25,1.13
2011.01.03 09:21:59.870,1.08196,1.0822,2.25,1.13
2011.01.03 09:22:00.821,1.08196,1.0822,2.63,1.13
2011.01.03 09:22:01.583,1.08196,1.0822,3.75,1.13
2011.01.03 09:22:01.923,1.08202,1.08223,1.13,1.50
2011.01.03 09:22:02.664,1.08203,1.08228,1.88,1.88
2011.01.03 09:22:04.115,1.08203,1.08228,1.88,2.63
2011.01.03 09:22:08.823,1.08203,1.08227,1.13,1.88
2011.01.03 09:22:11.926,1.08202,1.08227,1.13,2.25
2011.01.03 09:22:12.463,1.08201,1.08226,1.13,1.13
2011.01.03 09:22:13.955,1.082,1.08226,2.63,1.13
2011.01.03 09:22:14.291,1.08201,1.08227,1.13,2.63
2011.01.03 09:22:14.935,1.08201,1.08227,1.50,2.25
2011.01.03 09:22:15.640,1.08202,1.08229,2.25,2.25
2011.01.03 09:22:15.758,1.08203,1.08229,1.13,2.25
2011.01.03 09:22:16.091,1.08203,1.08228,1.13,1.13
2011.01.03 09:22:17.247,1.08203,1.08228,1.13,1.13
2011.01.03 09:22:17.622,1.08202,1.08228,1.13,1.13
2011.01.03 09:22:18.423,1.08201,1.08227,1.13,2.63
2011.01.03 09:22:18.981,1.08203,1.08227,1.50,1.50
2011.01.03 09:22:20.304,1.08203,1.08229,1.50,2.63
2011.01.03 09:22:21.081,1.08203,1.08228,3.00,2.25
2011.01.03 09:22:21.411,1.08203,1.08228,3.00,2.63
2011.01.03 09:22:21.522,1.08203,1.08228,3.00,2.63
2011.01.03 09:22:23.560,1.08203,1.08228,3.00,2.25
2011.01.03 09:22:25.677,1.08203,1.08228,2.63,2.63
2011.01.03 09:22:26.043,1.08203,1.08225,1.13,1.50
2011.01.03 09:22:27.093,1.08204,1.08225,1.13,1.50
2011.01.03 09:22:27.761,1.08207,1.08225,1.13,1.50
2011.01.03 09:22:28.513,1.08208,1.08225,1.13,1.50
2011.01.03 09:22:28.636,1.08208,1.08232,1.50,1.88
2011.01.03 09:22:29.166,1.08208,1.08233,1.50,2.63
2011.01.03 09:22:33.721,1.08208,1.08233,1.13,3.00
2011.01.03 09:22:33.940,1.08207,1.08233,1.13,3.00
2011.01.03 09:22:38.094,1.08208,1.08233,1.13,2.63
2011.01.03 09:22:40.602,1.08208,1.08233,1.13,3.00
2011.01.03 09:22:40.882,1.08207,1.08232,1.13,1.13
2011.01.03 09:22:41.126,1.08204,1.08228,1.13,1.13
2011.01.03 09:22:41.243,1.08202,1.08231,1.13,1.13
2011.01.03 09:22:41.366,1.08202,1.08229,1.50,1.13
2011.01.03 09:22:41.484,1.08201,1.08228,2.25,1.02
2011.01.03 09:22:42.168,1.08201,1.08224,2.25,1.13
2011.01.03 09:22:42.513,1.08199,1.08225,1.13,2.63
2011.01.03 09:22:42.854,1.08202,1.08223,1.13,1.50
2011.01.03 09:22:44.045,1.08202,1.08223,1.13,1.50
2011.01.03 09:22:46.682,1.08202,1.08223,1.13,1.50
2011.01.03 09:22:49.797,1.08203,1.08223,1.13,1.50
2011.01.03 09:22:50.034,1.08203,1.08227,1.39,1.50
2011.01.03 09:22:50.158,1.08202,1.08226,1.13,2.25
2011.01.03 09:22:50.382,1.08199,1.08226,1.13,4.13
2011.01.03 09:22:50.652,1.08198,1.08226,1.13,4.39
2011.01.03 09:22:50.769,1.08197,1.08223,1.50,1.88
2011.01.03 09:22:50.883,1.08197,1.08223,1.50,1.50
2011.01.03 09:22:51.440,1.08199,1.08224,1.88,1.88
2011.01.03 09:22:51.771,1.08199,1.08224,2.89,1.88
2011.01.03 09:22:51.992,1.08199,1.08224,2.63,1.50
2011.01.03 09:22:52.477,1.08199,1.08223,2.52,1.13
2011.01.03 09:22:53.032,1.082,1.08224,1.13,2.63
2011.01.03 09:22:53.615,1.08199,1.08223,1.39,2.63
2011.01.03 09:22:54.173,1.082,1.08223,1.13,2.25
2011.01.03 09:23:01.201,1.08199,1.08223,1.02,2.25
2011.01.03 09:23:01.531,1.08199,1.08223,1.77,1.50
2011.01.03 09:23:02.281,1.082,1.08223,2.25,1.50
2011.01.03 09:23:02.415,1.08203,1.08226,1.13,2.63
2011.01.03 09:23:03.083,1.08202,1.08225,1.88,1.13
2011.01.03 09:23:04.003,1.08202,1.08227,1.88,2.63
2011.01.03 09:23:04.123,1.08202,1.08227,2.25,2.63
2011.01.03 09:23:06.691,1.08203,1.08227,2.25,2.63
2011.01.03 09:23:09.136,1.08204,1.08227,1.50,2.63
2011.01.03 09:23:09.429,1.08204,1.08229,4.88,1.50
2011.01.03 09:23:09.766,1.08205,1.08229,2.52,1.50
2011.01.03 09:23:09.886,1.08208,1.0823,1.77,1.13
2011.01.03 09:23:10.003,1.08206,1.08232,2.14,1.13
2011.01.03 09:23:10.380,1.08206,1.08229,2.14,1.13
2011.01.03 09:23:11.000,1.08206,1.08227,2.14,1.13
2011.01.03 09:23:14.494,1.08207,1.08232,2.25,2.25
2011.01.03 09:23:14.613,1.08207,1.08232,2.25,2.25
2011.01.03 09:23:14.732,1.08207,1.08232,2.25,2.25
2011.01.03 09:23:15.053,1.08211,1.08232,1.02,1.50
2011.01.03 09:23:20.372,1.08213,1.08232,1.50,1.50
2011.01.03 09:23:20.618,1.08216,1.08241,1.50,3.75
2011.01.03 09:23:21.002,1.08221,1.08241,1.88,1.50
2011.01.03 09:23:21.124,1.08224,1.08247,1.88,3.38
2011.01.03 09:23:21.247,1.08226,1.0825,1.50,2.25
2011.01.03 09:23:22.903,1.08229,1.08251,1.88,1.50
2011.01.03 09:23:23.023,1.08228,1.08253,2.25,1.13
2011.01.03 09:23:23.144,1.08229,1.08255,1.13,3.27
2011.01.03 09:23:23.449,1.08235,1.08255,1.50,1.50
2011.01.03 09:23:23.565,1.0824,1.08259,1.02,1.88
2011.01.03 09:23:23.968,1.08238,1.08259,1.13,1.88
2011.01.03 09:23:24.090,1.0824,1.08264,1.50,1.13
2011.01.03 09:23:24.534,1.08241,1.08263,1.50,2.25
2011.01.03 09:23:24.658,1.08238,1.08263,2.25,2.25
2011.01.03 09:23:25.187,1.08237,1.08261,1.50,2.25
2011.01.03 09:23:26.583,1.08237,1.08258,1.88,1.13
2011.01.03 09:23:26.974,1.08237,1.08247,1.50,1.02
2011.01.03 09:23:27.312,1.08228,1.08246,2.63,1.02
2011.01.03 09:23:27.641,1.08223,1.08243,1.13,1.77
2011.01.03 09:23:28.196,1.08221,1.08243,2.25,1.77
2011.01.03 09:23:30.982,1.08222,1.08245,1.13,1.77
2011.01.03 09:23:33.651,1.08223,1.08246,1.50,1.77
2011.01.03 09:23:33.763,1.08225,1.08246,1.77,1.50
2011.01.03 09:23:34.326,1.08226,1.08248,1.13,2.14
2011.01.03 09:23:34.555,1.08227,1.08249,1.13,1.88
2011.01.03 09:23:36.746,1.08232,1.08253,1.13,1.50
2011.01.03 09:23:37.152,1.08238,1.08254,1.50,1.50
2011.01.03 09:23:37.265,1.08238,1.08259,1.50,1.88
2011.01.03 09:23:37.524,1.08238,1.08263,1.50,2.89
2011.01.03 09:23:37.645,1.0824,1.08262,1.50,1.88
2011.01.03 09:23:38.583,1.0824,1.08262,1.50,1.88
2011.01.03 09:23:39.039,1.08238,1.08263,1.13,2.52
2011.01.03 09:23:39.396,1.08235,1.08257,2.52,1.13
2011.01.03 09:23:39.517,1.08235,1.08259,2.14,1.13
2011.01.03 09:23:40.019,1.08233,1.08242,2.63,1.02
2011.01.03 09:23:40.134,1.08237,1.08252,1.50,1.50
2011.01.03 09:23:40.254,1.08234,1.08252,1.88,1.50
2011.01.03 09:23:40.372,1.08233,1.08259,3.00,1.88
2011.01.03 09:23:40.483,1.08233,1.08252,1.13,3.38
2011.01.03 09:23:41.321,1.0823,1.08247,1.13,1.50
2011.01.03 09:23:42.873,1.0823,1.0825,1.13,1.50
2011.01.03 09:23:45.113,1.08229,1.0825,1.13,1.50
2011.01.03 09:23:47.213,1.0823,1.08256,1.13,1.50
2011.01.03 09:23:47.729,1.08236,1.08255,1.13,1.50
2011.01.03 09:23:52.079,1.08232,1.08255,3.00,1.88
2011.01.03 09:23:52.534,1.0823,1.08255,1.50,3.00
2011.01.03 09:23:53.382,1.0823,1.08255,1.50,3.00
2011.01.03 09:23:55.003,1.08228,1.08255,1.13,1.50
2011.01.03 09:23:58.124,1.08227,1.08254,4.13,2.63
2011.01.03 09:23:58.354,1.08222,1.08247,1.50,3.00
2011.01.03 09:23:58.474,1.08226,1.08246,1.88,1.50
2011.01.03 09:23:58.815,1.08222,1.08241,1.50,1.13
2011.01.03 09:23:59.044,1.08217,1.08241,1.50,1.13
2011.01.03 09:23:59.439,1.08218,1.08241,1.50,1.13
2011.01.03 09:24:00.452,1.08215,1.08241,1.13,1.13
2011.01.03 09:24:05.098,1.08216,1.08241,1.39,1.50
2011.01.03 09:24:05.433,1.08219,1.08243,1.13,1.50
2011.01.03 09:24:07.762,1.08219,1.08243,1.13,1.50
2011.01.03 09:24:07.984,1.08218,1.08243,1.13,1.50
2011.01.03 09:24:08.309,1.08219,1.08243,2.14,1.88
2011.01.03 09:24:08.641,1.08219,1.08245,2.14,1.88
2011.01.03 09:24:09.089,1.08219,1.0824,2.25,1.02
2011.01.03 09:24:09.443,1.08216,1.0824,1.88,1.39
2011.01.03 09:24:09.775,1.08214,1.0824,1.13,2.89
2011.01.03 09:24:10.159,1.08214,1.08239,1.13,2.25
2011.01.03 09:24:10.503,1.0821,1.08236,1.13,1.88
2011.01.03 09:24:10.736,1.0821,1.08235,1.13,2.89
2011.01.03 09:24:11.216,1.08207,1.08229,1.50,1.13
2011.01.03 09:24:11.335,1.08205,1.08229,1.88,1.88
2011.01.03 09:24:11.891,1.08202,1.08228,1.88,1.50
2011.01.03 09:24:12.442,1.08202,1.08228,1.88,1.50
2011.01.03 09:24:12.966,1.08202,1.08228,1.88,1.50
2011.01.03 09:24:13.087,1.08202,1.08228,1.88,1.50
2011.01.03 09:24:14.191,1.08202,1.08228,1.88,1.88
2011.01.03 09:24:15.320,1.08202,1.08228,1.88,1.50
2011.01.03 09:24:16.122,1.08205,1.0823,1.88,1.13
2011.01.03 09:24:16.673,1.08206,1.08231,1.50,1.13
2011.01.03 09:24:17.241,1.08204,1.0823,1.13,1.02
2011.01.03 09:24:17.526,1.08204,1.08231,1.50,1.39
2011.01.03 09:24:17.753,1.08205,1.08229,2.25,1.50
2011.01.03 09:24:17.980,1.08204,1.08231,5.52,2.63
2011.01.03 09:24:18.212,1.08207,1.08231,1.50,2.63
2011.01.03 09:24:20.624,1.08207,1.08231,1.50,3.00
2011.01.03 09:24:20.885,1.08204,1.08231,2.25,1.77
2011.01.03 09:24:26.562,1.08203,1.08225,1.13,1.88
2011.01.03 09:24:27.111,1.08201,1.08223,1.13,1.50
2011.01.03 09:24:39.203,1.082,1.08223,1.13,1.77
2011.01.03 09:24:39.920,1.08198,1.08223,4.88,1.77
2011.01.03 09:24:42.082,1.08198,1.08223,2.25,2.52
2011.01.03 09:24:42.412,1.08198,1.08218,1.50,1.02
2011.01.03 09:24:42.538,1.08193,1.08218,1.88,1.02
2011.01.03 09:24:42.655,1.08193,1.0822,1.88,1.02
2011.01.03 09:24:42.858,1.08192,1.08219,2.63,1.39
2011.01.03 09:24:43.454,1.08192,1.08218,2.63,1.88
2011.01.03 09:24:43.792,1.08195,1.08218,1.88,1.88
2011.01.03 09:24:44.013,1.08195,1.08219,1.88,1.13
2011.01.03 09:24:44.324,1.08197,1.08219,1.50,1.13
2011.01.03 09:24:45.999,1.08197,1.08219,1.50,1.13
2011.01.03 09:24:47.211,1.08197,1.08219,1.50,1.13
2011.01.03 09:25:02.102,1.08196,1.08219,1.77,1.13
2011.01.03 09:25:07.534,1.08195,1.08219,1.39,1.13
2011.01.03 09:25:08.090,1.08195,1.08219,1.39,2.63
2011.01.03 09:25:08.641,1.08195,1.08219,1.39,1.13
2011.01.03 09:25:09.201,1.08197,1.08219,1.50,1.13
2011.01.03 09:25:09.781,1.08197,1.08219,1.50,1.13
2011.01.03 09:25:15.703,1.08197,1.08222,1.88,2.63
2011.01.03 09:25:15.822,1.08197,1.08222,1.88,2.63
2011.01.03 09:25:15.932,1.08199,1.08222,1.13,1.50
2011.01.03 09:25:16.150,1.08199,1.08222,1.13,1.50
2011.01.03 09:25:17.342,1.08198,1.08222,1.13,1.50
2011.01.03 09:25:17.562,1.08198,1.08222,3.00,1.50
2011.01.03 09:25:17.922,1.08204,1.08226,1.13,1.88
2011.01.03 09:25:18.036,1.08211,1.08228,1.02,1.88
2011.01.03 09:25:18.156,1.08205,1.08229,1.13,2.25
2011.01.03 09:25:18.277,1.08209,1.08233,1.50,1.88
2011.01.03 09:25:18.612,1.08209,1.0823,1.50,1.88
2011.01.03 09:25:18.722,1.08211,1.08232,1.50,1.50
2011.01.03 09:25:21.204,1.08211,1.08232,1.13,1.50
2011.01.03 09:25:22.623,1.08208,1.08232,1.13,1.50
2011.01.03 09:25:25.480,1.08207,1.08232,2.25,1.88
2011.01.03 09:25:28.790,1.08207,1.08231,1.02,1.13
2011.01.03 09:25:29.898,1.08202,1.08226,1.13,1.13
2011.01.03 09:25:30.024,1.08198,1.08226,2.25,3.00
2011.01.03 09:25:30.143,1.08197,1.08224,2.25,1.13
2011.01.03 09:25:30.268,1.08198,1.08223,2.63,1.88
2011.01.03 09:25:35.606,1.08198,1.08222,3.00,1.50
2011.01.03 09:25:37.082,1.08198,1.08222,3.00,1.50
2011.01.03 09:25:37.196,1.08201,1.08226,1.39,1.13
2011.01.03 09:25:37.441,1.08206,1.08229,2.14,2.63
2011.01.03 09:25:37.560,1.08207,1.0823,1.02,1.50
2011.01.03 09:25:37.679,1.08211,1.0823,1.50,1.50
2011.01.03 09:25:37.909,1.08217,1.08235,1.02,1.88
2011.01.03 09:25:38.401,1.08216,1.0824,1.50,2.25
2011.01.03 09:25:38.950,1.08215,1.08241,3.75,1.13
2011.01.03 09:25:44.061,1.08215,1.0824,2.63,1.39
2011.01.03 09:25:44.637,1.08213,1.0824,2.63,2.52
2011.01.03 09:25:46.353,1.08213,1.0824,2.63,2.14
2011.01.03 09:25:46.589,1.08211,1.08238,1.13,1.88
2011.01.03 09:25:46.970,1.08207,1.08236,4.50,1.13
2011.01.03 09:25:47.087,1.08207,1.08232,2.25,1.88
2011.01.03 09:25:47.921,1.08207,1.08232,2.25,2.25
2011.01.03 09:25:48.361,1.08207,1.08231,1.50,1.50
2011.01.03 09:25:53.842,1.08204,1.08231,1.50,1.13
2011.01.03 09:25:53.965,1.08204,1.08231,1.50,1.13
2011.01.03 09:25:54.246,1.08204,1.08232,1.13,3.00
2011.01.03 09:25:54.474,1.08203,1.08231,2.63,1.13
2011.01.03 09:25:55.412,1.08204,1.08231,1.13,1.13
2011.01.03 09:25:55.524,1.08204,1.08233,1.88,2.25
2011.01.03 09:25:55.925,1.08215,1.08233,2.25,1.88
2011.01.03 09:25:56.279,1.08216,1.0824,3.38,1.13
2011.01.03 09:25:56.634,1.08216,1.08241,2.25,1.88
2011.01.03 09:25:56.757,1.08216,1.08241,1.50,2.25
2011.01.03 09:25:58.472,1.08216,1.08238,2.25,1.88
2011.01.03 09:26:00.117,1.08216,1.08238,2.63,1.50
2011.01.03 09:26:00.463,1.08217,1.0824,1.50,1.50
2011.01.03 09:26:00.963,1.08219,1.08239,1.13,1.50
2011.01.03 09:26:03.371,1.08219,1.08241,1.50,1.50
2011.01.03 09:26:06.060,1.08219,1.08241,1.13,1.50
2011.01.03 09:26:06.613,1.08215,1.08241,3.64,2.63
2011.01.03 09:26:07.174,1.08215,1.08239,1.50,1.77
2011.01.03 09:26:07.526,1.0821,1.08234,1.88,1.13
2011.01.03 09:26:07.754,1.08207,1.08231,3.00,1.88
2011.01.03 09:26:08.260,1.08207,1.08229,1.50,1.50
2011.01.03 09:26:09.070,1.08207,1.08225,1.50,1.13
2011.01.03 09:26:09.855,1.08207,1.08225,1.50,1.13
2011.01.03 09:26:10.253,1.08199,1.08224,2.63,1.13
2011.01.03 09:26:10.754,1.08198,1.08221,1.50,1.88
2011.01.03 09:26:11.431,1.08197,1.08224,2.25,3.38
2011.01.03 09:26:12.075,1.08197,1.0822,2.25,1.39
2011.01.03 09:26:12.631,1.08197,1.0822,1.50,1.02
2011.01.03 09:26:13.282,1.08197,1.0822,1.50,1.02
2011.01.03 09:26:14.515,1.08197,1.08222,1.50,1.13
2011.01.03 09:26:15.259,1.08195,1.08219,3.38,1.13
2011.01.03 09:26:15.908,1.08196,1.0822,1.50,1.88
2011.01.03 09:26:16.030,1.08196,1.08221,1.88,2.14
2011.01.03 09:26:16.624,1.08196,1.08221,1.88,2.14
2011.01.03 09:26:16.744,1.08198,1.08221,1.13,1.88
2011.01.03 09:26:17.333,1.082,1.08222,1.02,1.50
2011.01.03 09:26:17.894,1.08199,1.08223,1.50,1.88
2011.01.03 09:26:18.778,1.08199,1.08223,2.25,1.50
2011.01.03 09:26:19.447,1.08202,1.08227,1.50,2.63
2011.01.03 09:26:20.016,1.082,1.08224,2.25,1.88
2011.01.03 09:26:20.418,1.08198,1.08223,2.25,1.50
2011.01.03 09:26:20.773,1.08194,1.08218,1.50,3.00
2011.01.03 09:26:21.026,1.08194,1.08218,1.50,2.63
2011.01.03 09:26:21.153,1.08193,1.08217,2.25,2.25
2011.01.03 09:26:21.271,1.08193,1.08217,2.25,1.50
2011.01.03 09:26:21.823,1.08192,1.08216,3.00,1.50
2011.01.03 09:26:22.763,1.08192,1.08216,1.50,1.88
2011.01.03 09:26:24.234,1.08193,1.08215,1.50,1.13
2011.01.03 09:26:24.792,1.08193,1.08214,1.50,1.13
2011.01.03 09:26:25.122,1.08191,1.08214,1.50,1.13
2011.01.03 09:26:25.233,1.08191,1.08215,2.25,1.13
2011.01.03 09:26:26.633,1.08195,1.08214,1.13,2.25
2011.01.03 09:26:27.311,1.08195,1.08216,1.13,1.13
2011.01.03 09:26:28.062,1.08195,1.08217,1.13,2.63
2011.01.03 09:26:28.595,1.08196,1.08217,1.50,1.50
2011.01.03 09:26:28.714,1.08196,1.08219,1.50,1.50
2011.01.03 09:26:31.864,1.08198,1.08219,1.13,1.50
2011.01.03 09:26:31.983,1.08198,1.08224,1.13,2.25
2011.01.03 09:26:33.653,1.08201,1.08224,1.50,2.25
2011.01.03 09:26:33.774,1.08202,1.08224,1.13,1.50
2011.01.03 09:26:33.897,1.08202,1.08229,1.13,2.25
2011.01.03 09:26:34.446,1.08205,1.08229,1.13,2.63
2011.01.03 09:26:34.900,1.08203,1.08226,2.25,1.13
2011.01.03 09:26:35.149,1.08198,1.08224,5.63,1.50
2011.01.03 09:26:35.385,1.08198,1.0822,1.50,1.13
2011.01.03 09:26:38.068,1.08193,1.08215,1.88,3.00
2011.01.03 09:26:39.811,1.08189,1.0821,1.88,1.13
2011.01.03 09:26:40.603,1.08189,1.08214,2.25,2.25
2011.01.03 09:26:40.957,1.08194,1.08221,1.50,4.50
2011.01.03 09:26:41.214,1.08195,1.08221,1.13,4.50
2011.01.03 09:26:41.576,1.08201,1.08221,1.50,1.50
2011.01.03 09:26:41.808,1.08206,1.08228,1.13,2.63
2011.01.03 09:26:42.172,1.08204,1.08229,4.50,2.63
2011.01.03 09:26:43.932,1.08204,1.08229,3.38,2.63
2011.01.03 09:26:44.493,1.08204,1.08229,3.38,2.25
2011.01.03 09:26:45.091,1.08205,1.08229,1.13,2.25
2011.01.03 09:26:47.341,1.08205,1.08229,1.13,1.50
2011.01.03 09:26:48.313,1.08205,1.08229,1.13,1.50
2011.01.03 09:26:49.731,1.08205,1.0823,1.13,1.88
2011.01.03 09:26:50.747,1.08203,1.08229,2.25,1.13
2011.01.03 09:26:50.873,1.08199,1.08225,3.75,1.13
2011.01.03 09:26:50.998,1.08198,1.08224,3.38,1.13
2011.01.03 09:26:51.609,1.08196,1.08223,2.63,1.88
2011.01.03 09:26:52.271,1.08196,1.08223,2.25,2.14
2011.01.03 09:26:53.904,1.08197,1.08224,2.89,3.00
2011.01.03 09:26:54.134,1.08197,1.08226,2.63,2.63
2011.01.03 09:26:54.256,1.08197,1.08224,2.25,1.13
2011.01.03 09:26:54.821,1.08198,1.08224,1.50,1.13
2011.01.03 09:26:55.421,1.08197,1.08224,2.25,3.00
2011.01.03 09:26:58.672,1.08197,1.08224,3.00,3.00
2011.01.03 09:26:59.002,1.08199,1.08224,1.39,1.13
2011.01.03 09:26:59.851,1.082,1.08224,1.88,1.13
2011.01.03 09:27:00.473,1.082,1.08226,2.25,1.13
2011.01.03 09:27:00.686,1.08202,1.08228,1.02,1.13
2011.01.03 09:27:01.025,1.08203,1.08226,1.88,1.13
2011.01.03 09:27:01.145,1.08203,1.08226,1.50,1.13
2011.01.03 09:27:02.332,1.08203,1.08226,1.50,1.13
2011.01.03 09:27:03.603,1.08203,1.08226,2.14,1.13
2011.01.03 09:27:03.715,1.08203,1.08226,1.50,1.13
2011.01.03 09:27:04.315,1.08201,1.08226,1.88,1.13
2011.01.03 09:27:04.435,1.08201,1.08226,2.25,1.13
2011.01.03 09:27:04.554,1.08201,1.08226,1.88,1.13
2011.01.03 09:27:05.014,1.082,1.08226,1.13,1.50
2011.01.03 09:27:05.572,1.082,1.08222,1.13,1.88
2011.01.03 09:27:11.643,1.082,1.08222,1.13,1.88
2011.01.03 09:27:20.542,1.082,1.08224,1.13,1.13
2011.01.03 09:27:21.442,1.08201,1.08226,2.25,2.25
2011.01.03 09:27:21.664,1.08201,1.08226,2.25,2.25
2011.01.03 09:27:22.223,1.08204,1.08229,2.25,2.63
2011.01.03 09:27:22.554,1.08204,1.08229,3.75,1.88
2011.01.03 09:27:23.014,1.08207,1.08232,1.13,2.25
2011.01.03 09:27:23.135,1.08207,1.08232,1.77,2.25
2011.01.03 09:27:24.794,1.0821,1.08231,1.13,1.50
2011.01.03 09:27:25.033,1.08211,1.08231,1.50,1.50
2011.01.03 09:27:28.153,1.0821,1.08231,1.13,1.50
2011.01.03 09:27:28.385,1.08205,1.08232,1.88,1.88
2011.01.03 09:27:28.580,1.08205,1.08232,1.88,2.25
2011.01.03 09:27:28.702,1.08206,1.08232,1.13,1.50
2011.01.03 09:27:29.308,1.08209,1.08232,1.13,1.88
2011.01.03 09:27:29.902,1.08209,1.08232,1.50,1.50
