2013.11.29 10:00:00.190,1.39225,1.39232,1.00,2.25
2013.11.29 10:00:00.342,1.39225,1.39232,1.38,1.50
2013.11.29 10:00:00.443,1.39225,1.39233,1.00,1.50
2013.11.29 10:00:00.494,1.39225,1.39234,3.00,2.25
2013.11.29 10:00:00.545,1.39227,1.39238,1.50,1.15
2013.11.29 10:00:00.722,1.39231,1.39239,2.25,1.50
2013.11.29 10:00:00.773,1.39233,1.39242,1.50,1.13
2013.11.29 10:00:00.824,1.39231,1.39242,2.33,1.88
2013.11.29 10:00:00.874,1.3923,1.39242,2.25,2.25
2013.11.29 10:00:01.076,1.39228,1.39236,1.50,1.00
2013.11.29 10:00:01.379,1.39225,1.39233,1.00,4.88
2013.11.29 10:00:02.038,1.39225,1.39235,1.20,1.50
2013.11.29 10:00:02.089,1.39229,1.39235,1.00,1.50
2013.11.29 10:00:02.241,1.39229,1.39238,1.88,1.00
2013.11.29 10:00:02.291,1.39229,1.3924,1.88,1.15
2013.11.29 10:00:02.594,1.3923,1.39235,1.13,2.50
2013.11.29 10:00:02.645,1.39229,1.39235,2.18,2.50
2013.11.29 10:00:02.797,1.39225,1.39232,1.00,2.25
2013.11.29 10:00:02.898,1.39224,1.39228,1.00,2.25
2013.11.29 10:00:03.000,1.39225,1.39231,1.00,1.15
2013.11.29 10:00:03.202,1.39225,1.39232,1.38,1.50
2013.11.29 10:00:03.505,1.39225,1.39232,1.38,1.35
2013.11.29 10:00:03.720,1.39228,1.39235,1.50,1.13
2013.11.29 10:00:03.771,1.39226,1.39231,2.25,1.50
2013.11.29 10:00:03.822,1.3922,1.39227,1.50,1.10
2013.11.29 10:00:04.075,1.3922,1.39227,1.00,1.08
2013.11.29 10:00:04.379,1.39219,1.39223,1.00,2.25
2013.11.29 10:00:04.581,1.39215,1.39221,1.00,2.25
2013.11.29 10:00:04.631,1.39215,1.39219,1.00,2.33
2013.11.29 10:00:04.934,1.39205,1.3921,2.25,1.00
2013.11.29 10:00:05.035,1.39205,1.3921,2.25,2.25
2013.11.29 10:00:05.137,1.392,1.3921,1.65,2.48
2013.11.29 10:00:05.288,1.39198,1.39208,1.20,1.80
2013.11.29 10:00:05.339,1.39197,1.39208,1.53,2.48
2013.11.29 10:00:05.692,1.39196,1.39206,1.88,2.63
2013.11.29 10:00:05.894,1.39188,1.392,3.00,1.73
2013.11.29 10:00:06.096,1.39193,1.39196,1.00,1.00
2013.11.29 10:00:06.197,1.39186,1.39194,3.00,2.25
2013.11.29 10:00:06.248,1.39184,1.39194,1.28,3.00
2013.11.29 10:00:06.349,1.39182,1.39191,1.45,1.30
2013.11.29 10:00:06.644,1.39179,1.3919,1.15,1.73
2013.11.29 10:00:07.048,1.39179,1.39188,1.08,2.33
2013.11.29 10:00:07.251,1.39166,1.3918,1.15,6.63
2013.11.29 10:00:07.302,1.39166,1.39174,1.08,1.68
2013.11.29 10:00:07.656,1.39163,1.39169,1.08,1.00
2013.11.29 10:00:07.707,1.39165,1.39173,1.10,1.45
2013.11.29 10:00:08.011,1.39163,1.39168,1.20,1.00
2013.11.29 10:00:08.163,1.39155,1.3917,1.88,1.65
2013.11.29 10:00:08.214,1.39155,1.39169,1.08,1.58
2013.11.29 10:00:08.265,1.39155,1.39169,1.15,2.25
2013.11.29 10:00:08.316,1.39155,1.39169,3.08,1.50
2013.11.29 10:00:08.366,1.39161,1.39169,1.15,1.00
2013.11.29 10:00:08.417,1.39162,1.3917,1.58,1.10
2013.11.29 10:00:08.620,1.39164,1.39176,2.10,1.88
2013.11.29 10:00:08.721,1.3917,1.39176,1.00,1.88
2013.11.29 10:00:08.822,1.39168,1.39178,2.10,1.65
2013.11.29 10:00:08.872,1.39168,1.39178,1.43,2.70
2013.11.29 10:00:09.124,1.39159,1.39168,1.35,1.50
2013.11.29 10:00:09.377,1.39157,1.39168,1.95,1.88
2013.11.29 10:00:09.478,1.39157,1.39168,1.95,1.88
2013.11.29 10:00:09.529,1.39159,1.39168,1.00,1.88
2013.11.29 10:00:10.041,1.39159,1.39169,1.00,2.10
2013.11.29 10:00:10.344,1.3915,1.39161,1.20,1.42
2013.11.29 10:00:10.445,1.3915,1.39161,2.10,1.57
2013.11.29 10:00:10.597,1.3915,1.39157,1.35,1.48
2013.11.29 10:00:10.648,1.39145,1.39157,2.10,2.66
2013.11.29 10:00:10.799,1.39145,1.39157,1.35,1.69
2013.11.29 10:00:11.203,1.3914,1.39151,2.18,1.00
2013.11.29 10:00:11.304,1.39134,1.39148,2.18,1.00
2013.11.29 10:00:11.607,1.39124,1.39128,2.18,1.00
2013.11.29 10:00:11.758,1.39122,1.39132,2.18,1.24
2013.11.29 10:00:11.808,1.39114,1.39127,4.35,1.38
2013.11.29 10:00:12.118,1.3911,1.39119,2.18,1.36
2013.11.29 10:00:12.169,1.39103,1.39119,1.00,1.36
2013.11.29 10:00:12.323,1.39086,1.39116,1.38,1.38
2013.11.29 10:00:12.374,1.3909,1.39115,1.30,1.75
2013.11.29 10:00:12.475,1.3909,1.3911,1.50,1.00
2013.11.29 10:00:12.526,1.3909,1.39106,1.88,1.00
2013.11.29 10:00:12.828,1.39088,1.39096,1.38,1.38
2013.11.29 10:00:12.929,1.39074,1.39096,1.38,1.38
2013.11.29 10:00:13.030,1.39074,1.39092,1.00,1.75
2013.11.29 10:00:13.081,1.3907,1.39092,1.13,1.99
2013.11.29 10:00:13.182,1.39063,1.39091,1.75,1.74
2013.11.29 10:00:13.333,1.39064,1.39091,1.38,1.00
2013.11.29 10:00:13.384,1.3907,1.39096,1.38,1.38
2013.11.29 10:00:13.435,1.3907,1.39096,1.38,1.38
2013.11.29 10:00:13.485,1.39073,1.39098,1.38,1.75
2013.11.29 10:00:13.802,1.39073,1.39101,2.63,1.36
2013.11.29 10:00:14.105,1.39078,1.39102,1.43,2.86
2013.11.29 10:00:14.407,1.39088,1.39104,2.25,2.25
2013.11.29 10:00:14.710,1.39091,1.39102,2.25,1.88
2013.11.29 10:00:14.912,1.39096,1.39106,1.50,1.20
2013.11.29 10:00:15.018,1.39096,1.39103,1.88,1.00
2013.11.29 10:00:15.119,1.39096,1.39105,1.88,1.00
2013.11.29 10:00:15.321,1.39099,1.3911,1.50,2.33
2013.11.29 10:00:15.372,1.39099,1.39111,2.25,2.86
2013.11.29 10:00:15.524,1.39105,1.39111,1.00,1.50
2013.11.29 10:00:15.625,1.39102,1.39111,1.38,1.50
2013.11.29 10:00:15.676,1.39108,1.39113,1.50,2.49
2013.11.29 10:00:15.777,1.3911,1.39121,1.58,1.20
2013.11.29 10:00:15.879,1.39111,1.39123,1.20,2.33
2013.11.29 10:00:15.929,1.39112,1.39124,1.88,1.50
2013.11.29 10:00:16.232,1.39114,1.39126,2.25,1.50
2013.11.29 10:00:16.585,1.39115,1.39125,1.58,1.50
2013.11.29 10:00:16.686,1.39115,1.39127,2.25,1.50
2013.11.29 10:00:16.938,1.39109,1.3913,1.90,1.14
2013.11.29 10:00:17.090,1.39114,1.39128,1.13,2.49
2013.11.29 10:00:17.342,1.39117,1.39137,3.00,1.36
2013.11.29 10:00:17.494,1.39119,1.39133,1.10,1.00
2013.11.29 10:00:17.776,1.39117,1.39135,1.13,1.14
2013.11.29 10:00:18.129,1.39117,1.39135,1.65,1.24
2013.11.29 10:00:18.433,1.39137,1.3915,1.00,2.25
2013.11.29 10:00:18.484,1.39137,1.3915,1.00,1.88
2013.11.29 10:00:18.632,1.39139,1.3915,1.00,1.50
2013.11.29 10:00:18.784,1.39139,1.39154,1.00,1.36
2013.11.29 10:00:18.885,1.39139,1.39154,1.00,1.36
2013.11.29 10:00:19.238,1.39148,1.39161,1.38,1.93
2013.11.29 10:00:19.540,1.39146,1.39168,1.88,1.36
2013.11.29 10:00:19.591,1.39146,1.39166,2.25,1.18
2013.11.29 10:00:19.692,1.39149,1.39154,2.25,1.00
2013.11.29 10:00:20.158,1.39149,1.39154,3.00,1.00
2013.11.29 10:00:20.309,1.39149,1.39154,2.40,1.00
2013.11.29 10:00:20.772,1.39152,1.39155,1.00,1.00
2013.11.29 10:00:20.822,1.39152,1.39159,1.00,1.88
2013.11.29 10:00:20.873,1.39155,1.39159,1.00,1.13
2013.11.29 10:00:21.024,1.39147,1.39157,1.50,1.02
2013.11.29 10:00:21.528,1.39148,1.39157,1.08,1.95
2013.11.29 10:00:21.860,1.39146,1.39154,1.00,2.25
2013.11.29 10:00:22.213,1.3914,1.39147,1.58,1.74
2013.11.29 10:00:22.264,1.39139,1.39142,1.00,1.13
2013.11.29 10:00:22.315,1.39132,1.3914,1.50,2.49
2013.11.29 10:00:22.517,1.39124,1.39135,2.25,2.25
2013.11.29 10:00:22.568,1.39123,1.39131,1.00,1.74
2013.11.29 10:00:22.669,1.39119,1.39131,2.63,1.93
2013.11.29 10:00:22.770,1.3912,1.39131,1.65,1.69
2013.11.29 10:00:22.821,1.39129,1.39131,1.00,1.35
2013.11.29 10:00:22.922,1.39122,1.3913,1.38,1.15
2013.11.29 10:00:23.023,1.39125,1.39132,1.38,1.35
2013.11.29 10:00:23.275,1.39133,1.39143,1.10,1.50
2013.11.29 10:00:23.326,1.3914,1.39144,1.38,1.35
2013.11.29 10:00:23.527,1.3914,1.39149,1.88,1.00
2013.11.29 10:00:23.578,1.3914,1.39149,1.13,1.50
2013.11.29 10:00:23.629,1.39137,1.39145,3.38,1.00
2013.11.29 10:00:23.679,1.39137,1.39145,1.88,1.50
2013.11.29 10:00:23.997,1.39135,1.39141,1.95,1.50
2013.11.29 10:00:24.098,1.39136,1.39141,1.38,1.00
2013.11.29 10:00:24.199,1.39137,1.39141,1.48,1.00
2013.11.29 10:00:24.514,1.39138,1.39141,1.00,1.00
2013.11.29 10:00:24.565,1.39141,1.3915,1.50,1.00
2013.11.29 10:00:24.666,1.39147,1.39153,3.00,3.19
2013.11.29 10:00:24.883,1.39142,1.39151,1.38,1.69
2013.11.29 10:00:25.399,1.39142,1.39153,1.15,3.57
2013.11.29 10:00:25.922,1.39142,1.39153,1.15,3.57
2013.11.29 10:00:26.528,1.39142,1.39151,1.13,2.82
2013.11.29 10:00:26.684,1.39145,1.39151,1.50,2.07
2013.11.29 10:00:26.851,1.39145,1.39153,1.50,3.43
2013.11.29 10:00:27.055,1.39145,1.39155,4.28,2.11
2013.11.29 10:00:27.357,1.39149,1.39157,2.70,3.31
2013.11.29 10:00:27.408,1.39149,1.39159,2.78,3.80
2013.11.29 10:00:27.712,1.39153,1.39159,1.38,1.50
2013.11.29 10:00:27.914,1.39155,1.39165,2.78,4.18
2013.11.29 10:00:27.966,1.39155,1.39165,2.78,4.18
2013.11.29 10:00:28.269,1.3915,1.39157,1.50,2.49
2013.11.29 10:00:28.370,1.3915,1.39154,1.50,1.74
2013.11.29 10:00:28.572,1.39145,1.39157,7.13,2.49
2013.11.29 10:00:28.749,1.3915,1.39155,2.25,1.44
2013.11.29 10:00:28.902,1.3915,1.39157,1.50,2.49
2013.11.29 10:00:29.014,1.3915,1.39157,1.50,2.49
2013.11.29 10:00:29.143,1.39146,1.39155,1.15,2.00
2013.11.29 10:00:29.347,1.3914,1.39148,4.50,1.47
2013.11.29 10:00:29.398,1.39142,1.39148,1.00,1.47
2013.11.29 10:00:29.702,1.39141,1.3915,1.20,1.14
2013.11.29 10:00:30.415,1.39141,1.3915,1.58,1.39
2013.11.29 10:00:30.517,1.39145,1.39153,1.00,2.68
2013.11.29 10:00:30.719,1.39145,1.39152,1.00,2.11
2013.11.29 10:00:31.181,1.39145,1.39153,1.13,1.14
2013.11.29 10:00:31.484,1.39141,1.39147,1.00,1.74
2013.11.29 10:00:31.787,1.39135,1.3914,1.00,1.74
2013.11.29 10:00:31.838,1.39135,1.3914,1.00,1.74
2013.11.29 10:00:32.351,1.39133,1.3914,2.25,2.68
2013.11.29 10:00:32.563,1.39126,1.39135,2.70,1.25
2013.11.29 10:00:32.614,1.39124,1.39132,1.13,2.11
2013.11.29 10:00:32.726,1.3912,1.3913,1.45,3.05
2013.11.29 10:00:33.029,1.39129,1.39135,1.00,2.11
2013.11.29 10:00:33.130,1.3913,1.39136,1.00,2.00
2013.11.29 10:00:33.483,1.3913,1.39136,1.00,1.18
2013.11.29 10:00:33.584,1.39129,1.39135,7.90,1.18
2013.11.29 10:00:34.007,1.39129,1.39131,3.90,1.25
2013.11.29 10:00:34.528,1.3913,1.39131,2.25,1.25
2013.11.29 10:00:34.579,1.3913,1.39134,2.33,1.00
2013.11.29 10:00:34.680,1.39131,1.39137,1.58,1.00
2013.11.29 10:00:34.781,1.39133,1.39142,1.65,2.97
2013.11.29 10:00:35.244,1.3913,1.39135,1.45,1.50
2013.11.29 10:00:35.547,1.39128,1.39134,2.10,1.00
2013.11.29 10:00:35.648,1.39128,1.39139,2.44,2.45
2013.11.29 10:00:36.810,1.39128,1.39133,3.42,1.00
2013.11.29 10:00:36.964,1.39128,1.39135,3.57,1.00
2013.11.29 10:00:37.434,1.3913,1.39135,1.50,1.00
2013.11.29 10:00:38.181,1.3913,1.39139,3.38,1.00
2013.11.29 10:00:38.604,1.39135,1.3914,1.00,1.09
2013.11.29 10:00:39.097,1.39137,1.39142,1.50,3.65
2013.11.29 10:00:39.211,1.39135,1.39141,1.00,1.25
2013.11.29 10:00:39.313,1.39135,1.39142,3.00,3.65
2013.11.29 10:00:39.663,1.3913,1.39134,3.00,3.24
2013.11.29 10:00:39.764,1.39122,1.39132,4.13,1.14
2013.11.29 10:00:39.865,1.39128,1.39131,1.00,1.69
2013.11.29 10:00:39.916,1.39125,1.39131,1.00,3.43
2013.11.29 10:00:40.307,1.39124,1.39131,2.25,3.80
2013.11.29 10:00:40.409,1.39117,1.39126,1.15,1.65
2013.11.29 10:00:40.711,1.39122,1.39126,1.00,1.08
2013.11.29 10:00:41.064,1.39123,1.39128,3.08,2.25
2013.11.29 10:00:41.115,1.39123,1.39131,3.15,2.40
2013.11.29 10:00:41.468,1.39125,1.39129,1.28,1.00
2013.11.29 10:00:41.619,1.39126,1.39133,1.00,3.80
2013.11.29 10:00:42.023,1.39125,1.39131,1.00,1.65
2013.11.29 10:00:42.124,1.39121,1.39132,3.30,1.90
2013.11.29 10:00:42.460,1.39125,1.39132,1.50,1.90
2013.11.29 10:00:42.763,1.39126,1.39135,1.15,1.47
2013.11.29 10:00:43.066,1.39131,1.39142,1.28,4.48
2013.11.29 10:00:43.368,1.3913,1.39135,3.38,1.00
2013.11.29 10:00:43.514,1.39132,1.39142,1.20,4.85
2013.11.29 10:00:43.616,1.39132,1.39138,3.00,2.25
2013.11.29 10:00:43.717,1.39135,1.3914,1.15,5.25
2013.11.29 10:00:44.120,1.39137,1.39144,1.00,1.65
2013.11.29 10:00:44.475,1.39139,1.39147,1.88,1.32
2013.11.29 10:00:44.525,1.39139,1.39148,1.88,2.44
2013.11.29 10:00:45.115,1.3914,1.39147,3.00,1.00
2013.11.29 10:00:46.307,1.3914,1.3915,2.82,1.20
2013.11.29 10:00:46.661,1.39145,1.39152,1.00,2.07
2013.11.29 10:00:47.005,1.39145,1.39153,1.15,1.57
2013.11.29 10:00:48.044,1.39145,1.39151,1.15,1.19
2013.11.29 10:00:48.145,1.39146,1.39154,1.20,1.84
2013.11.29 10:00:48.196,1.39146,1.39154,1.58,1.09
2013.11.29 10:00:48.398,1.39148,1.39158,2.22,3.19
2013.11.29 10:00:48.650,1.3915,1.39158,2.25,2.44
2013.11.29 10:00:48.953,1.39158,1.39162,1.32,1.35
2013.11.29 10:00:49.105,1.3916,1.39168,1.38,1.59
2013.11.29 10:00:49.256,1.3916,1.39169,3.38,1.69
2013.11.29 10:00:49.307,1.3916,1.39169,3.38,1.69
2013.11.29 10:00:49.609,1.39165,1.3917,1.28,1.19
2013.11.29 10:00:49.811,1.39167,1.39174,1.00,2.78
2013.11.29 10:00:49.861,1.39167,1.39172,1.00,1.88
2013.11.29 10:00:50.395,1.39167,1.39175,1.20,1.47
2013.11.29 10:00:50.496,1.39167,1.39175,1.20,2.22
2013.11.29 10:00:51.773,1.39167,1.39174,1.20,1.32
2013.11.29 10:00:52.261,1.39165,1.39174,1.28,2.03
2013.11.29 10:00:52.362,1.39167,1.39174,1.00,2.03
2013.11.29 10:00:52.463,1.39169,1.39175,1.20,2.25
2013.11.29 10:00:52.564,1.39167,1.39172,1.95,1.63
2013.11.29 10:00:52.716,1.39167,1.39175,1.95,2.52
2013.11.29 10:00:52.817,1.39169,1.39175,1.95,1.13
2013.11.29 10:00:53.422,1.39172,1.39175,1.00,1.25
2013.11.29 10:00:53.674,1.39169,1.39179,1.65,3.38
2013.11.29 10:00:54.029,1.39169,1.39175,1.20,1.32
2013.11.29 10:00:54.231,1.39167,1.39175,2.25,1.13
2013.11.29 10:00:54.332,1.39167,1.39175,1.65,1.28
2013.11.29 10:00:54.383,1.39167,1.39175,1.58,1.95
2013.11.29 10:00:54.685,1.39169,1.39175,1.13,2.25
2013.11.29 10:00:54.837,1.39167,1.39175,1.00,2.82
2013.11.29 10:00:54.938,1.39167,1.39172,1.00,1.19
2013.11.29 10:00:55.284,1.39173,1.39175,1.25,1.00
2013.11.29 10:00:55.586,1.39174,1.3918,3.00,5.40
2013.11.29 10:00:55.637,1.39174,1.3918,3.00,4.73
2013.11.29 10:00:56.141,1.39175,1.3918,1.48,4.65
2013.11.29 10:00:56.363,1.39179,1.39183,1.00,2.33
2013.11.29 10:00:56.666,1.39181,1.39186,2.25,1.50
2013.11.29 10:00:57.172,1.39184,1.39191,1.08,6.23
2013.11.29 10:00:57.324,1.39186,1.39194,1.78,2.48
2013.11.29 10:00:57.375,1.39188,1.39194,2.25,2.10
2013.11.29 10:00:57.677,1.39185,1.3919,2.10,1.61
2013.11.29 10:00:57.879,1.39176,1.39185,1.95,1.72
2013.11.29 10:00:57.945,1.39174,1.39184,4.50,1.09
2013.11.29 10:00:57.996,1.39174,1.39179,3.75,1.07
2013.11.29 10:00:58.298,1.39173,1.39179,1.50,1.13
2013.11.29 10:00:58.449,1.3917,1.3918,3.00,1.65
2013.11.29 10:00:58.551,1.39168,1.39179,3.00,1.51
2013.11.29 10:00:58.601,1.3917,1.39178,1.20,1.28
2013.11.29 10:00:59.449,1.39168,1.39177,1.00,2.25
2013.11.29 10:00:59.601,1.39168,1.39177,1.38,2.07
2013.11.29 10:00:59.702,1.39168,1.39178,1.53,1.70
2013.11.29 10:00:59.853,1.39168,1.39177,1.38,2.07
2013.11.29 10:00:59.904,1.39167,1.39177,1.28,2.44
2013.11.29 10:00:59.954,1.39167,1.39177,1.28,2.44
2013.11.29 10:01:00.257,1.39169,1.39177,1.38,2.25
2013.11.29 10:01:00.459,1.39172,1.3918,1.20,4.65
2013.11.29 10:01:00.510,1.39174,1.3918,1.00,4.58
2013.11.29 10:01:01.014,1.39175,1.3918,1.00,5.07
2013.11.29 10:01:01.320,1.39176,1.3918,1.15,4.50
2013.11.29 10:01:01.853,1.39176,1.3918,1.00,5.07
2013.11.29 10:01:02.381,1.39177,1.3918,1.00,3.57
2013.11.29 10:01:02.684,1.39182,1.39185,2.32,3.00
2013.11.29 10:01:03.047,1.39183,1.39188,1.69,2.18
2013.11.29 10:01:03.098,1.39183,1.3919,2.44,3.00
2013.11.29 10:01:03.229,1.39183,1.39189,1.73,1.00
2013.11.29 10:01:03.433,1.39185,1.3919,1.20,2.25
2013.11.29 10:01:03.651,1.39185,1.39194,1.20,1.15
2013.11.29 10:01:04.160,1.39187,1.39195,1.00,5.82
2013.11.29 10:01:04.312,1.39187,1.39195,1.28,3.90
2013.11.29 10:01:04.555,1.39187,1.39191,1.28,1.50
2013.11.29 10:01:04.858,1.39189,1.39195,1.38,2.22
2013.11.29 10:01:05.514,1.39186,1.39194,2.07,3.98
2013.11.29 10:01:05.816,1.39187,1.39194,2.44,4.43
2013.11.29 10:01:06.226,1.39189,1.3919,1.10,3.00
2013.11.29 10:01:06.277,1.39186,1.3919,1.00,4.32
2013.11.29 10:01:06.327,1.39183,1.39188,1.50,1.50
2013.11.29 10:01:06.378,1.39179,1.39186,1.88,1.77
2013.11.29 10:01:06.479,1.39181,1.39183,1.00,1.25
2013.11.29 10:01:06.793,1.39179,1.39181,1.00,1.19
2013.11.29 10:01:06.894,1.39175,1.39181,1.65,1.32
2013.11.29 10:01:07.147,1.39175,1.39181,3.45,1.32
2013.11.29 10:01:07.459,1.39179,1.39182,1.00,1.50
2013.11.29 10:01:08.387,1.39175,1.3918,1.20,1.13
2013.11.29 10:01:08.600,1.39174,1.39182,1.15,1.35
2013.11.29 10:01:08.797,1.39174,1.39183,1.40,2.25
2013.11.29 10:01:08.848,1.39176,1.39183,1.00,1.28
2013.11.29 10:01:08.899,1.39176,1.39181,1.00,1.19
2013.11.29 10:01:09.201,1.39178,1.39181,1.00,1.00
2013.11.29 10:01:09.505,1.39175,1.39181,1.58,1.00
2013.11.29 10:01:10.010,1.39175,1.39182,1.58,1.30
2013.11.29 10:01:10.764,1.39175,1.39183,1.58,2.59
2013.11.29 10:01:11.118,1.39173,1.39181,3.38,1.19
2013.11.29 10:01:11.169,1.39175,1.39181,1.08,1.19
2013.11.29 10:01:11.271,1.39173,1.39181,3.38,1.19
2013.11.29 10:01:12.764,1.39174,1.3918,1.28,2.07
2013.11.29 10:01:13.312,1.39176,1.39183,1.13,1.09
2013.11.29 10:01:13.363,1.39178,1.39184,1.00,1.65
2013.11.29 10:01:13.665,1.39179,1.39186,1.38,1.88
2013.11.29 10:01:14.013,1.39179,1.39187,1.38,2.97
2013.11.29 10:01:14.265,1.39181,1.39186,1.38,1.00
2013.11.29 10:01:14.668,1.39183,1.39188,1.38,1.28
2013.11.29 10:01:15.096,1.39185,1.39192,1.38,1.28
2013.11.29 10:01:15.399,1.39186,1.39195,1.47,1.15
2013.11.29 10:01:15.450,1.39186,1.39195,1.09,1.53
2013.11.29 10:01:16.028,1.39186,1.3919,1.09,1.50
2013.11.29 10:01:16.180,1.39184,1.39189,1.28,1.50
2013.11.29 10:01:16.231,1.39186,1.39189,1.00,1.50
2013.11.29 10:01:16.533,1.39187,1.39195,2.63,1.32
2013.11.29 10:01:16.638,1.39187,1.39195,2.63,1.19
2013.11.29 10:01:17.477,1.39187,1.39196,1.58,1.72
2013.11.29 10:01:17.527,1.39188,1.39196,1.13,1.64
2013.11.29 10:01:17.830,1.39185,1.3919,1.53,1.00
2013.11.29 10:01:18.411,1.39185,1.39193,1.53,1.69
2013.11.29 10:01:19.114,1.39185,1.39193,1.15,1.57
2013.11.29 10:01:20.787,1.39185,1.3919,1.00,1.50
2013.11.29 10:01:21.234,1.39186,1.39194,1.20,1.09
2013.11.29 10:01:21.986,1.39186,1.39191,1.00,2.07
2013.11.29 10:01:22.036,1.39185,1.39188,1.00,1.19
2013.11.29 10:01:22.137,1.39184,1.39188,1.00,1.57
2013.11.29 10:01:22.239,1.39179,1.39188,1.72,1.77
2013.11.29 10:01:22.290,1.39179,1.39186,1.08,2.00
2013.11.29 10:01:22.341,1.39175,1.39184,1.65,1.15
2013.11.29 10:01:25.152,1.39174,1.39185,2.03,2.49
2013.11.29 10:01:25.752,1.39174,1.3918,1.08,1.38
2013.11.29 10:01:26.064,1.39172,1.39179,1.00,1.09
2013.11.29 10:01:26.165,1.3917,1.39177,1.00,1.84
2013.11.29 10:01:26.216,1.3917,1.39176,1.00,1.57
2013.11.29 10:01:26.721,1.39167,1.39175,2.25,1.94
2013.11.29 10:01:26.872,1.39166,1.39175,1.20,3.90
2013.11.29 10:01:28.143,1.39166,1.39175,1.65,1.28
2013.11.29 10:01:28.244,1.39168,1.39175,1.00,1.28
2013.11.29 10:01:28.698,1.3917,1.39175,1.00,1.38
2013.11.29 10:01:28.849,1.3917,1.39178,1.50,1.15
2013.11.29 10:01:29.399,1.3917,1.39178,1.65,1.00
2013.11.29 10:01:29.789,1.39172,1.39181,1.08,1.83
2013.11.29 10:01:30.208,1.39173,1.39182,1.50,1.75
2013.11.29 10:01:30.359,1.39173,1.39183,1.09,2.25
2013.11.29 10:01:31.388,1.39175,1.39183,1.00,2.49
2013.11.29 10:01:31.967,1.39175,1.39185,1.65,4.13
2013.11.29 10:01:33.079,1.39175,1.39181,2.03,1.13
2013.11.29 10:01:33.129,1.39178,1.39181,1.00,1.13
2013.11.29 10:01:34.990,1.39178,1.39186,1.20,3.49
2013.11.29 10:01:35.292,1.39179,1.39186,1.13,3.38
2013.11.29 10:01:35.393,1.39181,1.39186,1.00,1.28
2013.11.29 10:01:35.771,1.39181,1.39189,1.50,1.53
2013.11.29 10:01:35.872,1.39181,1.39192,2.40,2.11
2013.11.29 10:01:36.124,1.39188,1.39197,1.13,3.05
2013.11.29 10:01:36.528,1.39189,1.39197,1.95,1.20
2013.11.29 10:01:36.956,1.39191,1.39199,1.00,2.82
2013.11.29 10:01:37.505,1.39191,1.39198,1.58,2.48
2013.11.29 10:01:37.556,1.39191,1.39199,2.22,1.20
2013.11.29 10:01:37.707,1.39194,1.39205,1.78,5.07
2013.11.29 10:01:37.758,1.39194,1.39205,1.78,5.07
2013.11.29 10:01:38.293,1.39194,1.39204,1.53,1.32
2013.11.29 10:01:38.646,1.39198,1.39205,1.88,2.03
2013.11.29 10:01:38.697,1.39198,1.39205,1.88,2.03
2013.11.29 10:01:39.000,1.39198,1.39205,2.03,1.50
2013.11.29 10:01:39.598,1.39198,1.39205,2.03,1.50
2013.11.29 10:01:39.900,1.39197,1.39205,1.48,3.83
2013.11.29 10:01:40.152,1.39197,1.39205,1.38,4.50
2013.11.29 10:01:40.669,1.39197,1.39205,1.38,4.32
2013.11.29 10:01:41.194,1.39197,1.39205,1.38,4.32
2013.11.29 10:01:41.806,1.39198,1.39204,1.38,1.15
2013.11.29 10:01:42.324,1.39198,1.39205,1.38,3.75
2013.11.29 10:01:42.589,1.39198,1.39205,1.38,3.15
2013.11.29 10:01:43.341,1.39198,1.39205,1.13,1.84
2013.11.29 10:01:43.505,1.39198,1.39205,1.13,2.22
2013.11.29 10:01:43.838,1.39196,1.39202,1.38,1.69
2013.11.29 10:01:45.228,1.39196,1.39202,1.00,3.19
2013.11.29 10:01:45.573,1.39196,1.39198,1.13,1.19
2013.11.29 10:01:46.131,1.39196,1.39198,1.00,1.00
2013.11.29 10:01:46.323,1.39195,1.392,1.00,1.47
2013.11.29 10:01:46.375,1.39195,1.392,1.00,1.20
2013.11.29 10:01:46.426,1.39197,1.392,1.00,1.10
2013.11.29 10:01:46.729,1.392,1.39203,1.00,1.13
2013.11.29 10:01:47.129,1.39202,1.39203,1.00,1.13
2013.11.29 10:01:47.783,1.39202,1.39205,1.00,1.13
2013.11.29 10:01:48.650,1.39202,1.39203,1.00,1.13
2013.11.29 10:01:48.974,1.39204,1.39208,1.00,1.13
2013.11.29 10:01:49.493,1.39202,1.39206,1.65,1.50
2013.11.29 10:01:49.644,1.39207,1.3921,1.00,1.95
2013.11.29 10:01:49.846,1.39204,1.3921,2.82,1.95
2013.11.29 10:01:49.896,1.39206,1.3921,1.88,1.10
2013.11.29 10:01:50.199,1.39212,1.39224,3.03,4.13
2013.11.29 10:01:50.719,1.39217,1.3922,1.00,3.19
2013.11.29 10:01:51.078,1.39216,1.39221,1.20,1.53
2013.11.29 10:01:51.129,1.39216,1.39221,1.00,1.24
2013.11.29 10:01:51.180,1.39213,1.39221,1.15,1.24
2013.11.29 10:01:51.689,1.39213,1.39218,1.00,1.17
2013.11.29 10:01:51.840,1.3921,1.39218,1.53,1.17
2013.11.29 10:01:52.042,1.3921,1.39212,1.00,1.00
2013.11.29 10:01:52.295,1.3921,1.39214,1.08,1.00
2013.11.29 10:01:52.396,1.39213,1.3922,1.00,3.83
2013.11.29 10:01:52.548,1.39213,1.3922,1.88,1.25
2013.11.29 10:01:52.599,1.39217,1.39225,1.00,5.07
2013.11.29 10:01:52.649,1.39219,1.39225,1.00,2.82
2013.11.29 10:01:52.700,1.39219,1.39224,1.00,1.84
2013.11.29 10:01:52.953,1.39219,1.39225,1.00,2.07
2013.11.29 10:01:53.178,1.39221,1.39225,1.13,1.50
2013.11.29 10:01:53.229,1.39221,1.3923,1.65,1.58
2013.11.29 10:01:53.280,1.39225,1.39232,1.00,2.25
2013.11.29 10:01:53.787,1.39224,1.39229,1.00,2.63
2013.11.29 10:01:54.496,1.39225,1.39229,1.00,2.44
2013.11.29 10:01:54.699,1.39229,1.39235,1.13,1.50
2013.11.29 10:01:54.800,1.39233,1.39237,1.00,2.44
2013.11.29 10:01:55.002,1.39235,1.39241,1.00,1.88
2013.11.29 10:01:55.053,1.39236,1.39241,1.00,1.69
2013.11.29 10:01:55.558,1.39236,1.39241,1.00,1.88
2013.11.29 10:01:55.611,1.39231,1.39241,1.58,1.88
2013.11.29 10:01:55.661,1.39231,1.39241,1.58,1.88
2013.11.29 10:01:55.762,1.39231,1.39239,1.20,1.02
2013.11.29 10:01:55.813,1.39231,1.39239,1.20,1.02
2013.11.29 10:01:56.166,1.39229,1.39236,1.38,1.69
2013.11.29 10:01:56.216,1.39229,1.39234,1.13,1.45
2013.11.29 10:01:56.417,1.39227,1.3923,1.00,1.20
2013.11.29 10:01:56.468,1.3922,1.39229,4.50,1.25
2013.11.29 10:01:56.519,1.3922,1.39226,4.13,1.00
2013.11.29 10:01:56.822,1.39217,1.39224,1.20,1.19
2013.11.29 10:01:57.276,1.3922,1.39227,1.50,2.07
2013.11.29 10:01:57.377,1.39218,1.39227,1.50,2.07
2013.11.29 10:01:57.478,1.3922,1.39224,2.63,1.69
2013.11.29 10:01:57.630,1.39221,1.39224,1.38,1.00
2013.11.29 10:01:57.934,1.39225,1.39232,1.09,1.19
2013.11.29 10:01:58.035,1.39224,1.39227,1.00,1.00
2013.11.29 10:01:58.338,1.39223,1.3923,1.15,2.43
2013.11.29 10:01:58.741,1.39229,1.39234,1.00,2.44
2013.11.29 10:01:58.842,1.39227,1.39234,1.10,1.13
2013.11.29 10:01:59.376,1.39225,1.39234,1.38,1.88
2013.11.29 10:01:59.427,1.39229,1.39234,1.00,2.07
2013.11.29 10:02:00.173,1.39228,1.39235,1.00,1.58
2013.11.29 10:02:00.475,1.39224,1.39231,1.53,1.79
2013.11.29 10:02:00.727,1.39225,1.39229,2.78,1.49
2013.11.29 10:02:01.029,1.39223,1.39229,3.04,1.17
2013.11.29 10:02:01.675,1.39225,1.39226,1.20,1.00
2013.11.29 10:02:02.671,1.39224,1.39226,1.13,1.00
2013.11.29 10:02:02.973,1.39226,1.3923,1.13,1.19
2013.11.29 10:02:03.449,1.39226,1.39229,1.00,1.63
2013.11.29 10:02:03.998,1.39226,1.39229,1.13,1.25
2013.11.29 10:02:05.006,1.39223,1.3923,1.09,1.00
2013.11.29 10:02:05.057,1.39223,1.39229,1.32,1.50
2013.11.29 10:02:05.108,1.39224,1.39229,1.00,1.50
2013.11.29 10:02:05.159,1.39225,1.39233,1.50,1.19
2013.11.29 10:02:05.210,1.39225,1.39233,2.07,1.00
2013.11.29 10:02:05.714,1.39233,1.3924,1.00,1.69
2013.11.29 10:02:05.764,1.39233,1.39237,1.00,1.00
2013.11.29 10:02:06.431,1.39233,1.39237,1.69,1.00
2013.11.29 10:02:07.202,1.39233,1.39237,1.25,1.00
2013.11.29 10:02:07.404,1.39233,1.3924,1.38,1.13
2013.11.29 10:02:07.934,1.39233,1.39241,1.58,1.88
2013.11.29 10:02:08.085,1.39233,1.39241,1.65,1.28
2013.11.29 10:02:08.243,1.39233,1.39241,2.22,1.20
2013.11.29 10:02:08.757,1.39234,1.39242,1.69,1.69
2013.11.29 10:02:09.163,1.39234,1.39242,1.50,2.00
2013.11.29 10:02:10.567,1.39232,1.39239,1.28,1.30
2013.11.29 10:02:11.134,1.39234,1.3924,1.00,2.22
2013.11.29 10:02:11.436,1.39242,1.39247,1.00,1.35
2013.11.29 10:02:11.739,1.3924,1.39245,1.10,1.29
2013.11.29 10:02:11.790,1.39239,1.39242,1.08,1.25
2013.11.29 10:02:11.992,1.39241,1.39242,1.00,1.54
2013.11.29 10:02:12.248,1.39239,1.39242,1.20,1.35
2013.11.29 10:02:12.349,1.39239,1.39242,1.13,1.54
2013.11.29 10:02:12.450,1.39239,1.39242,1.13,1.35
2013.11.29 10:02:12.786,1.39237,1.39242,1.13,1.35
2013.11.29 10:02:14.078,1.39237,1.39241,1.00,1.00
2013.11.29 10:02:14.179,1.39239,1.39241,1.00,1.00
2013.11.29 10:02:14.481,1.39241,1.39247,3.00,1.00
2013.11.29 10:02:14.851,1.39246,1.39252,1.00,1.45
2013.11.29 10:02:16.046,1.39246,1.39247,1.00,1.00
2013.11.29 10:02:16.147,1.39242,1.39248,1.78,1.00
2013.11.29 10:02:16.299,1.3924,1.39244,1.65,2.10
2013.11.29 10:02:16.350,1.3924,1.39244,1.65,2.48
2013.11.29 10:02:16.763,1.39238,1.39241,1.05,1.20
2013.11.29 10:02:16.864,1.39233,1.3924,1.13,1.65
2013.11.29 10:02:17.015,1.39237,1.3924,1.00,1.58
2013.11.29 10:02:17.167,1.39239,1.39244,1.00,1.88
2013.11.29 10:02:17.218,1.39239,1.39246,2.25,3.38
2013.11.29 10:02:17.319,1.39239,1.39246,1.58,1.00
2013.11.29 10:02:17.420,1.39239,1.39246,1.28,1.00
2013.11.29 10:02:17.724,1.39239,1.39243,1.20,1.13
2013.11.29 10:02:18.027,1.39235,1.39241,2.25,4.24
2013.11.29 10:02:18.078,1.39233,1.39239,1.00,1.10
2013.11.29 10:02:18.182,1.39233,1.39239,1.00,1.50
2013.11.29 10:02:18.727,1.39234,1.39239,1.13,1.43
2013.11.29 10:02:18.855,1.39238,1.39243,1.00,3.57
2013.11.29 10:02:19.361,1.39239,1.39243,1.00,1.50
2013.11.29 10:02:19.413,1.39239,1.39243,1.20,1.00
2013.11.29 10:02:19.665,1.39241,1.39245,1.00,1.75
2013.11.29 10:02:19.716,1.39241,1.39246,1.00,1.00
2013.11.29 10:02:19.867,1.39243,1.39249,1.00,3.57
2013.11.29 10:02:20.070,1.39243,1.39249,1.00,1.28
2013.11.29 10:02:20.573,1.39243,1.39248,1.00,1.13
2013.11.29 10:02:20.624,1.39243,1.39249,1.00,4.32
2013.11.29 10:02:21.078,1.39241,1.39249,1.28,1.84
2013.11.29 10:02:21.128,1.39245,1.39251,1.00,2.25
2013.11.29 10:02:21.431,1.39249,1.39251,1.13,1.35
2013.11.29 10:02:21.481,1.39246,1.39254,3.57,1.38
2013.11.29 10:02:21.633,1.39247,1.39254,1.00,1.28
2013.11.29 10:02:21.734,1.39247,1.39251,1.00,1.00
2013.11.29 10:02:21.926,1.39247,1.39255,1.38,1.40
2013.11.29 10:02:21.977,1.39252,1.39255,1.00,1.40
2013.11.29 10:02:22.281,1.39254,1.39265,1.88,1.65
2013.11.29 10:02:22.331,1.39257,1.39265,2.63,1.58
2013.11.29 10:02:22.634,1.39263,1.39267,2.20,1.00
2013.11.29 10:02:22.735,1.39266,1.39268,2.13,2.25
2013.11.29 10:02:22.837,1.39265,1.39267,1.13,1.00
2013.11.29 10:02:23.290,1.39262,1.39265,1.15,2.25
2013.11.29 10:02:23.996,1.39261,1.39265,1.15,2.10
2013.11.29 10:02:24.504,1.39259,1.39266,1.84,1.00
2013.11.29 10:02:24.555,1.39259,1.39266,1.72,1.05
2013.11.29 10:02:24.859,1.39261,1.39263,1.00,1.00
2013.11.29 10:02:24.960,1.39257,1.39263,1.72,1.00
2013.11.29 10:02:25.263,1.39257,1.39263,1.72,1.73
2013.11.29 10:02:25.950,1.39257,1.39262,1.84,1.00
2013.11.29 10:02:26.466,1.39257,1.39262,1.69,1.92
2013.11.29 10:02:26.567,1.39257,1.39262,1.13,1.00
2013.11.29 10:02:26.668,1.39257,1.39264,1.13,1.65
2013.11.29 10:02:26.870,1.39256,1.39262,2.78,1.50
2013.11.29 10:02:27.424,1.39256,1.39263,1.53,1.13
2013.11.29 10:02:27.900,1.39253,1.39263,3.57,1.13
2013.11.29 10:02:28.001,1.39253,1.39262,3.57,1.35
2013.11.29 10:02:28.102,1.39253,1.39262,3.38,1.68
2013.11.29 10:02:28.404,1.39255,1.39264,1.20,1.89
2013.11.29 10:02:28.455,1.39255,1.39263,1.58,1.45
2013.11.29 10:02:28.556,1.39255,1.39265,1.95,1.95
2013.11.29 10:02:28.859,1.39257,1.39264,1.20,1.88
2013.11.29 10:02:29.369,1.39257,1.39264,1.00,1.65
2013.11.29 10:02:29.521,1.39257,1.39264,1.88,1.50
2013.11.29 10:02:29.572,1.39259,1.39266,1.38,1.28
2013.11.29 10:02:29.723,1.3926,1.39266,1.73,1.20
2013.11.29 10:02:30.228,1.39259,1.39267,2.07,1.13
2013.11.29 10:02:30.732,1.39258,1.39266,1.43,1.20
2013.11.29 10:02:31.407,1.39258,1.39265,1.68,1.00
2013.11.29 10:02:32.031,1.39258,1.39266,1.38,1.20
2013.11.29 10:02:32.288,1.3926,1.39267,1.00,1.28
2013.11.29 10:02:32.803,1.39261,1.39267,1.00,1.50
2013.11.29 10:02:33.323,1.39261,1.39267,1.00,1.65
2013.11.29 10:02:33.423,1.39258,1.39267,1.58,2.40
2013.11.29 10:02:33.524,1.39259,1.39265,1.00,1.50
2013.11.29 10:02:33.827,1.39254,1.39261,1.80,1.74
2013.11.29 10:02:34.130,1.39254,1.39259,2.85,1.20
2013.11.29 10:02:34.648,1.39253,1.39259,1.00,2.26
2013.11.29 10:02:34.749,1.39253,1.39259,1.38,2.64
2013.11.29 10:02:34.951,1.39253,1.39259,1.00,3.01
2013.11.29 10:02:35.347,1.39253,1.39256,1.00,1.00
2013.11.29 10:02:36.389,1.39252,1.39256,1.13,1.13
2013.11.29 10:02:36.793,1.39254,1.39257,2.85,1.13
2013.11.29 10:02:36.995,1.39253,1.39257,1.20,1.13
2013.11.29 10:02:37.348,1.39251,1.39256,1.13,1.24
2013.11.29 10:02:37.449,1.39254,1.3926,1.00,2.86
2013.11.29 10:02:37.550,1.39254,1.3926,1.58,1.13
2013.11.29 10:02:37.853,1.39262,1.39263,1.00,1.50
2013.11.29 10:02:38.005,1.39262,1.39268,1.00,1.39
2013.11.29 10:02:38.258,1.3926,1.39268,1.28,1.51
2013.11.29 10:02:38.360,1.3926,1.39269,3.00,2.11
2013.11.29 10:02:38.461,1.3926,1.39267,1.28,1.69
2013.11.29 10:02:38.562,1.39258,1.39262,1.58,1.00
2013.11.29 10:02:38.764,1.39256,1.39264,2.44,1.32
2013.11.29 10:02:39.118,1.39256,1.39264,1.00,1.81
2013.11.29 10:02:39.191,1.39256,1.39264,1.38,1.44
2013.11.29 10:02:39.443,1.39253,1.39257,1.13,1.00
2013.11.29 10:02:39.544,1.39255,1.39257,1.00,1.00
2013.11.29 10:02:40.105,1.39252,1.39258,1.28,1.32
2013.11.29 10:02:40.418,1.39252,1.3926,1.28,1.89
2013.11.29 10:02:40.519,1.39252,1.3926,1.28,1.14
2013.11.29 10:02:41.031,1.39253,1.3926,1.75,1.51
2013.11.29 10:02:41.390,1.39254,1.3926,1.50,1.13
2013.11.29 10:02:41.441,1.39258,1.39264,1.38,1.88
2013.11.29 10:02:41.491,1.39258,1.39264,3.23,1.88
2013.11.29 10:02:42.046,1.3926,1.39266,1.38,1.74
2013.11.29 10:02:42.944,1.3926,1.39266,1.38,1.74
2013.11.29 10:02:43.181,1.39255,1.39263,1.13,2.34
2013.11.29 10:02:43.282,1.39255,1.39259,1.00,1.74
2013.11.29 10:02:43.383,1.39251,1.39257,1.88,1.44
2013.11.29 10:02:43.535,1.39246,1.39254,1.20,1.85
2013.11.29 10:02:43.938,1.39246,1.39252,1.00,1.51
2013.11.29 10:02:46.511,1.39247,1.39253,1.00,1.39
2013.11.29 10:02:46.612,1.39246,1.39253,1.00,1.39
2013.11.29 10:02:46.915,1.39237,1.3924,1.50,1.88
2013.11.29 10:02:47.267,1.3923,1.39237,2.25,1.00
2013.11.29 10:02:47.369,1.3923,1.39238,1.50,1.88
2013.11.29 10:02:47.699,1.39233,1.39238,1.00,1.74
2013.11.29 10:02:48.109,1.39233,1.3924,1.00,2.63
2013.11.29 10:02:48.784,1.39233,1.3924,1.00,1.20
2013.11.29 10:02:48.935,1.39236,1.39242,1.00,1.88
2013.11.29 10:02:48.986,1.39236,1.39245,1.00,2.86
2013.11.29 10:02:49.404,1.39236,1.39243,1.13,1.08
2013.11.29 10:02:49.908,1.39237,1.39242,1.00,2.63
2013.11.29 10:02:50.211,1.39236,1.3924,1.00,1.58
2013.11.29 10:02:50.262,1.39232,1.3924,1.58,1.58
2013.11.29 10:02:50.766,1.39233,1.3924,1.00,1.20
2013.11.29 10:02:51.087,1.39233,1.39241,1.00,1.40
2013.11.29 10:02:51.459,1.39237,1.39242,1.00,2.07
2013.11.29 10:02:51.762,1.39237,1.39244,1.00,2.25
2013.11.29 10:02:52.014,1.39239,1.39244,1.00,2.25
2013.11.29 10:02:52.518,1.39239,1.39242,1.00,1.50
2013.11.29 10:02:52.871,1.39242,1.39246,1.00,1.15
2013.11.29 10:02:53.324,1.39244,1.39247,1.00,1.50
2013.11.29 10:02:53.425,1.39245,1.39251,1.00,3.24
2013.11.29 10:02:53.940,1.39244,1.39251,1.00,3.00
2013.11.29 10:02:54.751,1.39245,1.39251,1.00,2.63
2013.11.29 10:02:54.954,1.39245,1.39252,1.00,1.14
2013.11.29 10:02:55.687,1.39245,1.39251,1.00,2.25
2013.11.29 10:02:56.495,1.39243,1.39251,1.13,2.25
2013.11.29 10:02:56.747,1.39241,1.3925,1.28,1.28
2013.11.29 10:02:57.420,1.39241,1.39249,1.10,1.95
2013.11.29 10:02:57.723,1.39242,1.39251,1.88,2.25
2013.11.29 10:02:58.025,1.39243,1.39251,1.35,2.25
2013.11.29 10:02:58.277,1.39245,1.39253,1.38,1.88
2013.11.29 10:02:58.783,1.39245,1.39253,1.13,1.88
2013.11.29 10:03:00.638,1.39245,1.39253,1.00,3.00
2013.11.29 10:03:00.765,1.39241,1.39248,2.63,1.30
2013.11.29 10:03:01.069,1.39244,1.39249,1.00,2.25
2013.11.29 10:03:01.271,1.39242,1.39248,1.00,1.88
2013.11.29 10:03:01.322,1.39242,1.39246,1.00,2.97
2013.11.29 10:03:01.373,1.39239,1.39245,1.13,1.38
2013.11.29 10:03:01.524,1.39237,1.39242,1.88,2.25
2013.11.29 10:03:03.360,1.39237,1.39241,1.50,1.28
2013.11.29 10:03:03.461,1.39232,1.39239,1.50,2.63
2013.11.29 10:03:03.562,1.39231,1.39236,1.00,1.15
2013.11.29 10:03:03.865,1.39228,1.39234,1.00,2.63
2013.11.29 10:03:04.218,1.39228,1.39232,1.00,2.63
2013.11.29 10:03:04.521,1.39226,1.39229,1.00,3.00
2013.11.29 10:03:04.641,1.39223,1.39229,1.50,4.13
2013.11.29 10:03:04.794,1.3922,1.39224,1.00,1.88
2013.11.29 10:03:04.895,1.3922,1.39226,1.00,2.25
2013.11.29 10:03:04.946,1.39223,1.39225,1.00,1.28
2013.11.29 10:03:05.047,1.39223,1.39228,1.00,1.15
2013.11.29 10:03:05.148,1.39226,1.39231,1.00,2.25
2013.11.29 10:03:05.805,1.39224,1.39231,1.00,2.25
2013.11.29 10:03:06.545,1.39225,1.39231,1.00,2.25
2013.11.29 10:03:07.082,1.39224,1.39229,1.00,2.59
2013.11.29 10:03:07.335,1.39219,1.39226,3.00,1.38
2013.11.29 10:03:07.537,1.39223,1.39225,1.00,1.50
2013.11.29 10:03:07.689,1.39225,1.3923,1.00,2.25
2013.11.29 10:03:07.891,1.39223,1.39229,1.00,1.00
2013.11.29 10:03:08.042,1.39222,1.39227,1.00,1.75
2013.11.29 10:03:08.553,1.39218,1.39226,2.63,1.88
2013.11.29 10:03:08.704,1.39218,1.39226,1.00,2.40
2013.11.29 10:03:08.906,1.39218,1.39226,1.88,1.28
2013.11.29 10:03:09.209,1.39225,1.39231,1.00,1.90
2013.11.29 10:03:09.410,1.3922,1.39227,1.88,1.43
2013.11.29 10:03:09.461,1.39218,1.39227,1.50,3.05
2013.11.29 10:03:09.562,1.39218,1.39223,1.13,1.23
2013.11.29 10:03:09.915,1.39216,1.39222,1.00,1.15
2013.11.29 10:03:11.154,1.39215,1.39222,1.00,1.40
2013.11.29 10:03:11.682,1.39215,1.39221,1.00,2.03
2013.11.29 10:03:12.186,1.39213,1.3922,1.50,1.15
2013.11.29 10:03:12.769,1.39215,1.3922,1.00,1.28
2013.11.29 10:03:13.273,1.39215,1.3922,1.00,1.00
2013.11.29 10:03:13.620,1.39218,1.39221,1.00,2.40
2013.11.29 10:03:13.872,1.3922,1.39224,1.00,1.65
2013.11.29 10:03:14.457,1.3922,1.39226,1.08,1.88
2013.11.29 10:03:14.508,1.3922,1.39228,1.15,1.88
2013.11.29 10:03:14.609,1.39223,1.39228,1.15,1.50
2013.11.29 10:03:15.022,1.39221,1.39228,1.15,1.13
2013.11.29 10:03:15.072,1.39221,1.39226,1.15,1.38
2013.11.29 10:03:15.324,1.39223,1.39229,1.00,2.63
2013.11.29 10:03:15.425,1.39225,1.39229,1.00,1.88
2013.11.29 10:03:15.728,1.39218,1.39227,2.03,2.40
2013.11.29 10:03:15.929,1.3922,1.39227,1.00,3.75
2013.11.29 10:03:16.282,1.3922,1.39227,1.00,3.94
2013.11.29 10:03:16.798,1.39221,1.39226,1.00,1.14
2013.11.29 10:03:17.314,1.39221,1.39226,1.00,1.14
2013.11.29 10:03:17.466,1.39218,1.39224,1.00,1.88
2013.11.29 10:03:18.171,1.39218,1.39223,1.00,2.25
2013.11.29 10:03:18.491,1.39216,1.39223,1.00,3.00
2013.11.29 10:03:18.743,1.39217,1.39223,1.00,1.65
2013.11.29 10:03:19.081,1.3922,1.39223,1.00,1.20
2013.11.29 10:03:19.385,1.39219,1.39223,1.00,3.00
2013.11.29 10:03:19.935,1.3922,1.39223,1.00,2.85
2013.11.29 10:03:21.445,1.39215,1.39221,1.25,1.20
2013.11.29 10:03:21.911,1.39218,1.39221,1.00,2.25
2013.11.29 10:03:22.456,1.39218,1.39222,1.00,1.15
2013.11.29 10:03:23.115,1.39217,1.39223,1.00,2.44
2013.11.29 10:03:23.653,1.39216,1.39222,1.00,1.14
2013.11.29 10:03:24.008,1.39211,1.39218,1.28,1.37
2013.11.29 10:03:24.210,1.39206,1.39213,1.20,1.44
2013.11.29 10:03:24.260,1.39206,1.39212,1.00,1.44
2013.11.29 10:03:24.796,1.39206,1.39212,1.00,2.49
2013.11.29 10:03:25.099,1.39209,1.39212,1.00,1.00
2013.11.29 10:03:25.452,1.39211,1.39216,1.00,1.27
2013.11.29 10:03:25.553,1.39209,1.39212,1.00,1.00
2013.11.29 10:03:25.684,1.39209,1.39216,1.00,1.27
2013.11.29 10:03:26.191,1.39209,1.39216,1.00,2.94
2013.11.29 10:03:26.654,1.39209,1.39214,1.00,2.25
2013.11.29 10:03:26.997,1.39208,1.39217,1.92,2.63
2013.11.29 10:03:27.148,1.39208,1.39217,2.07,1.28
2013.11.29 10:03:27.199,1.39208,1.39217,1.57,1.69
2013.11.29 10:03:27.501,1.39205,1.39215,2.82,1.70
2013.11.29 10:03:27.652,1.39208,1.39213,1.00,1.37
2013.11.29 10:03:27.980,1.39208,1.39213,1.00,2.12
2013.11.29 10:03:29.622,1.39207,1.3921,1.00,1.24
2013.11.29 10:03:29.723,1.39205,1.39209,1.00,1.37
2013.11.29 10:03:29.975,1.39203,1.39209,1.00,1.32
2013.11.29 10:03:30.177,1.39201,1.39209,1.20,2.45
2013.11.29 10:03:30.479,1.39198,1.39206,1.38,1.70
2013.11.29 10:03:30.832,1.39202,1.39209,1.30,1.65
2013.11.29 10:03:30.933,1.39202,1.39209,1.54,1.20
2013.11.29 10:03:31.035,1.39204,1.39211,1.50,1.20
2013.11.29 10:03:31.338,1.39208,1.39211,1.00,1.39
2013.11.29 10:03:31.490,1.39201,1.39208,1.20,1.13
2013.11.29 10:03:31.641,1.392,1.39207,1.00,1.08
2013.11.29 10:03:31.944,1.39199,1.39202,1.00,1.24
2013.11.29 10:03:32.045,1.39196,1.39199,1.28,1.13
2013.11.29 10:03:32.095,1.39196,1.39199,1.00,2.63
2013.11.29 10:03:32.146,1.39191,1.39196,1.50,1.25
2013.11.29 10:03:32.247,1.39189,1.39196,1.00,1.78
2013.11.29 10:03:32.298,1.39187,1.39196,2.63,1.78
2013.11.29 10:03:33.282,1.39187,1.39195,2.55,1.08
2013.11.29 10:03:33.748,1.39187,1.39193,2.10,1.58
2013.11.29 10:03:34.061,1.3919,1.39193,1.00,2.10
2013.11.29 10:03:34.627,1.39185,1.39192,1.94,2.25
2013.11.29 10:03:34.728,1.39186,1.39189,1.13,1.08
2013.11.29 10:03:34.879,1.39181,1.39187,1.19,2.25
2013.11.29 10:03:35.645,1.39179,1.39185,4.17,1.08
2013.11.29 10:03:35.961,1.39179,1.39185,4.54,2.10
2013.11.29 10:03:36.392,1.39179,1.39185,4.54,2.25
2013.11.29 10:03:36.648,1.39175,1.39182,1.80,2.87
2013.11.29 10:03:37.102,1.39172,1.39178,1.00,1.58
2013.11.29 10:03:39.843,1.39172,1.3918,2.40,2.27
2013.11.29 10:03:39.894,1.39173,1.3918,1.39,1.95
2013.11.29 10:03:40.196,1.39179,1.39186,1.25,2.87
2013.11.29 10:03:40.398,1.39175,1.3918,1.47,1.00
2013.11.29 10:03:40.549,1.39172,1.39177,1.58,1.32
2013.11.29 10:03:40.600,1.3917,1.39177,1.45,1.69
2013.11.29 10:03:40.651,1.39168,1.39177,3.00,2.49
2013.11.29 10:03:40.752,1.39168,1.39176,1.65,1.14
2013.11.29 10:03:40.954,1.39165,1.39171,1.50,1.28
2013.11.29 10:03:41.155,1.39163,1.39171,1.20,1.58
2013.11.29 10:03:41.671,1.39163,1.39171,1.20,1.28
2013.11.29 10:03:41.722,1.39165,1.39173,1.00,3.05
2013.11.29 10:03:41.823,1.39165,1.39174,1.15,1.14
2013.11.29 10:03:42.597,1.39165,1.39175,2.03,2.08
2013.11.29 10:03:42.647,1.3917,1.39175,1.00,1.83
2013.11.29 10:03:42.698,1.3917,1.39178,1.50,3.19
2013.11.29 10:03:42.748,1.39173,1.39178,1.00,3.00
2013.11.29 10:03:43.257,1.39174,1.39178,1.00,1.69
2013.11.29 10:03:43.307,1.39172,1.39178,1.13,1.69
2013.11.29 10:03:43.717,1.39171,1.39177,1.00,1.97
2013.11.29 10:03:43.768,1.39168,1.39175,1.20,2.44
2013.11.29 10:03:43.824,1.39166,1.3917,1.65,1.25
2013.11.29 10:03:44.025,1.39161,1.39167,1.35,2.63
2013.11.29 10:03:44.076,1.3916,1.39167,1.60,3.38
2013.11.29 10:03:44.329,1.39159,1.39167,1.00,3.62
2013.11.29 10:03:44.790,1.39161,1.39167,1.00,2.87
2013.11.29 10:03:45.252,1.3916,1.39165,1.00,2.25
2013.11.29 10:03:45.585,1.39152,1.39156,1.00,1.20
2013.11.29 10:03:45.888,1.39151,1.39155,1.50,2.25
2013.11.29 10:03:46.039,1.39151,1.39155,1.00,1.20
2013.11.29 10:03:46.291,1.39151,1.39155,1.00,2.22
2013.11.29 10:03:46.795,1.39152,1.39155,1.00,2.44
2013.11.29 10:03:46.997,1.39148,1.39153,1.38,1.58
2013.11.29 10:03:47.098,1.39146,1.39153,1.38,1.20
2013.11.29 10:03:47.199,1.39146,1.39153,1.00,1.39
2013.11.29 10:03:47.707,1.39146,1.39153,1.00,1.39
2013.11.29 10:03:48.217,1.39146,1.39153,1.00,2.82
2013.11.29 10:03:48.727,1.39146,1.39153,1.00,1.47
2013.11.29 10:03:49.286,1.39147,1.39155,1.00,2.25
2013.11.29 10:03:50.092,1.39147,1.39155,1.00,3.57
2013.11.29 10:03:50.345,1.39147,1.39155,1.20,1.47
2013.11.29 10:03:50.396,1.39149,1.39155,1.00,1.47
2013.11.29 10:03:51.064,1.39152,1.39155,1.00,1.28
2013.11.29 10:03:52.673,1.39152,1.39155,1.00,1.50
2013.11.29 10:03:54.424,1.39152,1.39155,1.00,1.20
2013.11.29 10:03:54.953,1.39154,1.39157,1.00,1.00
2013.11.29 10:03:55.457,1.39155,1.39159,1.50,1.50
2013.11.29 10:03:55.558,1.39155,1.39161,1.19,2.25
2013.11.29 10:03:55.865,1.39155,1.39161,1.57,2.25
2013.11.29 10:03:56.408,1.39157,1.39161,1.38,1.35
2013.11.29 10:03:56.516,1.39157,1.39162,1.00,1.50
2013.11.29 10:03:56.919,1.39159,1.39162,1.00,1.35
2013.11.29 10:03:56.970,1.39159,1.39163,1.00,1.50
2013.11.29 10:03:57.071,1.39159,1.39167,1.00,2.63
2013.11.29 10:03:57.576,1.3916,1.39167,1.50,2.63
2013.11.29 10:03:57.879,1.39167,1.39173,1.13,1.88
2013.11.29 10:03:58.186,1.39169,1.39173,1.00,1.88
2013.11.29 10:03:58.438,1.39166,1.39175,1.94,1.88
2013.11.29 10:03:59.010,1.39168,1.39177,1.69,1.88
2013.11.29 10:03:59.558,1.39168,1.39177,1.63,1.88
2013.11.29 10:04:00.018,1.3917,1.39179,1.38,2.25
2013.11.29 10:04:00.495,1.3917,1.39176,1.00,1.13
2013.11.29 10:04:00.646,1.39168,1.39173,1.28,1.19
2013.11.29 10:04:00.748,1.39168,1.39176,2.03,1.25
2013.11.29 10:04:00.849,1.39168,1.39174,1.53,1.19
2013.11.29 10:04:00.950,1.39168,1.39177,1.95,2.52
2013.11.29 10:04:01.206,1.39172,1.39177,1.00,1.88
2013.11.29 10:04:01.410,1.39175,1.39179,1.00,1.09
2013.11.29 10:04:01.613,1.39177,1.39182,1.00,1.40
2013.11.29 10:04:01.917,1.39179,1.39183,1.00,1.88
2013.11.29 10:04:03.277,1.39179,1.39183,1.00,1.65
2013.11.29 10:04:03.815,1.3918,1.39183,1.00,1.65
2013.11.29 10:04:04.424,1.39181,1.39184,1.00,1.13
2013.11.29 10:04:04.627,1.39186,1.39194,4.09,1.65
2013.11.29 10:04:04.729,1.3919,1.39198,1.47,1.02
2013.11.29 10:04:04.779,1.39193,1.392,1.00,2.25
2013.11.29 10:04:05.082,1.39197,1.39202,1.00,2.25
2013.11.29 10:04:05.386,1.39197,1.39202,1.88,1.50
2013.11.29 10:04:05.840,1.392,1.39207,1.00,2.49
2013.11.29 10:04:06.351,1.39199,1.39206,1.00,1.28
2013.11.29 10:04:07.028,1.392,1.39206,1.00,1.52
2013.11.29 10:04:07.544,1.39199,1.39207,1.13,4.74
2013.11.29 10:04:07.804,1.39199,1.39207,1.50,4.37
2013.11.29 10:04:08.583,1.39197,1.39205,1.95,1.09
2013.11.29 10:04:09.088,1.392,1.39205,1.38,1.00
2013.11.29 10:04:11.912,1.392,1.39205,1.38,1.00
2013.11.29 10:04:11.963,1.39201,1.39208,1.38,1.28
2013.11.29 10:04:12.114,1.39201,1.39209,2.03,1.20
2013.11.29 10:04:12.422,1.39203,1.39209,1.38,1.20
2013.11.29 10:04:13.523,1.39203,1.3921,1.38,1.15
2013.11.29 10:04:13.826,1.39203,1.39205,1.00,1.50
2013.11.29 10:04:14.129,1.39203,1.3921,1.38,1.65
2013.11.29 10:04:14.230,1.39203,1.3921,1.98,1.28
2013.11.29 10:04:14.331,1.39204,1.39211,1.68,1.88
2013.11.29 10:04:14.863,1.39204,1.39211,1.38,1.88
2013.11.29 10:04:18.810,1.39204,1.39211,1.38,3.00
2013.11.29 10:04:18.911,1.39206,1.39211,1.38,1.65
2013.11.29 10:04:19.365,1.39209,1.39212,1.38,1.00
2013.11.29 10:04:19.667,1.39211,1.39217,1.88,2.25
2013.11.29 10:04:19.718,1.39213,1.3922,1.58,1.69
2013.11.29 10:04:20.742,1.39213,1.3922,1.95,1.25
2013.11.29 10:04:21.999,1.39219,1.3922,1.00,1.00
2013.11.29 10:04:22.050,1.39219,1.39225,1.00,2.63
2013.11.29 10:04:22.102,1.39221,1.39225,1.13,1.20
2013.11.29 10:04:22.254,1.39222,1.39229,1.00,1.50
2013.11.29 10:04:22.356,1.39224,1.3923,1.00,1.40
2013.11.29 10:04:22.770,1.3922,1.39225,1.58,1.00
2013.11.29 10:04:23.073,1.39214,1.39225,2.78,3.62
2013.11.29 10:04:23.408,1.39214,1.39223,2.70,1.77
2013.11.29 10:04:23.711,1.39213,1.39218,3.00,1.25
2013.11.29 10:04:24.114,1.39211,1.39217,1.65,1.00
2013.11.29 10:04:24.316,1.3921,1.39217,1.13,1.20
2013.11.29 10:04:24.855,1.39211,1.39217,1.13,1.20
2013.11.29 10:04:25.006,1.39208,1.39212,1.28,1.00
2013.11.29 10:04:25.309,1.39208,1.39211,1.13,1.00
2013.11.29 10:04:25.818,1.39206,1.39212,1.38,1.28
2013.11.29 10:04:26.424,1.39205,1.39208,1.00,1.00
2013.11.29 10:04:26.525,1.39203,1.39207,1.20,1.25
2013.11.29 10:04:26.634,1.39199,1.39207,4.20,1.63
2013.11.29 10:04:26.688,1.39197,1.39204,3.00,1.19
2013.11.29 10:04:26.789,1.39196,1.392,1.00,1.25
2013.11.29 10:04:26.940,1.39193,1.392,2.40,1.25
2013.11.29 10:04:27.449,1.39193,1.39196,1.20,1.00
2013.11.29 10:04:27.752,1.39189,1.39194,2.63,1.00
2013.11.29 10:04:27.853,1.39191,1.39198,1.28,1.00
2013.11.29 10:04:28.357,1.39192,1.39198,1.13,1.08
2013.11.29 10:04:28.983,1.39192,1.39198,1.38,1.15
2013.11.29 10:04:29.185,1.39192,1.39194,1.00,1.00
2013.11.29 10:04:29.286,1.39192,1.39193,1.00,1.00
2013.11.29 10:04:29.337,1.3919,1.39193,1.00,1.00
2013.11.29 10:04:29.723,1.3919,1.39198,1.88,1.65
2013.11.29 10:04:30.229,1.39192,1.39198,1.38,1.00
2013.11.29 10:04:30.643,1.39197,1.392,1.00,1.15
2013.11.29 10:04:31.049,1.39198,1.39201,1.00,1.00
2013.11.29 10:04:31.566,1.39199,1.39201,1.00,1.00
2013.11.29 10:04:31.617,1.392,1.39205,1.00,1.50
2013.11.29 10:04:31.668,1.39203,1.39207,1.00,2.70
2013.11.29 10:04:31.719,1.39203,1.39208,1.00,1.28
2013.11.29 10:04:31.770,1.39205,1.39208,1.00,1.28
2013.11.29 10:04:31.871,1.39204,1.39208,1.13,1.15
2013.11.29 10:04:32.023,1.39207,1.39211,1.30,4.50
2013.11.29 10:04:32.225,1.39205,1.39213,1.69,1.50
2013.11.29 10:04:32.326,1.3921,1.39216,1.00,2.25
2013.11.29 10:04:32.377,1.39218,1.39223,1.00,1.50
2013.11.29 10:04:32.478,1.39218,1.39225,1.50,1.20
2013.11.29 10:04:33.439,1.39218,1.39227,1.38,2.82
2013.11.29 10:04:33.774,1.39218,1.39227,1.00,4.17
2013.11.29 10:04:34.392,1.39221,1.39227,1.00,4.32
2013.11.29 10:04:34.644,1.39224,1.39231,1.00,1.88
2013.11.29 10:04:34.947,1.39222,1.39229,4.13,3.23
2013.11.29 10:04:35.048,1.39222,1.39231,1.88,1.18
2013.11.29 10:04:35.099,1.39219,1.39226,1.35,1.13
2013.11.29 10:04:35.200,1.39216,1.39225,1.15,1.77
2013.11.29 10:04:36.246,1.39216,1.39224,1.15,1.79
2013.11.29 10:04:36.845,1.39216,1.3922,1.00,1.19
2013.11.29 10:04:37.381,1.39216,1.3922,1.00,1.00
2013.11.29 10:04:37.482,1.39216,1.39222,1.00,1.00
2013.11.29 10:04:37.685,1.39219,1.39222,1.00,1.00
2013.11.29 10:04:37.800,1.3922,1.39227,1.00,2.52
2013.11.29 10:04:37.851,1.3922,1.39227,1.00,1.84
2013.11.29 10:04:38.351,1.39219,1.39227,2.03,1.58
2013.11.29 10:04:38.685,1.39219,1.39225,1.88,1.15
2013.11.29 10:04:38.937,1.3922,1.39228,1.13,1.28
2013.11.29 10:04:39.038,1.39224,1.39228,1.00,1.20
2013.11.29 10:04:39.341,1.39227,1.39231,1.00,2.25
2013.11.29 10:04:39.442,1.39228,1.39233,1.00,1.15
2013.11.29 10:04:39.543,1.3923,1.39233,1.00,1.00
2013.11.29 10:04:40.084,1.3923,1.39236,1.00,3.24
2013.11.29 10:04:40.483,1.39227,1.39236,1.38,2.87
2013.11.29 10:04:40.692,1.39225,1.39233,2.40,1.63
2013.11.29 10:04:41.237,1.39227,1.39233,1.00,1.32
2013.11.29 10:04:41.288,1.39229,1.39233,1.00,1.32
2013.11.29 10:04:41.389,1.39229,1.39236,1.00,1.84
2013.11.29 10:04:41.440,1.39231,1.39236,1.00,1.77
2013.11.29 10:04:41.792,1.3923,1.39236,1.20,1.57
2013.11.29 10:04:41.994,1.39227,1.39232,1.28,1.50
2013.11.29 10:04:42.045,1.3923,1.39235,1.00,1.95
2013.11.29 10:04:42.560,1.39228,1.39235,1.28,1.69
2013.11.29 10:04:42.762,1.39228,1.39235,1.28,1.00
2013.11.29 10:04:42.863,1.39231,1.39237,1.10,1.20
2013.11.29 10:04:43.367,1.39233,1.39237,1.00,1.00
2013.11.29 10:04:43.701,1.39235,1.39239,1.00,1.88
2013.11.29 10:04:45.057,1.39234,1.39239,1.50,2.25
2013.11.29 10:04:45.996,1.39235,1.39239,1.00,2.40
2013.11.29 10:04:46.510,1.39234,1.39239,1.00,2.40
2013.11.29 10:04:46.978,1.39232,1.39238,1.00,1.00
2013.11.29 10:04:47.180,1.3923,1.39238,2.63,1.34
2013.11.29 10:04:47.688,1.3923,1.39236,1.65,1.88
2013.11.29 10:04:48.196,1.3923,1.39237,2.25,1.09
2013.11.29 10:04:48.297,1.39229,1.39234,1.20,1.00
2013.11.29 10:04:48.823,1.39228,1.39234,1.53,1.19
2013.11.29 10:04:49.327,1.3923,1.39234,1.50,1.00
2013.11.29 10:04:49.730,1.39228,1.39234,1.28,1.19
2013.11.29 10:04:51.107,1.39226,1.39235,4.50,1.00
2013.11.29 10:04:51.158,1.39226,1.39232,2.63,1.10
2013.11.29 10:04:51.462,1.39225,1.39228,1.38,1.00
2013.11.29 10:04:51.512,1.39225,1.39231,1.38,1.25
2013.11.29 10:04:51.765,1.3923,1.39235,1.00,1.15
2013.11.29 10:04:51.816,1.3923,1.39232,1.00,1.00
2013.11.29 10:04:51.906,1.39226,1.39232,1.58,1.00
2013.11.29 10:04:52.286,1.39226,1.39229,1.58,1.25
2013.11.29 10:04:52.690,1.39224,1.3923,1.08,1.19
2013.11.29 10:04:52.942,1.39225,1.39228,1.20,1.19
2013.11.29 10:04:53.144,1.39221,1.39227,3.75,1.19
2013.11.29 10:04:53.954,1.39222,1.39231,1.15,1.21
2013.11.29 10:04:54.056,1.39226,1.39233,1.00,3.24
2013.11.29 10:04:54.358,1.39229,1.39236,1.65,1.13
2013.11.29 10:04:54.510,1.39224,1.39231,1.90,1.57
2013.11.29 10:04:54.913,1.39223,1.3923,3.38,1.19
2013.11.29 10:04:55.014,1.39223,1.3923,2.70,1.19
2013.11.29 10:04:55.480,1.39224,1.39227,1.00,1.19
2013.11.29 10:04:55.582,1.39222,1.39227,1.53,1.19
2013.11.29 10:04:55.935,1.39221,1.3923,3.00,1.51
2013.11.29 10:04:56.378,1.39222,1.39228,2.03,1.19
2013.11.29 10:04:59.645,1.39221,1.39228,3.00,1.00
2013.11.29 10:04:59.847,1.39224,1.3923,1.00,1.00
2013.11.29 10:05:00.099,1.39225,1.39233,1.65,1.58
2013.11.29 10:05:00.250,1.39227,1.39235,1.00,5.07
2013.11.29 10:05:01.493,1.39227,1.39235,1.00,3.94
2013.11.29 10:05:02.007,1.39226,1.39234,1.00,1.09
2013.11.29 10:05:02.318,1.39226,1.3923,1.00,1.13
2013.11.29 10:05:02.652,1.39232,1.39235,1.20,1.50
2013.11.29 10:05:02.954,1.39235,1.39239,1.00,1.88
2013.11.29 10:05:03.055,1.39236,1.39239,1.00,1.88
2013.11.29 10:05:03.156,1.39239,1.39241,1.00,1.00
2013.11.29 10:05:03.458,1.39241,1.39244,1.00,2.63
2013.11.29 10:05:04.038,1.39241,1.39244,1.00,1.88
2013.11.29 10:05:04.651,1.39241,1.39247,1.00,1.09
2013.11.29 10:05:05.172,1.39242,1.39249,1.00,1.77
2013.11.29 10:05:06.462,1.3924,1.39246,1.00,1.32
2013.11.29 10:05:06.861,1.39239,1.39241,1.20,1.00
2013.11.29 10:05:07.213,1.3924,1.39247,2.25,2.63
2013.11.29 10:05:07.315,1.39245,1.39247,1.00,1.35
2013.11.29 10:05:07.417,1.39237,1.3925,1.35,4.50
2013.11.29 10:05:07.468,1.39239,1.3925,1.13,4.50
2013.11.29 10:05:07.571,1.3925,1.39255,1.00,1.50
2013.11.29 10:05:07.722,1.3925,1.39252,1.00,1.00
2013.11.29 10:05:07.874,1.39246,1.39252,1.15,1.00
2013.11.29 10:05:07.975,1.39246,1.39251,1.00,1.38
2013.11.29 10:05:08.277,1.39245,1.39251,1.20,1.38
2013.11.29 10:05:08.529,1.39245,1.39251,1.20,1.13
2013.11.29 10:05:08.742,1.39245,1.39253,1.65,1.02
2013.11.29 10:05:09.249,1.39245,1.39254,1.65,1.52
2013.11.29 10:05:09.542,1.39244,1.39254,2.40,2.87
2013.11.29 10:05:09.845,1.39246,1.39255,1.20,1.78
2013.11.29 10:05:10.147,1.39253,1.39256,1.00,2.63
2013.11.29 10:05:10.198,1.39253,1.39256,1.00,1.13
2013.11.29 10:05:10.551,1.3925,1.39256,1.65,1.00
2013.11.29 10:05:10.809,1.39251,1.39257,1.50,1.00
2013.11.29 10:05:10.960,1.39251,1.39257,1.20,1.00
2013.11.29 10:05:11.011,1.39251,1.39257,1.58,1.00
2013.11.29 10:05:11.799,1.39251,1.39259,2.25,1.00
2013.11.29 10:05:11.951,1.3925,1.39259,1.15,1.82
2013.11.29 10:05:12.002,1.3925,1.39258,1.15,1.37
2013.11.29 10:05:12.455,1.39249,1.39255,1.08,1.69
2013.11.29 10:05:12.607,1.39247,1.39255,2.25,1.32
2013.11.29 10:05:12.909,1.3925,1.39257,1.50,1.02
2013.11.29 10:05:14.162,1.3925,1.39254,1.00,1.00
2013.11.29 10:05:14.487,1.39244,1.3925,2.03,1.13
2013.11.29 10:05:14.991,1.39244,1.3925,2.63,1.13
2013.11.29 10:05:15.444,1.39244,1.3925,1.20,1.00
2013.11.29 10:05:15.751,1.39244,1.3925,2.25,1.00
2013.11.29 10:05:15.902,1.39247,1.39253,1.00,1.13
2013.11.29 10:05:16.003,1.3925,1.39253,1.00,1.00
2013.11.29 10:05:16.698,1.3925,1.39259,1.50,3.38
2013.11.29 10:05:17.010,1.3925,1.39257,3.15,1.75
2013.11.29 10:05:17.515,1.3925,1.39258,1.00,1.53
2013.11.29 10:05:17.818,1.39254,1.39258,1.00,1.38
2013.11.29 10:05:17.869,1.39251,1.39258,1.50,1.13
2013.11.29 10:05:17.969,1.3925,1.39258,1.65,1.28
2013.11.29 10:05:18.046,1.39252,1.39259,1.00,1.53
2013.11.29 10:05:18.349,1.39253,1.39255,1.00,1.00
2013.11.29 10:05:18.666,1.39252,1.39255,1.00,2.25
2013.11.29 10:05:18.717,1.39253,1.39255,1.00,1.00
2013.11.29 10:05:18.818,1.39253,1.39258,1.00,1.02
2013.11.29 10:05:19.189,1.39255,1.3926,1.00,1.88
2013.11.29 10:05:19.492,1.39258,1.3926,1.00,1.35
2013.11.29 10:05:19.593,1.39257,1.39264,1.00,1.65
2013.11.29 10:05:19.745,1.39259,1.39266,1.00,3.38
2013.11.29 10:05:20.047,1.39262,1.39268,1.00,1.13
2013.11.29 10:05:20.350,1.3926,1.39262,1.00,1.00
2013.11.29 10:05:20.451,1.39255,1.39261,1.13,1.15
2013.11.29 10:05:20.502,1.39255,1.39261,1.00,1.53
2013.11.29 10:05:20.766,1.3925,1.39259,2.85,2.87
2013.11.29 10:05:20.817,1.39254,1.39259,1.00,3.62
2013.11.29 10:05:20.918,1.39249,1.39258,1.00,3.24
2013.11.29 10:05:22.110,1.39253,1.39258,1.00,2.49
2013.11.29 10:05:22.261,1.39249,1.39259,1.20,4.74
2013.11.29 10:05:22.774,1.39253,1.39259,1.00,4.74
2013.11.29 10:05:23.077,1.39259,1.39261,2.13,1.50
2013.11.29 10:05:23.128,1.3926,1.39264,1.00,1.88
2013.11.29 10:05:23.632,1.39256,1.39264,1.13,1.95
2013.11.29 10:05:24.136,1.39256,1.39264,1.28,1.38
2013.11.29 10:05:24.661,1.39256,1.39264,1.13,1.77
2013.11.29 10:05:25.136,1.39256,1.39264,1.38,1.28
2013.11.29 10:05:25.641,1.39258,1.39267,1.00,3.62
2013.11.29 10:05:26.168,1.39258,1.39265,1.00,2.87
2013.11.29 10:05:26.981,1.39257,1.39265,1.58,1.95
2013.11.29 10:05:27.283,1.39262,1.39269,1.00,5.49
2013.11.29 10:05:27.637,1.39262,1.39266,1.00,2.12
2013.11.29 10:05:28.469,1.39262,1.39268,1.00,2.57
2013.11.29 10:05:28.724,1.39258,1.39265,1.20,1.00
2013.11.29 10:05:28.825,1.39257,1.39262,1.08,1.00
2013.11.29 10:05:29.127,1.39253,1.39261,1.85,1.95
2013.11.29 10:05:29.649,1.39256,1.39261,1.10,1.13
2013.11.29 10:05:30.184,1.39256,1.39262,1.20,1.38
2013.11.29 10:05:30.590,1.39254,1.3926,1.20,1.38
2013.11.29 10:05:31.884,1.39252,1.39259,1.13,1.20
2013.11.29 10:05:31.935,1.39251,1.39255,1.28,1.00
2013.11.29 10:05:32.237,1.39251,1.39254,2.25,1.00
2013.11.29 10:05:32.338,1.39251,1.39257,3.00,1.00
2013.11.29 10:05:32.439,1.39253,1.39259,1.00,1.15
2013.11.29 10:05:32.540,1.3925,1.39254,1.28,1.00
2013.11.29 10:05:32.591,1.3925,1.39258,1.28,1.13
2013.11.29 10:05:32.641,1.39249,1.39256,1.15,1.00
2013.11.29 10:05:32.943,1.39252,1.39258,1.20,1.13
2013.11.29 10:05:33.844,1.39252,1.39258,1.20,1.38
2013.11.29 10:05:34.271,1.39248,1.39256,3.00,1.38
2013.11.29 10:05:34.775,1.39248,1.39256,3.00,1.13
2013.11.29 10:05:35.485,1.39247,1.39256,1.88,3.84
2013.11.29 10:05:35.788,1.39244,1.39251,1.50,1.38
2013.11.29 10:05:36.041,1.39243,1.39247,1.88,1.00
2013.11.29 10:05:36.545,1.39241,1.39247,1.65,1.00
2013.11.29 10:05:37.064,1.39241,1.3925,1.65,2.03
2013.11.29 10:05:37.317,1.39243,1.39249,1.00,1.02
2013.11.29 10:05:37.720,1.39241,1.39249,1.20,1.52
2013.11.29 10:05:38.405,1.39241,1.39249,1.20,1.52
2013.11.29 10:05:38.822,1.39242,1.39249,1.00,1.02
2013.11.29 10:05:39.335,1.39242,1.39251,1.15,1.82
2013.11.29 10:05:39.780,1.39243,1.39251,2.25,1.62
2013.11.29 10:05:40.083,1.39247,1.39254,2.25,1.00
2013.11.29 10:05:40.134,1.39247,1.39254,2.25,1.38
2013.11.29 10:05:42.290,1.39247,1.39257,2.40,3.62
2013.11.29 10:05:43.284,1.39247,1.39255,1.00,2.87
2013.11.29 10:05:43.486,1.3925,1.39253,1.00,1.10
2013.11.29 10:05:44.141,1.3925,1.39257,1.50,4.37
2013.11.29 10:05:45.358,1.39248,1.39252,1.00,1.00
2013.11.29 10:05:45.567,1.39245,1.3925,1.00,2.03
2013.11.29 10:05:45.668,1.3924,1.39247,1.65,1.00
2013.11.29 10:05:45.769,1.39241,1.39248,1.00,1.84
2013.11.29 10:05:45.870,1.39241,1.39245,1.00,1.00
2013.11.29 10:05:46.174,1.39238,1.39245,1.00,1.20
2013.11.29 10:05:46.700,1.39238,1.39245,1.15,1.00
2013.11.29 10:05:47.324,1.39238,1.39246,1.15,1.13
2013.11.29 10:05:47.375,1.39242,1.39249,1.75,2.53
2013.11.29 10:05:47.426,1.39242,1.39247,1.00,1.88
2013.11.29 10:05:47.527,1.39244,1.39248,1.88,1.00
2013.11.29 10:05:47.628,1.39242,1.39248,3.45,1.37
2013.11.29 10:05:47.679,1.39242,1.39248,1.28,1.24
2013.11.29 10:05:47.780,1.39243,1.39251,1.00,1.53
2013.11.29 10:05:47.981,1.39244,1.39247,1.00,1.00
2013.11.29 10:05:48.491,1.39243,1.39247,1.00,1.00
2013.11.29 10:05:49.146,1.39245,1.39247,1.50,1.00
2013.11.29 10:05:49.196,1.39245,1.39251,2.25,2.68
2013.11.29 10:05:49.247,1.39248,1.39251,1.50,2.23
2013.11.29 10:05:49.348,1.39246,1.3925,1.08,1.38
2013.11.29 10:05:49.449,1.39243,1.3925,1.20,1.38
2013.11.29 10:05:51.171,1.39243,1.39248,1.20,1.00
2013.11.29 10:05:51.677,1.39242,1.3925,1.15,1.38
2013.11.29 10:05:52.184,1.39241,1.39248,1.15,1.00
2013.11.29 10:05:52.487,1.39242,1.39246,1.20,1.00
2013.11.29 10:05:52.937,1.3924,1.39246,1.00,1.00
2013.11.29 10:05:53.089,1.39241,1.39248,1.20,1.13
2013.11.29 10:05:53.661,1.39242,1.39248,1.00,1.00
2013.11.29 10:05:55.173,1.39241,1.3925,1.20,1.84
2013.11.29 10:05:55.641,1.39241,1.39248,1.58,1.62
2013.11.29 10:05:55.742,1.39241,1.39248,2.25,1.69
2013.11.29 10:05:55.793,1.39241,1.39245,1.00,1.00
2013.11.29 10:05:55.894,1.39238,1.39245,1.58,1.00
2013.11.29 10:05:56.437,1.39238,1.39245,1.28,1.00
2013.11.29 10:05:56.588,1.3924,1.39245,1.50,1.00
2013.11.29 10:05:56.790,1.39243,1.3925,1.00,1.28
2013.11.29 10:05:56.942,1.39242,1.3925,3.00,1.38
2013.11.29 10:05:56.992,1.39242,1.39247,1.65,1.13
2013.11.29 10:05:57.446,1.39242,1.39247,3.75,1.00
2013.11.29 10:05:57.799,1.3924,1.39248,3.38,1.38
2013.11.29 10:05:58.373,1.39244,1.39248,1.00,1.00
2013.11.29 10:05:59.375,1.39244,1.39248,1.58,1.00
2013.11.29 10:05:59.633,1.39246,1.39255,1.20,1.53
2013.11.29 10:05:59.763,1.39248,1.39255,1.20,1.38
2013.11.29 10:05:59.965,1.39247,1.39255,2.03,1.13
2013.11.29 10:06:00.217,1.39247,1.39255,2.03,1.38
2013.11.29 10:06:00.369,1.39247,1.39255,2.03,1.13
2013.11.29 10:06:00.419,1.39248,1.39255,1.08,1.13
2013.11.29 10:06:00.807,1.39248,1.39256,1.50,1.38
2013.11.29 10:06:00.908,1.39248,1.39256,1.50,1.38
2013.11.29 10:06:01.110,1.39247,1.39256,1.28,1.84
2013.11.29 10:06:01.311,1.39247,1.39255,1.08,1.48
2013.11.29 10:06:01.563,1.39247,1.39253,1.20,1.13
2013.11.29 10:06:01.614,1.39247,1.39253,1.58,1.13
2013.11.29 10:06:02.273,1.39249,1.39255,1.58,1.13
2013.11.29 10:06:04.446,1.39249,1.39255,1.65,1.00
2013.11.29 10:06:04.973,1.39247,1.39255,1.58,1.58
2013.11.29 10:06:05.277,1.39246,1.39251,1.65,1.00
2013.11.29 10:06:05.781,1.39246,1.3925,1.28,1.00
2013.11.29 10:06:06.083,1.39244,1.39248,1.28,1.00
2013.11.29 10:06:06.133,1.39244,1.39251,1.28,1.00
2013.11.29 10:06:06.587,1.39244,1.39249,1.53,1.00
2013.11.29 10:06:06.688,1.39244,1.3925,1.20,1.10
2013.11.29 10:06:07.002,1.39244,1.39247,1.13,1.00
2013.11.29 10:06:09.485,1.39241,1.39247,1.65,1.00
2013.11.29 10:06:09.970,1.39241,1.3925,1.53,1.20
2013.11.29 10:06:10.222,1.39241,1.39248,1.53,1.00
2013.11.29 10:06:10.779,1.39239,1.39248,1.53,1.09
2013.11.29 10:06:11.878,1.39238,1.39248,1.88,2.00
2013.11.29 10:06:12.130,1.39233,1.3924,1.65,1.00
2013.11.29 10:06:12.181,1.39233,1.39237,1.13,1.00
2013.11.29 10:06:12.584,1.39231,1.39237,1.00,1.20
2013.11.29 10:06:12.786,1.39231,1.39237,1.38,1.20
2013.11.29 10:06:13.128,1.39233,1.39238,2.85,1.00
2013.11.29 10:06:13.279,1.39236,1.39243,1.00,1.88
2013.11.29 10:06:13.330,1.3924,1.39243,1.00,1.50
2013.11.29 10:06:13.784,1.3924,1.39245,1.00,1.00
2013.11.29 10:06:15.743,1.39238,1.39245,1.88,1.77
2013.11.29 10:06:16.045,1.39238,1.39241,1.88,1.00
2013.11.29 10:06:16.394,1.39238,1.39243,1.13,1.38
2013.11.29 10:06:16.647,1.39238,1.39241,1.00,1.00
2013.11.29 10:06:17.707,1.39238,1.39244,1.38,1.53
2013.11.29 10:06:17.964,1.39238,1.39246,1.38,1.53
2013.11.29 10:06:18.204,1.39237,1.39241,1.13,1.00
2013.11.29 10:06:18.255,1.39236,1.39245,1.90,1.38
2013.11.29 10:06:18.709,1.39236,1.39245,1.35,3.38
2013.11.29 10:06:18.760,1.39236,1.39242,1.35,1.00
2013.11.29 10:06:18.861,1.39236,1.39245,1.90,2.63
2013.11.29 10:06:19.024,1.39239,1.39243,1.00,1.13
2013.11.29 10:06:19.075,1.39239,1.39246,1.00,1.53
2013.11.29 10:06:19.125,1.39237,1.39246,1.75,1.53
2013.11.29 10:06:20.396,1.39238,1.39245,1.75,1.65
2013.11.29 10:06:20.699,1.39237,1.39242,1.75,1.28
2013.11.29 10:06:21.203,1.39235,1.3924,2.10,1.13
2013.11.29 10:06:21.715,1.39235,1.39242,1.75,1.00
2013.11.29 10:06:22.218,1.39234,1.39242,2.48,1.28
2013.11.29 10:06:23.248,1.39234,1.39242,1.13,1.53
2013.11.29 10:06:23.501,1.39238,1.39242,1.00,1.65
2013.11.29 10:06:23.602,1.39232,1.39239,2.03,1.00
2013.11.29 10:06:23.905,1.39234,1.39239,1.13,1.52
2013.11.29 10:06:24.424,1.39234,1.39241,1.13,2.12
2013.11.29 10:06:25.393,1.39233,1.39236,1.88,1.00
2013.11.29 10:06:25.494,1.39233,1.39236,1.13,1.38
2013.11.29 10:06:25.595,1.39229,1.39234,1.13,1.00
2013.11.29 10:06:25.696,1.39225,1.39233,2.63,1.18
2013.11.29 10:06:25.949,1.39222,1.39226,3.00,1.00
2013.11.29 10:06:26.352,1.39225,1.39231,1.38,1.88
2013.11.29 10:06:26.453,1.39225,1.39232,2.40,1.50
2013.11.29 10:06:26.723,1.39225,1.3923,1.58,1.00
2013.11.29 10:06:27.026,1.39225,1.39232,1.50,1.15
2013.11.29 10:06:27.127,1.39225,1.39232,1.50,1.15
2013.11.29 10:06:27.682,1.39225,1.39231,1.20,2.25
2013.11.29 10:06:27.783,1.39225,1.39227,1.00,1.00
2013.11.29 10:06:27.833,1.39222,1.39227,1.00,1.50
2013.11.29 10:06:27.884,1.3922,1.39227,1.00,2.49
2013.11.29 10:06:28.388,1.39215,1.39222,2.63,1.13
2013.11.29 10:06:29.115,1.39215,1.39223,3.00,1.00
2013.11.29 10:06:29.216,1.39217,1.39223,1.20,1.00
2013.11.29 10:06:32.073,1.39215,1.39223,3.00,1.00
2013.11.29 10:06:32.613,1.39215,1.39223,2.63,1.13
2013.11.29 10:06:33.198,1.39215,1.39223,2.63,1.38
2013.11.29 10:06:34.172,1.39215,1.39223,2.63,1.50
2013.11.29 10:06:35.915,1.39217,1.39225,2.40,1.28
2013.11.29 10:06:36.411,1.39217,1.39225,1.95,1.28
2013.11.29 10:06:37.106,1.39217,1.39225,1.95,1.47
2013.11.29 10:06:37.678,1.39217,1.39225,2.78,1.28
2013.11.29 10:06:38.236,1.39217,1.39225,3.08,1.20
2013.11.29 10:06:38.540,1.39215,1.39223,2.70,1.48
2013.11.29 10:06:38.640,1.39215,1.39223,2.03,1.58
2013.11.29 10:06:38.771,1.39216,1.39224,1.38,1.70
2013.11.29 10:06:39.084,1.3922,1.39224,1.13,1.25
2013.11.29 10:06:39.588,1.3922,1.39224,1.38,1.69
2013.11.29 10:06:39.689,1.39217,1.39224,2.40,1.94
2013.11.29 10:06:39.790,1.39214,1.3922,2.78,1.98
2013.11.29 10:06:40.092,1.39205,1.39211,1.28,1.00
2013.11.29 10:06:40.344,1.39203,1.3921,1.88,1.00
2013.11.29 10:06:40.873,1.39205,1.39212,1.20,1.55
2013.11.29 10:06:41.417,1.39205,1.3921,2.03,1.00
2013.11.29 10:06:44.165,1.39205,1.3921,2.78,1.00
2013.11.29 10:06:44.944,1.39205,1.3921,2.03,1.00
2013.11.29 10:06:45.298,1.39207,1.39213,3.00,1.25
2013.11.29 10:06:45.500,1.39208,1.39216,1.53,1.93
2013.11.29 10:06:45.925,1.39207,1.39213,3.00,1.00
2013.11.29 10:06:46.462,1.39205,1.39212,1.90,1.00
2013.11.29 10:06:46.985,1.39206,1.39212,1.65,1.32
2013.11.29 10:06:47.516,1.39206,1.39212,1.65,1.24
2013.11.29 10:06:48.569,1.39204,1.39212,1.95,1.44
2013.11.29 10:06:49.084,1.39204,1.39212,1.95,1.44
2013.11.29 10:06:50.544,1.39203,1.3921,1.28,1.00
2013.11.29 10:06:50.862,1.39202,1.39207,2.25,1.00
2013.11.29 10:06:51.363,1.39201,1.39207,1.53,1.18
2013.11.29 10:06:51.665,1.39197,1.39203,1.50,1.25
2013.11.29 10:06:51.766,1.39197,1.392,1.50,1.00
2013.11.29 10:06:52.364,1.39196,1.392,1.20,1.00
2013.11.29 10:06:52.616,1.39196,1.39201,2.63,1.00
2013.11.29 10:06:52.818,1.392,1.39207,1.88,1.00
2013.11.29 10:06:52.919,1.39202,1.39212,1.88,1.58
2013.11.29 10:06:52.969,1.39202,1.39213,2.25,1.58
2013.11.29 10:06:53.070,1.39203,1.39211,2.25,1.00
2013.11.29 10:06:53.751,1.39206,1.39211,1.53,1.25
2013.11.29 10:06:54.255,1.39206,1.39212,1.13,1.32
2013.11.29 10:06:57.277,1.39207,1.39212,1.00,1.32
2013.11.29 10:06:57.579,1.39205,1.3921,1.28,1.00
2013.11.29 10:06:58.623,1.39205,1.39209,1.58,1.00
2013.11.29 10:07:00.383,1.39205,1.3921,1.28,1.00
2013.11.29 10:07:02.796,1.39205,1.39212,1.50,1.47
2013.11.29 10:07:09.040,1.39205,1.39212,1.38,1.64
2013.11.29 10:07:17.565,1.39203,1.3921,1.95,1.00
2013.11.29 10:07:18.731,1.39205,1.39212,1.65,1.24
2013.11.29 10:07:22.114,1.39205,1.39212,1.65,1.00
2013.11.29 10:07:26.366,1.39205,1.39212,1.28,1.00
2013.11.29 10:07:26.467,1.39203,1.39208,2.85,1.00
2013.11.29 10:07:26.568,1.39203,1.3921,2.78,1.00
2013.11.29 10:07:27.122,1.39203,1.39209,1.65,1.13
2013.11.29 10:07:27.792,1.39203,1.39209,1.95,1.00
2013.11.29 10:07:27.893,1.39202,1.39209,1.08,1.95
2013.11.29 10:07:27.995,1.39203,1.39209,1.48,1.58
2013.11.29 10:07:28.509,1.39203,1.39209,1.58,1.00
2013.11.29 10:07:29.086,1.39201,1.39208,3.23,1.00
2013.11.29 10:07:32.444,1.39201,1.39208,2.25,1.25
2013.11.29 10:07:32.545,1.392,1.39206,1.28,1.00
2013.11.29 10:07:32.847,1.39201,1.39208,3.19,1.00
2013.11.29 10:07:37.575,1.39201,1.39206,1.13,1.00
2013.11.29 10:07:37.878,1.39199,1.3921,4.32,1.77
2013.11.29 10:07:50.784,1.39201,1.39209,3.00,1.62
2013.11.29 10:07:50.986,1.39199,1.39204,1.45,1.00
2013.11.29 10:07:51.088,1.392,1.39209,1.84,1.65
2013.11.29 10:07:51.138,1.39201,1.39206,3.19,1.00
2013.11.29 10:07:51.239,1.39205,1.39213,1.32,2.12
2013.11.29 10:07:51.290,1.39205,1.39213,1.38,1.74
2013.11.29 10:07:51.492,1.39205,1.39214,1.28,1.52
2013.11.29 10:07:51.845,1.39205,1.39212,1.15,1.51
2013.11.29 10:07:51.946,1.392,1.39207,1.65,1.00
2013.11.29 10:07:51.997,1.39199,1.39207,1.88,2.25
2013.11.29 10:07:52.300,1.39198,1.39207,1.38,3.62
2013.11.29 10:07:52.836,1.39198,1.39205,1.00,2.87
2013.11.29 10:07:53.139,1.39198,1.39205,3.00,2.48
2013.11.29 10:07:53.338,1.39203,1.3921,1.50,2.12
2013.11.29 10:07:53.440,1.39205,1.3921,1.00,1.45
2013.11.29 10:07:53.850,1.39206,1.39212,1.13,1.08
2013.11.29 10:07:53.952,1.39206,1.39213,1.00,2.03
2013.11.29 10:07:54.103,1.39204,1.39213,1.28,2.78
2013.11.29 10:07:54.204,1.39204,1.39212,1.20,1.95
2013.11.29 10:07:56.298,1.39204,1.39207,1.00,1.00
2013.11.29 10:07:56.349,1.392,1.39207,2.25,1.00
2013.11.29 10:07:56.551,1.39198,1.39206,2.63,1.00
2013.11.29 10:07:57.882,1.39198,1.39204,1.88,1.00
2013.11.29 10:07:58.185,1.39193,1.39199,2.03,1.00
2013.11.29 10:07:58.236,1.39193,1.39199,1.20,1.24
2013.11.29 10:07:58.286,1.39193,1.39195,1.00,1.00
2013.11.29 10:07:58.337,1.3919,1.39195,2.03,1.00
2013.11.29 10:07:58.841,1.39186,1.39195,2.63,1.39
2013.11.29 10:07:59.072,1.39186,1.39195,2.63,1.77
2013.11.29 10:07:59.123,1.39186,1.39193,1.28,1.37
2013.11.29 10:07:59.173,1.39182,1.39188,1.13,1.00
2013.11.29 10:07:59.224,1.39181,1.39185,2.40,1.00
2013.11.29 10:07:59.755,1.39181,1.3919,2.40,1.39
2013.11.29 10:08:00.132,1.3918,1.39188,2.25,1.00
2013.11.29 10:08:00.607,1.3918,1.39185,1.50,1.00
2013.11.29 10:08:00.758,1.39177,1.39185,3.00,1.00
2013.11.29 10:08:00.910,1.3918,1.39189,2.03,2.40
2013.11.29 10:08:01.262,1.39178,1.39187,1.58,1.89
2013.11.29 10:08:01.769,1.39178,1.39186,1.48,1.32
2013.11.29 10:08:02.223,1.39179,1.39187,1.13,1.28
2013.11.29 10:08:03.219,1.3918,1.39186,1.68,1.74
2013.11.29 10:08:03.370,1.39177,1.39185,1.95,1.28
2013.11.29 10:08:03.472,1.39178,1.39185,1.73,2.12
2013.11.29 10:08:04.003,1.39181,1.39185,1.38,1.13
2013.11.29 10:08:04.458,1.39181,1.39189,1.38,1.53
2013.11.29 10:08:04.559,1.39181,1.39189,1.38,1.15
2013.11.29 10:08:04.761,1.39184,1.3919,1.00,2.25
2013.11.29 10:08:04.862,1.39185,1.39192,1.00,2.63
2013.11.29 10:08:05.242,1.39186,1.39194,1.00,5.25
2013.11.29 10:08:05.393,1.39186,1.39194,3.23,4.13
2013.11.29 10:08:05.898,1.39189,1.39194,1.00,1.65
2013.11.29 10:08:06.200,1.39191,1.39194,1.00,1.65
2013.11.29 10:08:06.980,1.39189,1.39194,1.00,1.65
2013.11.29 10:08:07.031,1.39189,1.39191,1.00,1.00
2013.11.29 10:08:07.082,1.39185,1.39191,1.38,1.00
2013.11.29 10:08:07.133,1.39184,1.39188,2.18,1.00
2013.11.29 10:08:07.234,1.39183,1.39186,1.00,1.00
2013.11.29 10:08:07.688,1.39182,1.39186,1.00,1.33
2013.11.29 10:08:08.091,1.39178,1.39183,1.10,1.00
2013.11.29 10:08:08.601,1.39177,1.39183,1.00,1.00
2013.11.29 10:08:08.803,1.39175,1.39184,1.13,3.62
2013.11.29 10:08:09.106,1.39174,1.39182,1.28,1.58
2013.11.29 10:08:09.674,1.39175,1.39184,1.38,3.99
2013.11.29 10:08:10.026,1.39177,1.39184,1.38,4.50
2013.11.29 10:08:10.530,1.39177,1.39182,1.00,2.03
2013.11.29 10:08:10.631,1.39177,1.39184,1.88,2.70
2013.11.29 10:08:10.732,1.39177,1.39184,1.88,2.40
2013.11.29 10:08:11.112,1.39181,1.39186,2.10,4.13
2013.11.29 10:08:11.213,1.3918,1.39186,1.32,2.25
2013.11.29 10:08:11.415,1.39181,1.39186,1.38,1.20
2013.11.29 10:08:11.516,1.39181,1.39188,1.38,1.20
2013.11.29 10:08:11.617,1.39181,1.39189,1.73,1.53
2013.11.29 10:08:12.410,1.39181,1.39189,1.88,1.00
2013.11.29 10:08:12.913,1.39183,1.39191,1.30,1.84
2013.11.29 10:08:13.270,1.39182,1.39191,1.13,1.84
2013.11.29 10:08:13.803,1.39182,1.39191,1.13,1.84
2013.11.29 10:08:13.904,1.39181,1.39191,2.03,1.84
2013.11.29 10:08:14.055,1.39182,1.39191,1.13,1.84
2013.11.29 10:08:14.590,1.39181,1.39191,2.03,1.84
2013.11.29 10:08:15.140,1.39181,1.39191,2.03,1.84
2013.11.29 10:08:15.242,1.39182,1.39192,1.58,2.87
2013.11.29 10:08:15.443,1.39182,1.39192,3.38,1.52
2013.11.29 10:08:15.594,1.39183,1.39192,1.13,1.52
2013.11.29 10:08:15.903,1.39182,1.39192,3.60,1.89
2013.11.29 10:08:16.669,1.39182,1.39192,3.38,1.52
2013.11.29 10:08:17.196,1.39182,1.39192,3.38,1.70
2013.11.29 10:08:17.499,1.39182,1.39188,2.63,1.00
2013.11.29 10:08:17.906,1.39182,1.39191,2.63,1.32
2013.11.29 10:08:23.136,1.39185,1.39191,1.15,1.00
2013.11.29 10:08:23.186,1.39186,1.39193,1.20,1.00
2013.11.29 10:08:23.237,1.39187,1.39193,1.08,1.00
2013.11.29 10:08:23.288,1.3919,1.39198,1.00,3.05
2013.11.29 10:08:23.919,1.3919,1.39199,2.03,1.53
2013.11.29 10:08:24.252,1.39188,1.39195,1.50,1.13
2013.11.29 10:08:24.559,1.39188,1.39192,1.35,1.68
2013.11.29 10:08:24.660,1.39186,1.3919,1.50,1.32
2013.11.29 10:08:24.761,1.39182,1.3919,1.38,1.47
2013.11.29 10:08:24.812,1.39182,1.39189,1.38,1.08
2013.11.29 10:08:25.324,1.39182,1.39189,1.13,2.63
2013.11.29 10:08:25.707,1.3918,1.39186,1.38,1.08
2013.11.29 10:08:26.208,1.3918,1.39186,1.38,1.00
2013.11.29 10:08:28.460,1.39181,1.3919,1.58,1.52
2013.11.29 10:08:29.102,1.39181,1.3919,3.75,1.37
2013.11.29 10:08:30.028,1.39184,1.39192,1.00,1.84
2013.11.29 10:08:30.129,1.39188,1.39195,1.00,1.88
2013.11.29 10:08:30.180,1.39188,1.39195,1.00,1.88
2013.11.29 10:08:30.735,1.39188,1.39195,1.38,2.12
2013.11.29 10:08:30.836,1.39187,1.39195,3.38,1.13
2013.11.29 10:08:31.340,1.39187,1.39194,3.38,1.00
2013.11.29 10:08:35.618,1.39188,1.39195,1.00,1.02
2013.11.29 10:08:35.719,1.39189,1.39197,1.50,1.38
2013.11.29 10:08:35.971,1.3919,1.39198,1.28,1.37
2013.11.29 10:08:39.371,1.39191,1.39199,1.20,1.28
2013.11.29 10:08:45.848,1.39191,1.39199,1.20,2.22
2013.11.29 10:08:46.155,1.39186,1.39189,1.20,1.00
2013.11.29 10:08:47.010,1.39186,1.39191,1.00,1.38
2013.11.29 10:08:47.535,1.39186,1.39191,1.00,1.50
2013.11.29 10:08:49.776,1.39186,1.39191,1.38,1.00
2013.11.29 10:08:50.079,1.3919,1.39196,1.00,1.88
2013.11.29 10:08:50.582,1.3919,1.39196,1.00,2.44
2013.11.29 10:08:51.084,1.39188,1.39194,1.38,1.20
2013.11.29 10:08:51.386,1.39185,1.39191,1.45,1.10
2013.11.29 10:08:52.037,1.39185,1.39191,1.00,1.20
2013.11.29 10:08:52.383,1.39185,1.39189,1.00,1.00
2013.11.29 10:08:52.940,1.39185,1.39188,1.00,1.00
2013.11.29 10:08:53.143,1.3918,1.39188,2.33,1.69
2013.11.29 10:08:53.396,1.39178,1.39182,1.20,1.00
2013.11.29 10:08:53.498,1.39177,1.39181,1.45,1.00
2013.11.29 10:08:53.800,1.39177,1.39178,1.00,1.00
2013.11.29 10:08:54.360,1.39177,1.39183,1.50,1.34
2013.11.29 10:08:54.896,1.39177,1.39184,1.50,1.88
2013.11.29 10:08:55.665,1.39177,1.39179,1.00,1.00
2013.11.29 10:08:56.327,1.39175,1.39179,1.38,1.00
2013.11.29 10:08:56.988,1.39175,1.39179,1.13,1.00
2013.11.29 10:09:00.284,1.39174,1.39183,1.20,2.08
2013.11.29 10:09:00.853,1.39173,1.39179,1.28,1.00
2013.11.29 10:09:01.577,1.39174,1.39182,1.13,1.88
2013.11.29 10:09:02.371,1.39173,1.39179,1.38,1.00
2013.11.29 10:09:02.897,1.39173,1.39182,1.88,3.38
2013.11.29 10:09:03.213,1.39177,1.39182,1.00,1.08
2013.11.29 10:09:03.264,1.39177,1.39184,1.00,1.88
2013.11.29 10:09:05.613,1.39177,1.39184,1.38,1.50
2013.11.29 10:09:05.764,1.39177,1.39185,1.75,1.28
2013.11.29 10:09:07.593,1.39176,1.39182,2.40,1.00
2013.11.29 10:09:07.643,1.39177,1.39182,1.00,1.00
2013.11.29 10:09:08.760,1.39176,1.39185,3.83,2.18
2013.11.29 10:09:08.862,1.39183,1.39188,1.00,2.25
2013.11.29 10:09:08.963,1.39183,1.3919,1.13,3.38
2013.11.29 10:09:09.498,1.39183,1.3919,1.13,2.63
2013.11.29 10:09:10.242,1.39183,1.3919,1.38,2.63
2013.11.29 10:09:10.786,1.39183,1.39192,1.88,2.63
2013.11.29 10:09:11.294,1.39183,1.39192,1.88,2.63
2013.11.29 10:09:11.809,1.39183,1.39189,1.38,1.50
2013.11.29 10:09:12.326,1.39183,1.39189,1.38,1.38
2013.11.29 10:09:12.831,1.39181,1.39189,1.53,1.38
2013.11.29 10:09:12.932,1.39182,1.39192,1.58,2.87
2013.11.29 10:09:14.047,1.39182,1.3919,1.48,1.08
2013.11.29 10:09:14.426,1.39182,1.3919,1.75,1.50
2013.11.29 10:09:14.825,1.39189,1.39193,1.00,2.12
2013.11.29 10:09:15.379,1.39185,1.39193,1.38,2.87
2013.11.29 10:09:15.531,1.39185,1.39191,1.00,1.77
2013.11.29 10:09:16.016,1.39182,1.39191,1.38,2.49
2013.11.29 10:09:16.067,1.39181,1.39188,1.20,1.92
2013.11.29 10:09:16.218,1.3918,1.39185,1.00,1.14
2013.11.29 10:09:16.726,1.39176,1.39184,1.38,2.12
2013.11.29 10:09:18.185,1.39175,1.39182,1.38,1.69
2013.11.29 10:09:18.235,1.39173,1.39182,1.38,2.87
2013.11.29 10:09:18.488,1.39173,1.39182,1.38,2.87
2013.11.29 10:09:19.454,1.39171,1.39179,1.53,1.00
2013.11.29 10:09:20.056,1.39171,1.39179,1.53,1.00
2013.11.29 10:09:21.367,1.3917,1.39179,3.38,1.32
2013.11.29 10:09:25.438,1.3917,1.39179,2.70,1.39
2013.11.29 10:09:25.764,1.39171,1.39179,1.38,1.15
2013.11.29 10:09:26.105,1.39176,1.3918,1.13,1.20
2013.11.29 10:09:26.206,1.39175,1.39182,1.13,2.12
2013.11.29 10:09:26.976,1.39175,1.39182,1.38,2.12
2013.11.29 10:09:27.231,1.39175,1.39183,1.38,1.28
2013.11.29 10:09:27.491,1.39178,1.39184,1.00,1.88
2013.11.29 10:09:27.794,1.39182,1.39186,1.13,4.50
2013.11.29 10:09:27.998,1.3918,1.39188,1.00,4.76
2013.11.29 10:09:28.049,1.39181,1.39189,1.50,4.50
2013.11.29 10:09:28.100,1.39184,1.39189,1.43,2.25
2013.11.29 10:09:28.151,1.39184,1.39196,2.25,2.63
2013.11.29 10:09:28.303,1.39184,1.39196,2.63,2.63
2013.11.29 10:09:28.842,1.39187,1.39195,1.38,1.28
2013.11.29 10:09:29.194,1.39187,1.39194,1.00,1.39
2013.11.29 10:09:29.396,1.39183,1.39192,1.53,2.78
2013.11.29 10:09:29.497,1.39184,1.39192,1.20,2.70
2013.11.29 10:09:29.699,1.39185,1.39192,1.15,1.13
2013.11.29 10:09:34.189,1.39184,1.39189,1.20,1.00
2013.11.29 10:09:34.659,1.39183,1.39192,2.03,1.20
2013.11.29 10:09:37.035,1.39185,1.39193,1.88,1.15
2013.11.29 10:09:37.287,1.39188,1.39196,1.88,1.88
2013.11.29 10:09:37.389,1.3919,1.39197,1.00,1.53
2013.11.29 10:09:37.489,1.39192,1.39197,1.00,1.53
2013.11.29 10:09:37.995,1.39192,1.39197,1.38,1.15
2013.11.29 10:09:38.398,1.39194,1.39198,1.13,1.20
2013.11.29 10:09:39.783,1.39194,1.39199,1.13,1.00
2013.11.29 10:09:40.325,1.39194,1.39199,1.38,1.00
2013.11.29 10:09:40.709,1.39195,1.39202,1.38,2.63
2013.11.29 10:09:41.011,1.392,1.39204,1.00,2.25
2013.11.29 10:09:41.112,1.39199,1.39206,1.50,2.63
2013.11.29 10:09:41.213,1.39204,1.3921,1.00,1.38
2013.11.29 10:09:41.515,1.39205,1.39213,1.00,1.58
2013.11.29 10:09:42.049,1.39206,1.39213,1.38,1.58
2013.11.29 10:09:42.553,1.39206,1.39212,1.38,1.00
2013.11.29 10:09:42.870,1.39204,1.39211,1.38,1.47
2013.11.29 10:09:43.021,1.39204,1.39212,1.38,1.72
2013.11.29 10:09:43.123,1.39201,1.39208,3.38,1.00
2013.11.29 10:09:43.626,1.39203,1.39208,1.58,1.00
2013.11.29 10:09:44.188,1.39203,1.39208,1.58,1.00
2013.11.29 10:09:44.493,1.39204,1.39209,1.38,1.37
2013.11.29 10:09:44.544,1.39202,1.39208,1.38,1.74
2013.11.29 10:09:44.998,1.392,1.39207,1.00,2.45
2013.11.29 10:09:45.451,1.39197,1.39204,2.03,1.00
2013.11.29 10:09:45.754,1.39201,1.39208,1.13,2.94
2013.11.29 10:09:45.805,1.39201,1.39208,1.13,1.14
2013.11.29 10:09:45.969,1.39199,1.39206,1.78,1.00
2013.11.29 10:09:46.488,1.39198,1.39206,2.25,1.50
2013.11.29 10:09:47.649,1.39198,1.39205,1.00,1.02
2013.11.29 10:09:47.946,1.39198,1.39204,1.00,1.13
2013.11.29 10:09:48.872,1.39198,1.392,1.00,1.13
2013.11.29 10:09:48.973,1.39189,1.39198,1.58,1.47
2013.11.29 10:09:49.074,1.39189,1.39197,1.38,1.74
2013.11.29 10:09:49.225,1.39189,1.39198,2.03,5.27
2013.11.29 10:09:49.276,1.39189,1.39197,1.48,1.77
2013.11.29 10:09:49.578,1.39189,1.39195,1.13,2.27
2013.11.29 10:09:49.793,1.39187,1.39192,1.10,1.32
2013.11.29 10:09:49.894,1.39183,1.3919,1.58,1.32
2013.11.29 10:09:49.995,1.39183,1.39191,1.58,3.32
2013.11.29 10:09:50.438,1.39186,1.39191,1.00,2.87
2013.11.29 10:09:50.943,1.39186,1.39191,1.00,2.49
2013.11.29 10:09:51.248,1.39187,1.39191,1.00,2.49
2013.11.29 10:09:53.511,1.39184,1.39191,1.38,2.25
2013.11.29 10:09:53.763,1.39181,1.39189,2.03,1.20
2013.11.29 10:09:54.280,1.39182,1.39189,1.13,1.20
2013.11.29 10:09:54.333,1.39182,1.39189,1.38,1.20
2013.11.29 10:09:54.837,1.39182,1.39189,1.50,1.20
2013.11.29 10:09:55.914,1.39183,1.39191,1.38,2.25
2013.11.29 10:09:56.424,1.39181,1.3919,1.58,1.84
2013.11.29 10:09:57.345,1.39181,1.3919,1.58,1.84
2013.11.29 10:10:00.290,1.39181,1.39189,1.58,1.09
2013.11.29 10:10:00.717,1.3918,1.39186,1.53,1.00
2013.11.29 10:10:01.285,1.3918,1.39186,1.53,1.00
2013.11.29 10:10:01.497,1.39179,1.39186,2.63,1.13
2013.11.29 10:10:01.548,1.39179,1.39183,2.63,1.00
2013.11.29 10:10:01.598,1.39176,1.39183,2.63,1.00
2013.11.29 10:10:02.111,1.39178,1.39186,1.38,3.99
2013.11.29 10:10:03.023,1.39178,1.39183,1.38,1.13
2013.11.29 10:10:03.555,1.39177,1.39183,1.38,1.28
2013.11.29 10:10:04.944,1.39175,1.39181,1.38,1.00
2013.11.29 10:10:04.995,1.39175,1.39181,1.38,1.00
2013.11.29 10:10:06.475,1.39174,1.39181,1.95,2.30
2013.11.29 10:10:06.778,1.39169,1.39178,2.40,1.47
2013.11.29 10:10:07.282,1.3917,1.39177,1.58,1.00
2013.11.29 10:10:07.735,1.3917,1.39177,3.38,1.00
2013.11.29 10:10:07.836,1.39172,1.3918,2.44,1.32
2013.11.29 10:10:08.240,1.39175,1.39184,1.20,3.45
2013.11.29 10:10:08.392,1.39175,1.39184,1.78,1.58
2013.11.29 10:10:09.373,1.39176,1.39183,2.63,1.00
2013.11.29 10:10:09.830,1.39177,1.39185,1.65,1.55
2013.11.29 10:10:10.368,1.39179,1.39188,1.53,1.52
2013.11.29 10:10:10.873,1.39181,1.3919,1.13,4.74
2013.11.29 10:10:13.030,1.39181,1.39188,1.00,1.39
2013.11.29 10:10:13.535,1.39179,1.39188,1.53,1.52
2013.11.29 10:10:13.992,1.39182,1.3919,1.38,2.30
2013.11.29 10:10:14.295,1.39184,1.3919,1.28,1.00
2013.11.29 10:10:14.805,1.39185,1.39191,1.13,1.88
2013.11.29 10:10:15.328,1.39186,1.39191,1.00,1.38
2013.11.29 10:10:15.990,1.39187,1.39192,1.00,2.03
2013.11.29 10:10:16.303,1.39185,1.39191,1.00,1.50
2013.11.29 10:10:16.454,1.39182,1.39191,2.03,1.65
2013.11.29 10:10:17.194,1.3918,1.39188,3.94,1.00
2013.11.29 10:10:17.497,1.39178,1.39185,2.63,1.00
2013.11.29 10:10:17.870,1.39178,1.39183,1.08,1.00
2013.11.29 10:10:17.921,1.39176,1.39183,3.00,1.00
2013.11.29 10:10:18.022,1.39174,1.39183,2.63,2.68
2013.11.29 10:10:18.223,1.39174,1.39182,2.25,1.24
2013.11.29 10:10:18.727,1.39175,1.39183,1.28,1.58
2013.11.29 10:10:19.484,1.39175,1.3918,1.28,1.00
2013.11.29 10:10:19.854,1.39173,1.3918,1.20,1.08
2013.11.29 10:10:20.847,1.39172,1.3918,1.73,1.15
2013.11.29 10:10:21.350,1.39172,1.3918,1.73,1.15
2013.11.29 10:10:21.892,1.39172,1.3918,1.73,1.15
2013.11.29 10:10:22.353,1.39177,1.39181,1.13,1.13
2013.11.29 10:10:22.454,1.39177,1.39184,1.13,1.88
2013.11.29 10:10:22.605,1.39177,1.39184,1.88,1.08
2013.11.29 10:10:22.656,1.39177,1.39185,1.88,2.78
2013.11.29 10:10:24.787,1.39177,1.39185,1.50,2.40
2013.11.29 10:10:30.166,1.39177,1.39184,1.00,1.82
2013.11.29 10:10:30.727,1.39178,1.39184,1.00,2.49
2013.11.29 10:10:33.220,1.39178,1.39184,1.00,1.14
2013.11.29 10:10:35.263,1.39179,1.39185,1.00,2.40
2013.11.29 10:10:35.775,1.39178,1.39184,1.00,1.20
2013.11.29 10:10:36.134,1.39182,1.39185,1.00,2.03
2013.11.29 10:10:44.318,1.39183,1.39186,1.00,1.00
2013.11.29 10:10:44.927,1.39183,1.39187,1.00,1.37
2013.11.29 10:10:45.384,1.3918,1.39188,1.58,1.58
2013.11.29 10:10:45.688,1.39179,1.39186,1.53,2.10
2013.11.29 10:10:45.991,1.39178,1.39181,1.88,1.00
2013.11.29 10:10:46.334,1.39176,1.39181,2.63,1.00
2013.11.29 10:10:47.212,1.39174,1.39181,3.75,1.00
2013.11.29 10:10:47.761,1.39173,1.3918,1.48,1.58
2013.11.29 10:10:50.496,1.39173,1.3918,1.58,1.88
2013.11.29 10:10:56.592,1.39172,1.3918,2.03,1.13
2013.11.29 10:11:00.303,1.39173,1.3918,1.48,1.50
2013.11.29 10:11:00.828,1.39173,1.3918,1.38,2.25
2013.11.29 10:11:02.767,1.3917,1.39174,1.20,1.10
2013.11.29 10:11:02.921,1.39169,1.39174,1.69,1.45
2013.11.29 10:11:02.972,1.39173,1.39175,1.38,1.00
2013.11.29 10:11:03.022,1.39173,1.39176,1.38,1.20
2013.11.29 10:11:03.174,1.39173,1.39178,1.38,1.13
2013.11.29 10:11:03.801,1.39173,1.39181,1.00,3.62
2013.11.29 10:11:06.253,1.39173,1.39181,1.58,1.20
2013.11.29 10:11:06.556,1.39176,1.39183,1.77,1.10
2013.11.29 10:11:06.858,1.39179,1.39184,1.00,1.00
2013.11.29 10:11:11.202,1.39178,1.39186,1.15,1.38
2013.11.29 10:11:11.513,1.3918,1.39188,1.08,1.69
2013.11.29 10:11:13.050,1.3918,1.39188,1.15,1.38
2013.11.29 10:11:13.150,1.3918,1.39188,1.34,1.38
2013.11.29 10:11:13.254,1.3918,1.39188,1.15,1.38
2013.11.29 10:11:13.305,1.39181,1.39188,1.20,1.38
2013.11.29 10:11:14.481,1.39181,1.39188,1.20,1.00
2013.11.29 10:11:18.081,1.39181,1.39188,1.39,1.00
2013.11.29 10:11:18.182,1.39186,1.3919,1.00,1.08
2013.11.29 10:11:18.435,1.39183,1.39191,1.28,3.15
2013.11.29 10:11:18.949,1.39183,1.39191,1.10,4.20
2013.11.29 10:11:24.164,1.39182,1.3919,1.13,1.52
2013.11.29 10:11:24.215,1.39182,1.3919,1.13,1.52
2013.11.29 10:11:24.693,1.39186,1.39191,1.00,3.24
2013.11.29 10:11:25.310,1.39186,1.39191,1.00,2.49
2013.11.29 10:11:26.008,1.39184,1.39191,1.00,1.89
2013.11.29 10:11:26.109,1.39181,1.39186,3.00,1.00
2013.11.29 10:11:26.261,1.39181,1.39186,1.28,1.32
2013.11.29 10:11:26.866,1.39179,1.39186,1.28,1.00
2013.11.29 10:11:26.917,1.39179,1.39186,2.03,1.38
2013.11.29 10:11:27.440,1.39177,1.39182,2.25,1.00
2013.11.29 10:11:27.944,1.39175,1.39182,2.63,1.38
2013.11.29 10:11:28.669,1.3918,1.39185,1.00,1.69
2013.11.29 10:11:28.720,1.3918,1.39185,1.00,1.32
2013.11.29 10:11:28.888,1.3918,1.39186,1.00,1.89
2013.11.29 10:11:30.021,1.3918,1.39187,1.00,2.27
2013.11.29 10:11:30.178,1.39178,1.39185,1.65,1.00
2013.11.29 10:11:30.679,1.39178,1.39185,1.50,1.20
2013.11.29 10:11:31.249,1.39178,1.39185,1.69,1.20
2013.11.29 10:11:31.585,1.3918,1.39187,1.88,1.28
2013.11.29 10:11:31.887,1.3918,1.39187,1.00,2.63
2013.11.29 10:11:32.450,1.3918,1.39187,1.00,3.75
2013.11.29 10:11:33.052,1.39177,1.39185,1.58,1.52
2013.11.29 10:11:33.102,1.39177,1.39185,1.20,1.52
2013.11.29 10:11:33.645,1.39177,1.39185,1.00,2.87
2013.11.29 10:11:34.159,1.39177,1.39184,1.00,2.87
2013.11.29 10:11:34.714,1.39177,1.39184,1.50,2.49
2013.11.29 10:11:36.067,1.39177,1.39184,1.50,1.39
2013.11.29 10:11:38.124,1.39177,1.39185,1.13,2.87
2013.11.29 10:11:38.735,1.39177,1.39183,1.32,1.14
2013.11.29 10:11:40.442,1.39177,1.39185,3.42,1.88
2013.11.29 10:11:40.695,1.39186,1.3919,1.00,1.15
2013.11.29 10:11:40.796,1.39186,1.39189,1.25,2.03
2013.11.29 10:11:41.300,1.39188,1.39191,1.00,2.10
2013.11.29 10:11:41.667,1.39186,1.39191,1.00,2.87
2013.11.29 10:11:41.769,1.39181,1.39188,2.25,1.00
2013.11.29 10:11:42.223,1.39181,1.39187,1.54,1.50
2013.11.29 10:11:42.770,1.39181,1.39188,1.92,2.40
2013.11.29 10:11:44.040,1.39184,1.39188,1.00,1.65
2013.11.29 10:11:44.871,1.39184,1.39188,1.00,1.74
2013.11.29 10:11:45.408,1.39184,1.39188,1.00,1.47
2013.11.29 10:11:46.070,1.39181,1.39188,1.00,1.89
2013.11.29 10:11:46.624,1.39181,1.39188,1.28,1.00
2013.11.29 10:11:50.210,1.39181,1.39188,1.20,2.19
2013.11.29 10:11:51.372,1.39181,1.39185,1.00,1.00
2013.11.29 10:11:51.523,1.39178,1.39185,1.58,1.95
2013.11.29 10:11:51.574,1.39178,1.39183,1.00,1.00
2013.11.29 10:11:51.893,1.39178,1.3918,1.00,1.00
2013.11.29 10:11:52.622,1.39173,1.3918,3.60,1.74
2013.11.29 10:11:52.725,1.39173,1.39178,3.00,1.00
2013.11.29 10:11:52.970,1.39173,1.39178,1.65,1.32
2013.11.29 10:11:54.861,1.39173,1.39178,1.58,1.32
2013.11.29 10:11:54.911,1.39173,1.39178,1.27,1.00
2013.11.29 10:11:55.012,1.39176,1.39183,1.38,1.89
2013.11.29 10:11:55.063,1.39176,1.39183,1.00,1.89
2013.11.29 10:11:55.164,1.39176,1.39183,1.38,1.89
2013.11.29 10:11:55.286,1.39179,1.39183,1.00,1.14
2013.11.29 10:11:55.588,1.39181,1.39183,1.00,1.00
2013.11.29 10:11:56.142,1.39181,1.39186,1.00,1.14
2013.11.29 10:11:57.459,1.39182,1.39186,1.00,1.14
2013.11.29 10:12:00.109,1.39182,1.39186,1.00,1.69
2013.11.29 10:12:01.000,1.39179,1.39184,1.13,1.20
2013.11.29 10:12:01.050,1.39179,1.39182,1.00,1.50
2013.11.29 10:12:03.094,1.39178,1.39182,1.00,2.49
2013.11.29 10:12:03.715,1.39178,1.39182,1.00,1.39
2013.11.29 10:12:03.976,1.39179,1.39183,1.32,1.20
2013.11.29 10:12:04.077,1.39179,1.39185,1.92,1.50
2013.11.29 10:12:04.127,1.39179,1.39186,1.92,2.40
2013.11.29 10:12:04.430,1.39184,1.39186,1.00,1.15
2013.11.29 10:12:05.009,1.39184,1.39189,1.00,2.25
2013.11.29 10:12:06.138,1.39185,1.39188,1.00,2.03
2013.11.29 10:12:07.492,1.39186,1.39189,1.00,1.73
2013.11.29 10:12:07.643,1.39182,1.3919,1.69,2.03
2013.11.29 10:12:07.694,1.39187,1.3919,1.00,1.65
2013.11.29 10:12:07.896,1.39187,1.39191,1.00,1.65
2013.11.29 10:12:08.410,1.39188,1.39193,1.13,1.88
2013.11.29 10:12:08.512,1.39188,1.39193,1.50,1.00
2013.11.29 10:12:08.663,1.39186,1.39193,1.50,1.15
2013.11.29 10:12:09.267,1.39186,1.39191,1.13,1.00
2013.11.29 10:12:10.110,1.39183,1.39189,1.58,1.00
2013.11.29 10:12:10.412,1.39181,1.39186,1.50,1.00
2013.11.29 10:12:10.715,1.39176,1.39182,1.15,1.00
2013.11.29 10:12:10.952,1.39176,1.39184,1.15,1.13
2013.11.29 10:12:11.061,1.39176,1.39181,1.15,1.00
2013.11.29 10:12:14.191,1.39174,1.39181,2.82,1.00
2013.11.29 10:12:14.292,1.39174,1.39178,1.88,1.00
2013.11.29 10:12:14.595,1.39177,1.39179,1.00,1.00
2013.11.29 10:12:14.710,1.39177,1.39181,1.00,1.13
2013.11.29 10:12:14.811,1.39179,1.39181,1.00,1.00
2013.11.29 10:12:15.114,1.39181,1.39187,1.00,2.25
2013.11.29 10:12:15.165,1.39177,1.39185,1.50,1.65
2013.11.29 10:12:15.215,1.39177,1.39181,1.20,1.00
2013.11.29 10:12:17.337,1.39177,1.39179,1.20,1.00
2013.11.29 10:12:17.841,1.39177,1.39181,1.20,1.00
2013.11.29 10:12:18.348,1.39179,1.39181,1.00,1.00
2013.11.29 10:12:18.449,1.39179,1.39183,1.00,1.00
2013.11.29 10:12:18.903,1.39174,1.3918,1.50,1.32
2013.11.29 10:12:19.207,1.39171,1.39177,2.25,1.88
2013.11.29 10:12:19.308,1.3917,1.39177,1.50,1.88
2013.11.29 10:12:19.409,1.3917,1.39177,1.00,2.63
2013.11.29 10:12:19.611,1.39168,1.39177,1.00,2.63
2013.11.29 10:12:19.661,1.39166,1.3917,1.53,1.00
2013.11.29 10:12:19.712,1.39166,1.39169,1.00,1.00
2013.11.29 10:12:19.864,1.39166,1.3917,1.38,1.00
2013.11.29 10:12:19.965,1.39167,1.39175,1.28,1.58
2013.11.29 10:12:20.116,1.39167,1.39171,1.20,1.00
2013.11.29 10:12:20.268,1.39163,1.39169,1.15,1.00
2013.11.29 10:12:20.319,1.39163,1.39166,1.40,1.00
2013.11.29 10:12:20.420,1.39163,1.39169,1.47,1.00
2013.11.29 10:12:20.470,1.39167,1.39169,1.00,1.00
2013.11.29 10:12:20.621,1.39168,1.39173,1.20,1.37
2013.11.29 10:12:20.722,1.39168,1.39173,2.25,1.13
2013.11.29 10:12:22.254,1.39168,1.39173,1.20,1.00
2013.11.29 10:12:23.137,1.39168,1.39172,1.20,1.00
2013.11.29 10:12:23.893,1.39168,1.39172,1.58,1.00
2013.11.29 10:12:24.706,1.39168,1.39172,1.38,1.32
2013.11.29 10:12:24.858,1.3916,1.39166,1.88,1.00
2013.11.29 10:12:25.362,1.39161,1.39166,1.00,1.00
2013.11.29 10:12:26.172,1.39161,1.39165,1.00,1.00
2013.11.29 10:12:26.837,1.39159,1.39165,1.13,1.24
2013.11.29 10:12:27.039,1.39159,1.39163,1.00,1.24
2013.11.29 10:12:27.293,1.39159,1.39164,1.13,1.32
2013.11.29 10:12:27.796,1.39159,1.39163,1.00,1.00
2013.11.29 10:12:28.730,1.39159,1.39163,1.38,1.00
2013.11.29 10:12:28.840,1.39159,1.39163,1.00,1.00
2013.11.29 10:12:29.092,1.39158,1.39167,2.70,1.82
2013.11.29 10:12:29.680,1.39158,1.39167,3.38,1.13
2013.11.29 10:12:31.150,1.39158,1.39167,3.75,1.00
2013.11.29 10:12:32.930,1.39158,1.39163,3.75,1.00
2013.11.29 10:12:33.447,1.39158,1.39165,3.94,1.00
2013.11.29 10:12:33.548,1.39158,1.39163,3.94,1.00
2013.11.29 10:12:34.989,1.39163,1.39167,1.00,1.24
2013.11.29 10:12:35.202,1.39164,1.3917,1.38,2.49
2013.11.29 10:12:35.456,1.39161,1.39169,1.53,2.12
2013.11.29 10:12:35.658,1.39161,1.39164,1.08,1.00
2013.11.29 10:12:35.759,1.39161,1.39165,1.38,1.00
2013.11.29 10:12:38.276,1.39164,1.39165,1.00,1.00
2013.11.29 10:12:38.478,1.39164,1.39169,1.13,1.28
2013.11.29 10:12:38.872,1.39164,1.39166,1.00,1.00
2013.11.29 10:12:38.973,1.39164,1.39169,1.38,1.28
2013.11.29 10:12:39.909,1.39164,1.39169,1.38,1.28
2013.11.29 10:12:42.579,1.39161,1.39167,1.58,1.00
2013.11.29 10:12:42.881,1.39159,1.39164,2.25,1.00
2013.11.29 10:12:46.470,1.39158,1.39167,2.78,2.03
2013.11.29 10:12:49.501,1.39158,1.39166,2.78,1.00
2013.11.29 10:12:50.268,1.39159,1.39167,1.58,2.03
2013.11.29 10:12:50.798,1.39158,1.39166,2.78,1.00
2013.11.29 10:12:54.016,1.39158,1.39163,1.53,1.00
2013.11.29 10:12:54.117,1.39156,1.39163,1.58,1.00
2013.11.29 10:12:54.218,1.39155,1.39163,1.65,1.00
2013.11.29 10:12:54.268,1.39153,1.39157,1.32,1.00
2013.11.29 10:12:54.319,1.39153,1.39156,1.38,1.00
2013.11.29 10:12:54.370,1.39153,1.39156,1.00,1.00
2013.11.29 10:12:54.874,1.39149,1.39156,1.88,1.50
2013.11.29 10:12:55.997,1.39148,1.39156,1.58,1.65
2013.11.29 10:12:56.199,1.39148,1.39156,1.20,2.03
2013.11.29 10:12:56.821,1.39148,1.39156,1.20,2.27
2013.11.29 10:12:58.136,1.39148,1.39156,1.28,1.89
2013.11.29 10:13:00.699,1.39148,1.39156,1.58,1.89
2013.11.29 10:13:01.832,1.39148,1.39156,1.58,1.89
2013.11.29 10:13:02.930,1.39148,1.39156,1.65,1.14
2013.11.29 10:13:10.348,1.39148,1.39156,1.65,2.78
2013.11.29 10:13:10.399,1.39148,1.39156,1.65,2.78
2013.11.29 10:13:10.500,1.39146,1.39151,2.25,1.00
2013.11.29 10:13:10.853,1.39146,1.3915,1.13,1.07
2013.11.29 10:13:10.954,1.39145,1.3915,1.58,1.10
2013.11.29 10:13:11.520,1.39147,1.39154,1.28,1.30
2013.11.29 10:13:11.873,1.39147,1.39151,1.28,1.00
2013.11.29 10:13:12.544,1.39147,1.39154,2.03,1.73
2013.11.29 10:13:12.800,1.39148,1.39154,1.45,1.73
2013.11.29 10:13:13.405,1.39153,1.39159,1.00,1.14
2013.11.29 10:13:13.934,1.39152,1.39159,1.00,3.02
2013.11.29 10:13:15.741,1.39152,1.39159,1.00,3.02
2013.11.29 10:13:16.056,1.39148,1.39155,2.63,1.00
2013.11.29 10:13:17.897,1.39148,1.39152,1.88,1.00
2013.11.29 10:13:18.048,1.39145,1.39152,4.50,1.00
2013.11.29 10:13:18.556,1.39145,1.39152,1.65,1.32
2013.11.29 10:13:19.993,1.39147,1.39153,1.00,1.44
2013.11.29 10:13:20.295,1.39148,1.39154,1.38,1.52
2013.11.29 10:13:20.799,1.39148,1.39155,1.38,3.62
2013.11.29 10:13:21.748,1.39145,1.39152,1.58,1.00
2013.11.29 10:13:21.950,1.39145,1.39152,1.13,3.43
2013.11.29 10:13:22.001,1.39142,1.39149,1.53,2.25
2013.11.29 10:13:22.254,1.39145,1.39152,1.47,1.22
2013.11.29 10:13:22.405,1.39145,1.39152,3.38,1.22
2013.11.29 10:13:22.507,1.39145,1.39152,2.25,1.40
2013.11.29 10:13:22.565,1.39142,1.39148,1.88,1.00
2013.11.29 10:13:22.768,1.39145,1.39148,1.50,1.00
2013.11.29 10:13:23.071,1.39148,1.39152,1.63,2.25
2013.11.29 10:13:23.223,1.39148,1.39155,2.63,1.50
2013.11.29 10:13:24.082,1.39151,1.39155,1.25,1.00
2013.11.29 10:13:24.385,1.39153,1.39158,1.00,1.70
2013.11.29 10:13:24.486,1.39153,1.39158,1.00,1.02
2013.11.29 10:13:24.688,1.3915,1.3916,1.58,4.37
2013.11.29 10:13:24.743,1.39153,1.3916,1.00,3.62
2013.11.29 10:13:24.945,1.39148,1.39157,2.63,1.00
2013.11.29 10:13:25.046,1.39153,1.3916,1.00,2.87
2013.11.29 10:13:25.608,1.39149,1.39158,2.59,1.20
2013.11.29 10:13:25.712,1.39148,1.39157,2.63,1.38
2013.11.29 10:13:26.217,1.39151,1.39159,1.00,1.53
2013.11.29 10:13:26.779,1.39151,1.3916,1.00,3.98
2013.11.29 10:13:27.685,1.39151,1.39158,1.00,1.95
2013.11.29 10:13:28.594,1.3915,1.39158,1.50,2.63
2013.11.29 10:13:29.378,1.3915,1.39158,2.82,2.48
2013.11.29 10:13:29.580,1.3915,1.39158,3.64,1.08
2013.11.29 10:13:29.933,1.3915,1.39158,1.50,2.63
2013.11.29 10:13:30.196,1.3915,1.39158,1.88,2.25
2013.11.29 10:13:30.737,1.3915,1.39158,1.95,1.08
2013.11.29 10:13:30.839,1.3915,1.3916,2.22,2.25
2013.11.29 10:13:31.091,1.39153,1.3916,1.38,2.25
2013.11.29 10:13:31.416,1.39155,1.3916,1.00,1.50
2013.11.29 10:13:31.517,1.39155,1.39166,1.72,2.49
2013.11.29 10:13:31.618,1.39159,1.39168,1.17,2.12
2013.11.29 10:13:31.719,1.39159,1.39168,1.82,2.25
2013.11.29 10:13:31.870,1.39161,1.39168,1.57,1.20
2013.11.29 10:13:32.021,1.39158,1.39168,1.95,1.82
2013.11.29 10:13:32.425,1.39163,1.39168,1.13,2.49
2013.11.29 10:13:32.577,1.39159,1.39166,1.63,1.08
2013.11.29 10:13:32.728,1.39157,1.39166,1.57,3.24
2013.11.29 10:13:33.210,1.39163,1.39168,1.00,2.12
2013.11.29 10:13:33.362,1.39163,1.39168,1.00,1.44
2013.11.29 10:13:33.912,1.39163,1.39168,1.38,1.44
2013.11.29 10:13:37.768,1.39163,1.3917,1.25,3.62
2013.11.29 10:13:38.310,1.39164,1.3917,1.00,3.62
2013.11.29 10:13:39.842,1.39164,1.39168,1.00,1.74
2013.11.29 10:13:46.386,1.39163,1.39168,1.32,2.49
2013.11.29 10:13:48.808,1.3916,1.39168,1.38,4.74
2013.11.29 10:13:49.341,1.3916,1.39168,1.38,5.49
2013.11.29 10:13:49.538,1.39159,1.39167,1.32,1.47
2013.11.29 10:13:51.388,1.39161,1.39167,1.00,1.00
2013.11.29 10:13:51.891,1.39156,1.39162,3.00,1.00
2013.11.29 10:13:52.144,1.39156,1.39165,3.19,1.32
2013.11.29 10:13:53.308,1.39156,1.39165,1.47,1.47
2013.11.29 10:13:53.778,1.39155,1.39161,1.15,1.00
2013.11.29 10:13:53.981,1.39155,1.3916,1.00,1.00
2013.11.29 10:13:54.032,1.39151,1.3916,3.00,1.19
2013.11.29 10:13:54.084,1.39152,1.3916,1.00,1.47
2013.11.29 10:13:54.286,1.39151,1.39159,1.20,1.96
2013.11.29 10:13:54.590,1.39148,1.39152,1.13,1.00
2013.11.29 10:13:54.641,1.39148,1.39156,1.13,2.04
2013.11.29 10:13:54.692,1.39147,1.39156,1.95,2.04
2013.11.29 10:13:55.217,1.39147,1.39156,2.63,1.97
2013.11.29 10:13:58.477,1.39147,1.39156,2.63,1.59
2013.11.29 10:14:00.577,1.39147,1.39156,3.38,1.00
2013.11.29 10:14:01.085,1.39147,1.39156,3.38,1.00
2013.11.29 10:14:01.595,1.39155,1.39159,1.00,1.58
2013.11.29 10:14:01.798,1.39157,1.39162,1.13,1.65
2013.11.29 10:14:02.340,1.39157,1.39163,1.38,2.63
2013.11.29 10:14:02.859,1.39157,1.39159,1.00,1.58
2013.11.29 10:14:03.113,1.39147,1.39152,3.08,1.00
2013.11.29 10:14:03.164,1.39144,1.39148,1.73,1.00
2013.11.29 10:14:03.265,1.3914,1.39146,3.00,1.00
2013.11.29 10:14:03.366,1.39139,1.39146,1.09,1.00
2013.11.29 10:14:03.996,1.3914,1.39146,3.38,1.00
2013.11.29 10:14:04.046,1.39141,1.39148,1.15,1.13
2013.11.29 10:14:04.449,1.3914,1.39148,1.58,1.58
2013.11.29 10:14:05.322,1.39142,1.39148,1.00,1.58
2013.11.29 10:14:05.707,1.39142,1.39148,1.19,1.20
2013.11.29 10:14:05.889,1.39144,1.39152,1.63,2.03
2013.11.29 10:14:06.426,1.39146,1.39152,1.00,3.15
2013.11.29 10:14:06.477,1.39146,1.39152,1.38,3.15
2013.11.29 10:14:06.729,1.39146,1.39152,1.13,2.78
2013.11.29 10:14:07.983,1.39146,1.39153,1.13,1.84
2013.11.29 10:14:08.495,1.39143,1.39151,1.53,1.00
2013.11.29 10:14:08.546,1.39142,1.39149,3.00,1.00
2013.11.29 10:14:08.597,1.39142,1.39149,1.88,1.00
2013.11.29 10:14:08.647,1.39141,1.39149,1.50,2.49
2013.11.29 10:14:09.377,1.39141,1.39149,1.00,4.74
2013.11.29 10:14:09.679,1.39141,1.39146,1.00,1.08
2013.11.29 10:14:10.815,1.39141,1.39149,1.00,4.74
2013.11.29 10:14:11.334,1.39141,1.39149,1.95,1.58
2013.11.29 10:14:11.384,1.39141,1.39149,2.70,1.10
2013.11.29 10:14:11.646,1.39144,1.39151,1.13,1.02
2013.11.29 10:14:12.183,1.39144,1.39152,1.15,1.24
2013.11.29 10:14:14.976,1.39144,1.39152,1.63,1.52
2013.11.29 10:14:15.350,1.39149,1.39156,1.00,2.49
2013.11.29 10:14:15.451,1.39152,1.39159,1.00,2.25
2013.11.29 10:14:15.603,1.39153,1.3916,1.45,2.63
2013.11.29 10:14:15.653,1.39153,1.3916,1.88,4.50
2013.11.29 10:14:16.006,1.39154,1.39162,2.03,1.00
2013.11.29 10:14:16.528,1.39155,1.39162,1.88,1.00
2013.11.29 10:14:17.034,1.39155,1.39159,1.88,1.00
2013.11.29 10:14:17.185,1.39153,1.39159,1.53,1.00
2013.11.29 10:14:17.746,1.39153,1.39158,1.53,1.00
2013.11.29 10:14:18.098,1.39152,1.39158,1.88,1.19
2013.11.29 10:14:18.401,1.3915,1.39153,1.50,1.00
2013.11.29 10:14:18.607,1.39148,1.39153,1.58,1.00
2013.11.29 10:14:18.658,1.39149,1.39157,1.38,1.47
2013.11.29 10:14:19.206,1.39149,1.39157,1.53,1.32
2013.11.29 10:14:19.710,1.39149,1.39157,1.53,2.07
2013.11.29 10:14:20.063,1.39148,1.39155,1.20,1.17
2013.11.29 10:14:20.873,1.39146,1.39152,3.00,1.00
2013.11.29 10:14:22.058,1.39148,1.39156,1.58,1.44
2013.11.29 10:14:22.209,1.39148,1.39156,1.58,1.44
2013.11.29 10:14:22.763,1.39151,1.39158,1.38,2.49
2013.11.29 10:14:23.328,1.39151,1.39158,1.38,1.65
2013.11.29 10:14:23.479,1.39148,1.39152,3.38,1.00
2013.11.29 10:14:23.630,1.39147,1.39152,1.70,1.00
2013.11.29 10:14:23.731,1.3915,1.39155,1.38,2.55
2013.11.29 10:14:24.285,1.39148,1.39153,1.88,1.13
2013.11.29 10:14:24.819,1.39145,1.39153,1.58,1.28
2013.11.29 10:14:25.191,1.39145,1.39152,1.58,1.50
2013.11.29 10:14:25.740,1.39145,1.39152,1.58,1.50
2013.11.29 10:14:26.696,1.39145,1.39152,1.58,1.50
2013.11.29 10:14:27.242,1.39143,1.3915,1.58,1.00
2013.11.29 10:14:33.397,1.39145,1.39152,1.58,2.25
2013.11.29 10:14:34.236,1.39145,1.39152,1.58,1.00
2013.11.29 10:14:34.741,1.39148,1.39153,1.13,1.00
2013.11.29 10:14:35.910,1.39146,1.3915,1.53,1.00
2013.11.29 10:14:36.213,1.39144,1.3915,1.45,3.23
2013.11.29 10:14:36.263,1.39144,1.3915,1.00,3.23
2013.11.29 10:14:36.465,1.39144,1.3915,1.00,3.42
2013.11.29 10:14:36.862,1.39141,1.39145,1.83,1.00
2013.11.29 10:14:39.453,1.3914,1.39147,2.03,1.19
2013.11.29 10:14:41.485,1.3914,1.39145,1.90,1.00
2013.11.29 10:14:41.897,1.3914,1.39144,1.90,1.00
2013.11.29 10:14:43.038,1.3914,1.39148,2.03,1.00
2013.11.29 10:14:43.089,1.3914,1.39148,2.03,1.00
2013.11.29 10:14:43.443,1.39143,1.39152,1.65,1.58
2013.11.29 10:14:43.493,1.39143,1.39152,1.65,1.58
2013.11.29 10:14:43.595,1.39143,1.39152,1.65,1.58
2013.11.29 10:14:44.008,1.39142,1.39151,3.75,1.13
2013.11.29 10:14:44.529,1.39142,1.39151,3.75,1.13
2013.11.29 10:14:49.170,1.39142,1.39151,3.75,1.19
2013.11.29 10:14:49.473,1.3914,1.39145,3.00,1.00
2013.11.29 10:14:51.077,1.39142,1.39149,1.38,1.47
2013.11.29 10:14:51.178,1.39142,1.3915,1.38,1.88
2013.11.29 10:14:51.285,1.39142,1.3915,1.58,1.20
2013.11.29 10:14:51.788,1.39142,1.39151,1.58,2.12
2013.11.29 10:14:53.086,1.39142,1.39151,2.78,1.50
2013.11.29 10:14:53.388,1.39139,1.39148,1.95,1.65
2013.11.29 10:14:53.439,1.39139,1.39148,1.95,1.65
2013.11.29 10:14:53.535,1.39138,1.39147,2.33,2.33
2013.11.29 10:14:53.636,1.39138,1.39145,1.00,1.28
2013.11.29 10:14:53.687,1.39138,1.39145,1.00,1.95
2013.11.29 10:14:53.990,1.39133,1.39137,1.88,1.00
2013.11.29 10:14:54.696,1.39134,1.39142,1.13,2.22
2013.11.29 10:14:54.747,1.39137,1.39142,1.00,1.28
2013.11.29 10:14:55.050,1.39138,1.39146,1.50,1.50
2013.11.29 10:14:55.150,1.39138,1.39146,1.50,1.50
2013.11.29 10:14:55.838,1.39139,1.39147,1.15,1.88
2013.11.29 10:14:56.747,1.39139,1.39147,2.03,1.13
2013.11.29 10:14:57.292,1.39139,1.39147,2.03,1.13
2013.11.29 10:14:57.906,1.39139,1.39146,1.28,1.00
2013.11.29 10:14:58.507,1.39138,1.39146,1.88,1.97
2013.11.29 10:15:00.157,1.39138,1.39146,1.88,1.97
2013.11.29 10:15:00.693,1.39137,1.39146,1.53,1.44
2013.11.29 10:15:01.130,1.3914,1.39148,2.63,1.88
2013.11.29 10:15:01.382,1.39146,1.39153,1.53,2.10
2013.11.29 10:15:01.595,1.39146,1.39157,1.53,3.47
2013.11.29 10:15:02.099,1.39146,1.39157,1.53,4.97
2013.11.29 10:15:03.322,1.39146,1.39157,1.53,5.53
2013.11.29 10:15:03.625,1.39147,1.39156,1.58,1.33
2013.11.29 10:15:03.827,1.39143,1.3915,3.38,1.13
2013.11.29 10:15:04.180,1.39143,1.39147,2.63,1.00
2013.11.29 10:15:04.774,1.39141,1.39147,2.63,1.13
2013.11.29 10:15:05.077,1.39141,1.3915,4.13,2.44
2013.11.29 10:15:07.951,1.39143,1.3915,1.95,1.88
2013.11.29 10:15:08.798,1.39144,1.39153,1.28,3.24
2013.11.29 10:15:09.101,1.39144,1.3915,1.28,1.00
2013.11.29 10:15:12.020,1.39143,1.39151,2.25,3.84
2013.11.29 10:15:12.323,1.39143,1.39149,2.63,1.00
2013.11.29 10:15:12.726,1.39143,1.39151,3.57,2.34
2013.11.29 10:15:12.878,1.39149,1.39152,1.00,1.00
2013.11.29 10:15:13.188,1.39152,1.39156,1.00,1.69
2013.11.29 10:15:13.339,1.39152,1.39159,1.00,2.49
2013.11.29 10:15:13.878,1.39152,1.39159,1.13,2.49
2013.11.29 10:15:14.590,1.39153,1.39159,1.00,2.49
2013.11.29 10:15:14.843,1.39155,1.39159,1.00,1.95
2013.11.29 10:15:14.893,1.39156,1.39161,1.00,3.75
2013.11.29 10:15:15.297,1.39153,1.39161,1.38,4.73
2013.11.29 10:15:15.907,1.39154,1.39161,1.13,2.25
2013.11.29 10:15:15.958,1.39158,1.39161,1.00,2.25
2013.11.29 10:15:16.260,1.39158,1.39163,1.38,1.89
2013.11.29 10:15:16.433,1.3916,1.39166,1.38,1.82
