2014.03.18 08:00:00.053,1.41453,1.41461,3.19,2.07
2014.03.18 08:00:00.205,1.41453,1.41461,4.69,1.69
2014.03.18 08:00:00.509,1.41455,1.41462,1.69,1.13
2014.03.18 08:00:00.813,1.41453,1.41457,1.02,1.00
2014.03.18 08:00:01.167,1.41452,1.41459,1.19,3.00
2014.03.18 08:00:01.724,1.41453,1.41459,1.00,1.88
2014.03.18 08:00:02.028,1.41448,1.41455,1.19,1.13
2014.03.18 08:00:02.181,1.41447,1.41455,4.32,2.63
2014.03.18 08:00:02.485,1.41445,1.41447,1.00,3.75
2014.03.18 08:00:02.795,1.41444,1.41446,1.50,1.00
2014.03.18 08:00:03.099,1.4144,1.41443,3.94,1.38
2014.03.18 08:00:03.251,1.41438,1.4144,1.69,1.50
2014.03.18 08:00:03.758,1.41435,1.4144,2.25,1.88
2014.03.18 08:00:04.216,1.41435,1.41442,5.63,2.07
2014.03.18 08:00:04.419,1.41435,1.4144,6.00,1.00
2014.03.18 08:00:04.940,1.41435,1.4144,4.50,2.44
2014.03.18 08:00:05.446,1.41434,1.41438,6.75,1.00
2014.03.18 08:00:05.902,1.41433,1.41439,1.13,1.13
2014.03.18 08:00:06.717,1.41431,1.41441,7.35,3.19
2014.03.18 08:00:06.768,1.41435,1.41441,1.32,2.25
2014.03.18 08:00:07.072,1.41437,1.41441,3.00,1.00
2014.03.18 08:00:07.618,1.41439,1.41444,2.44,1.00
2014.03.18 08:00:07.720,1.41439,1.41447,2.44,3.19
2014.03.18 08:00:07.873,1.4144,1.41447,3.19,1.00
2014.03.18 08:00:07.974,1.41442,1.4145,1.69,3.57
2014.03.18 08:00:08.481,1.41442,1.4145,2.82,1.63
2014.03.18 08:00:08.582,1.41442,1.41447,1.63,1.00
2014.03.18 08:00:09.241,1.41442,1.41449,1.63,1.13
2014.03.18 08:00:09.393,1.41445,1.41449,1.00,1.13
2014.03.18 08:00:09.696,1.41444,1.41446,1.00,1.00
2014.03.18 08:00:09.853,1.41444,1.4145,1.19,3.00
2014.03.18 08:00:10.937,1.41444,1.4145,1.00,3.00
2014.03.18 08:00:11.298,1.41444,1.41451,1.19,1.88
2014.03.18 08:00:11.400,1.41444,1.4145,1.00,3.75
2014.03.18 08:00:11.928,1.41444,1.41451,1.00,2.07
2014.03.18 08:00:13.023,1.41444,1.41451,2.25,1.75
2014.03.18 08:00:13.074,1.41447,1.41453,1.00,3.19
2014.03.18 08:00:13.377,1.41452,1.41455,1.50,1.00
2014.03.18 08:00:13.681,1.41454,1.41457,1.50,1.00
2014.03.18 08:00:14.109,1.41457,1.41459,1.50,1.38
2014.03.18 08:00:14.762,1.41457,1.4146,1.50,2.25
2014.03.18 08:00:16.029,1.41457,1.4146,1.69,1.00
2014.03.18 08:00:17.527,1.41457,1.41464,1.69,1.50
2014.03.18 08:00:17.926,1.41457,1.41464,1.69,1.13
2014.03.18 08:00:22.080,1.41456,1.41465,1.69,5.07
2014.03.18 08:00:22.232,1.41456,1.41465,1.25,5.07
2014.03.18 08:00:23.091,1.41456,1.41461,1.00,1.00
2014.03.18 08:00:23.396,1.41454,1.41457,1.00,1.88
2014.03.18 08:00:23.447,1.41452,1.41457,1.69,1.88
2014.03.18 08:00:23.636,1.41446,1.41451,1.69,3.63
2014.03.18 08:00:23.943,1.41443,1.41445,3.75,1.25
2014.03.18 08:00:24.247,1.4144,1.41444,1.50,2.44
2014.03.18 08:00:24.298,1.41439,1.41442,5.25,1.00
2014.03.18 08:00:24.805,1.41438,1.41441,7.13,1.25
2014.03.18 08:00:25.311,1.41437,1.4144,5.63,1.50
2014.03.18 08:00:25.614,1.41435,1.41438,3.00,1.00
2014.03.18 08:00:26.018,1.41431,1.41435,4.88,1.19
2014.03.18 08:00:27.084,1.41432,1.41436,4.88,2.07
2014.03.18 08:00:27.630,1.41431,1.41436,3.75,1.50
2014.03.18 08:00:28.102,1.41433,1.41436,6.38,2.25
2014.03.18 08:00:28.355,1.41434,1.41436,3.75,1.00
2014.03.18 08:00:28.456,1.4143,1.41436,5.97,1.00
2014.03.18 08:00:28.558,1.4143,1.41437,7.84,1.00
2014.03.18 08:00:28.660,1.4143,1.41439,8.59,2.44
2014.03.18 08:00:29.865,1.41434,1.41439,1.25,1.00
2014.03.18 08:00:30.170,1.41437,1.4144,1.25,2.25
2014.03.18 08:00:30.321,1.41437,1.4144,1.25,2.63
2014.03.18 08:00:33.292,1.41437,1.41444,1.88,1.63
2014.03.18 08:00:33.393,1.41439,1.41445,1.57,2.44
2014.03.18 08:00:33.697,1.41443,1.41448,2.44,2.25
2014.03.18 08:00:33.950,1.41446,1.41448,2.44,1.00
2014.03.18 08:00:34.493,1.41448,1.4145,1.50,3.75
2014.03.18 08:00:35.767,1.41446,1.4145,2.44,3.00
2014.03.18 08:00:36.474,1.41448,1.4145,1.00,3.00
2014.03.18 08:00:37.015,1.41448,1.41452,1.69,3.00
2014.03.18 08:00:37.167,1.41451,1.41454,1.19,3.38
2014.03.18 08:00:37.268,1.41452,1.41455,1.00,1.50
2014.03.18 08:00:37.420,1.41455,1.41457,1.00,1.50
2014.03.18 08:00:37.926,1.41455,1.4146,2.44,3.75
2014.03.18 08:00:38.027,1.41455,1.4146,2.44,2.63
2014.03.18 08:00:40.457,1.41455,1.41463,2.44,1.63
2014.03.18 08:00:41.042,1.41457,1.41463,1.50,1.63
2014.03.18 08:00:41.194,1.41457,1.41463,1.69,1.00
2014.03.18 08:00:43.326,1.41456,1.41464,1.19,2.44
2014.03.18 08:00:46.949,1.41456,1.41462,1.19,1.38
2014.03.18 08:00:49.100,1.41456,1.41462,1.19,1.00
2014.03.18 08:00:50.329,1.41456,1.41463,1.19,1.00
2014.03.18 08:00:51.753,1.41456,1.41463,2.07,1.00
2014.03.18 08:00:57.956,1.41456,1.41464,3.57,1.25
2014.03.18 08:01:00.146,1.41457,1.41465,2.07,1.25
2014.03.18 08:01:04.069,1.41457,1.41464,2.44,1.00
2014.03.18 08:01:09.932,1.41457,1.41465,2.07,1.25
2014.03.18 08:01:10.505,1.41459,1.41465,1.88,1.25
2014.03.18 08:01:11.244,1.4146,1.41466,1.00,1.19
2014.03.18 08:01:11.586,1.41459,1.41462,2.63,1.00
2014.03.18 08:01:11.890,1.4145,1.41452,4.13,1.00
2014.03.18 08:01:12.193,1.41445,1.41448,6.56,1.00
2014.03.18 08:01:12.295,1.41445,1.4145,3.75,1.69
2014.03.18 08:01:12.396,1.41445,1.41448,3.75,1.00
2014.03.18 08:01:12.913,1.41444,1.41448,1.13,1.00
2014.03.18 08:01:17.588,1.41441,1.41448,3.19,1.00
2014.03.18 08:01:17.892,1.41435,1.41441,5.44,3.25
2014.03.18 08:01:18.197,1.41435,1.41437,5.25,1.00
2014.03.18 08:01:18.885,1.41435,1.41436,5.25,1.00
2014.03.18 08:01:21.167,1.4143,1.41436,5.85,2.44
2014.03.18 08:01:21.319,1.41428,1.41433,2.07,1.57
2014.03.18 08:01:21.571,1.41425,1.41428,2.44,1.00
2014.03.18 08:01:21.622,1.41423,1.41426,1.50,1.00
2014.03.18 08:01:21.800,1.41422,1.41425,1.00,1.00
2014.03.18 08:01:22.206,1.4142,1.41427,6.57,1.50
2014.03.18 08:01:22.779,1.4142,1.41427,1.32,1.97
2014.03.18 08:01:22.894,1.41421,1.41427,1.05,1.88
2014.03.18 08:01:25.305,1.4142,1.41427,2.82,1.00
2014.03.18 08:01:25.610,1.41426,1.4143,2.48,2.35
2014.03.18 08:01:26.116,1.41427,1.4143,1.30,1.88
2014.03.18 08:01:26.716,1.41425,1.4143,1.25,1.88
2014.03.18 08:01:26.767,1.41425,1.4143,1.25,1.88
2014.03.18 08:01:29.873,1.41421,1.41429,2.07,2.19
2014.03.18 08:01:33.071,1.41421,1.41427,2.07,1.04
2014.03.18 08:01:33.526,1.41421,1.41425,1.13,1.22
2014.03.18 08:01:38.433,1.41421,1.41428,1.32,1.63
2014.03.18 08:01:38.979,1.41421,1.41427,1.32,1.57
2014.03.18 08:01:47.789,1.4142,1.41427,2.07,1.42
2014.03.18 08:01:49.187,1.41422,1.41427,1.19,1.42
2014.03.18 08:01:50.152,1.41422,1.41427,1.19,2.07
2014.03.18 08:01:53.145,1.41422,1.41427,1.19,1.69
2014.03.18 08:01:55.061,1.41422,1.41427,1.19,1.00
2014.03.18 08:01:56.076,1.41422,1.41429,1.69,1.00
2014.03.18 08:01:56.804,1.41423,1.4143,1.19,1.38
2014.03.18 08:01:57.793,1.41425,1.4143,1.19,1.38
2014.03.18 08:02:01.359,1.41425,1.4143,3.49,1.00
2014.03.18 08:02:01.822,1.41426,1.41431,1.32,1.13
2014.03.18 08:02:02.864,1.4143,1.41431,1.00,1.00
2014.03.18 08:02:02.965,1.4143,1.41434,1.48,1.00
2014.03.18 08:02:03.016,1.41432,1.41436,1.00,1.88
2014.03.18 08:02:03.118,1.41433,1.41438,1.57,1.00
2014.03.18 08:02:03.422,1.41436,1.41439,1.69,1.50
2014.03.18 08:02:03.574,1.41441,1.41446,1.13,1.69
2014.03.18 08:02:03.675,1.41444,1.41448,1.00,1.25
2014.03.18 08:02:03.726,1.41446,1.41448,1.00,1.00
2014.03.18 08:02:04.118,1.41448,1.41451,1.00,1.25
2014.03.18 08:02:04.270,1.41452,1.41457,1.00,1.57
2014.03.18 08:02:04.588,1.41452,1.41458,1.00,1.94
2014.03.18 08:02:04.741,1.41438,1.41452,2.48,7.02
2014.03.18 08:02:04.792,1.41438,1.41445,2.48,3.39
2014.03.18 08:02:04.996,1.41429,1.41435,1.00,4.01
2014.03.18 08:02:05.097,1.41427,1.41433,3.19,1.94
2014.03.18 08:02:05.148,1.4143,1.41433,1.00,1.57
2014.03.18 08:02:07.877,1.41429,1.41432,1.00,2.07
2014.03.18 08:02:08.133,1.4143,1.41433,1.00,2.25
2014.03.18 08:02:08.336,1.41427,1.41431,2.44,1.00
2014.03.18 08:02:08.437,1.41427,1.41435,2.82,3.19
2014.03.18 08:02:09.481,1.41431,1.41435,1.25,1.25
2014.03.18 08:02:09.533,1.41431,1.41437,1.13,1.00
2014.03.18 08:02:09.737,1.41433,1.41439,1.69,1.00
2014.03.18 08:02:10.142,1.41433,1.4144,1.19,2.25
2014.03.18 08:02:10.503,1.41431,1.41439,1.25,2.82
2014.03.18 08:02:11.255,1.4143,1.41436,1.19,1.00
2014.03.18 08:02:11.457,1.41428,1.41435,1.19,1.00
2014.03.18 08:02:12.121,1.41428,1.41433,1.19,1.00
2014.03.18 08:02:12.755,1.41428,1.41435,1.19,3.75
2014.03.18 08:02:13.466,1.41426,1.41435,1.69,4.54
2014.03.18 08:02:14.876,1.41428,1.41435,1.00,2.44
2014.03.18 08:02:16.934,1.41428,1.41435,1.00,4.32
2014.03.18 08:02:17.087,1.41428,1.41434,1.00,1.17
2014.03.18 08:02:17.188,1.41426,1.41433,1.69,1.73
2014.03.18 08:02:20.479,1.41424,1.41432,1.69,2.07
2014.03.18 08:02:23.646,1.41426,1.41432,1.19,1.50
2014.03.18 08:02:23.848,1.41428,1.41436,1.32,2.25
2014.03.18 08:02:23.950,1.4143,1.41436,1.32,1.00
2014.03.18 08:02:25.051,1.41432,1.41436,3.19,1.00
2014.03.18 08:02:26.407,1.41432,1.41434,3.19,1.13
2014.03.18 08:02:26.864,1.4143,1.41437,2.07,1.00
2014.03.18 08:02:28.243,1.41431,1.41438,2.82,1.00
2014.03.18 08:02:28.786,1.41431,1.41438,3.57,1.00
2014.03.18 08:02:30.228,1.41431,1.41439,3.19,1.00
2014.03.18 08:02:30.998,1.41431,1.4144,3.94,1.69
2014.03.18 08:02:31.549,1.41433,1.41441,1.25,4.69
2014.03.18 08:02:33.365,1.41433,1.41441,1.25,4.92
2014.03.18 08:02:33.415,1.41433,1.41441,1.69,3.98
2014.03.18 08:02:34.511,1.41433,1.41439,1.25,1.38
2014.03.18 08:02:36.112,1.41432,1.41439,1.69,1.00
2014.03.18 08:02:36.621,1.41433,1.41441,1.25,3.57
2014.03.18 08:02:37.216,1.41433,1.4144,1.50,1.00
2014.03.18 08:02:37.317,1.41436,1.4144,1.00,1.00
2014.03.18 08:02:40.484,1.41433,1.41441,1.50,2.25
2014.03.18 08:02:40.895,1.41433,1.41441,1.39,2.63
2014.03.18 08:02:41.522,1.41432,1.41439,1.19,1.88
2014.03.18 08:02:42.032,1.41432,1.41437,1.19,1.50
2014.03.18 08:02:42.504,1.41431,1.41439,1.25,2.07
2014.03.18 08:02:43.504,1.41431,1.41439,1.55,2.07
2014.03.18 08:02:44.345,1.41432,1.41439,1.24,1.69
2014.03.18 08:02:44.497,1.41434,1.41439,1.24,1.00
2014.03.18 08:02:44.803,1.4144,1.41444,1.00,1.00
2014.03.18 08:02:45.107,1.41436,1.41443,2.82,1.88
2014.03.18 08:02:45.784,1.41438,1.41442,1.62,1.00
2014.03.18 08:02:46.315,1.41438,1.41444,2.14,1.69
2014.03.18 08:02:46.932,1.41438,1.41444,2.14,1.50
2014.03.18 08:02:48.371,1.41439,1.41447,2.44,1.69
2014.03.18 08:02:48.877,1.41438,1.41446,2.44,1.50
2014.03.18 08:02:49.563,1.41439,1.41446,1.19,1.88
2014.03.18 08:02:50.695,1.41439,1.41445,2.07,1.38
2014.03.18 08:02:51.353,1.41439,1.41445,1.57,2.63
2014.03.18 08:02:51.866,1.41438,1.41444,1.69,1.38
2014.03.18 08:02:52.379,1.41438,1.41444,1.25,1.38
2014.03.18 08:02:52.683,1.41438,1.41442,1.25,1.88
2014.03.18 08:02:52.987,1.41437,1.4144,1.32,1.00
2014.03.18 08:02:53.291,1.41433,1.41437,1.19,1.38
2014.03.18 08:02:53.595,1.4143,1.41436,1.19,1.38
2014.03.18 08:02:53.899,1.41429,1.41433,1.00,1.38
2014.03.18 08:02:54.203,1.41426,1.4143,1.00,1.38
2014.03.18 08:02:54.745,1.41425,1.4143,1.00,1.38
2014.03.18 08:02:56.693,1.41425,1.4143,1.69,1.00
2014.03.18 08:02:57.098,1.41425,1.41433,1.69,3.00
2014.03.18 08:02:57.603,1.41425,1.41433,1.69,3.38
2014.03.18 08:02:58.329,1.41425,1.41431,1.69,3.75
2014.03.18 08:02:58.532,1.41424,1.41431,1.19,1.50
2014.03.18 08:02:59.105,1.41425,1.4143,2.44,1.25
2014.03.18 08:02:59.257,1.41427,1.4143,1.19,1.25
2014.03.18 08:03:00.085,1.41427,1.41431,1.00,3.00
2014.03.18 08:03:00.949,1.41427,1.4143,1.69,1.00
2014.03.18 08:03:01.202,1.41427,1.41435,2.67,2.07
2014.03.18 08:03:01.717,1.41429,1.41435,1.00,1.88
2014.03.18 08:03:03.343,1.41429,1.41434,1.00,1.38
2014.03.18 08:03:03.698,1.41427,1.41433,3.00,1.38
2014.03.18 08:03:04.280,1.4143,1.41433,1.00,1.38
2014.03.18 08:03:04.786,1.41429,1.41431,1.19,1.00
2014.03.18 08:03:05.309,1.41429,1.41433,1.19,1.38
2014.03.18 08:03:08.379,1.4143,1.41433,1.00,2.63
2014.03.18 08:03:11.318,1.41431,1.41434,1.00,1.00
2014.03.18 08:03:13.031,1.41431,1.41435,1.00,2.63
2014.03.18 08:03:13.233,1.41429,1.41432,1.00,1.38
2014.03.18 08:03:14.562,1.41428,1.41432,1.00,1.75
2014.03.18 08:03:14.714,1.41428,1.4143,1.00,1.00
2014.03.18 08:03:14.967,1.41427,1.4143,1.19,1.13
2014.03.18 08:03:15.497,1.41424,1.41427,1.19,1.00
2014.03.18 08:03:15.803,1.41423,1.41426,1.19,1.00
2014.03.18 08:03:15.955,1.41424,1.41426,1.25,1.00
2014.03.18 08:03:17.201,1.41424,1.41429,1.25,3.00
2014.03.18 08:03:17.454,1.41424,1.41429,1.25,2.25
2014.03.18 08:03:17.606,1.41424,1.41428,1.25,1.00
2014.03.18 08:03:17.809,1.41426,1.4143,1.00,1.13
2014.03.18 08:03:19.746,1.41426,1.41432,1.25,1.00
2014.03.18 08:03:20.265,1.41426,1.41433,1.25,1.25
2014.03.18 08:03:20.417,1.41426,1.41429,1.25,1.00
2014.03.18 08:03:20.784,1.41426,1.41431,1.25,1.00
2014.03.18 08:03:21.294,1.41426,1.41432,1.00,2.44
2014.03.18 08:03:21.814,1.41426,1.41432,1.00,2.44
2014.03.18 08:03:22.473,1.41426,1.41432,1.00,2.82
2014.03.18 08:03:23.080,1.41426,1.4143,1.00,3.00
2014.03.18 08:03:24.249,1.41425,1.41427,1.00,1.00
2014.03.18 08:03:24.401,1.41424,1.41427,1.25,1.38
2014.03.18 08:03:24.936,1.41424,1.41427,1.00,1.13
2014.03.18 08:03:26.016,1.41424,1.41428,1.00,2.25
2014.03.18 08:03:26.472,1.41426,1.41429,1.00,1.25
2014.03.18 08:03:26.978,1.41426,1.41428,1.00,1.00
2014.03.18 08:03:27.130,1.41424,1.41428,1.00,1.00
2014.03.18 08:03:27.383,1.41425,1.41428,1.19,1.00
2014.03.18 08:03:27.797,1.41426,1.4143,1.25,1.00
2014.03.18 08:03:28.404,1.41426,1.4143,1.25,1.88
2014.03.18 08:03:28.454,1.41426,1.41427,1.25,1.00
2014.03.18 08:03:28.960,1.41426,1.41428,1.00,1.00
2014.03.18 08:03:29.011,1.41424,1.41428,1.25,1.00
2014.03.18 08:03:29.416,1.41424,1.4143,1.25,3.00
2014.03.18 08:03:29.669,1.41426,1.4143,1.00,2.25
2014.03.18 08:03:31.021,1.41424,1.4143,1.25,1.00
2014.03.18 08:03:31.174,1.41424,1.41427,1.25,1.00
2014.03.18 08:03:31.478,1.41417,1.4142,1.19,1.00
2014.03.18 08:03:31.528,1.41416,1.41418,1.00,1.00
2014.03.18 08:03:31.883,1.41414,1.41418,1.00,2.25
2014.03.18 08:03:32.237,1.41411,1.41416,1.00,3.00
2014.03.18 08:03:32.491,1.41409,1.41414,1.19,1.00
2014.03.18 08:03:33.358,1.41409,1.41415,1.19,1.13
2014.03.18 08:03:33.662,1.41408,1.41416,2.82,3.94
2014.03.18 08:03:34.168,1.41412,1.41416,2.07,1.00
2014.03.18 08:03:34.414,1.41412,1.4142,2.07,1.19
2014.03.18 08:03:34.516,1.41414,1.4142,1.00,1.19
2014.03.18 08:03:34.819,1.41416,1.4142,1.00,1.00
2014.03.18 08:03:35.426,1.41414,1.4142,1.69,1.35
2014.03.18 08:03:35.933,1.41414,1.41418,1.69,1.38
2014.03.18 08:03:36.389,1.41413,1.41418,1.00,1.88
2014.03.18 08:03:37.408,1.41413,1.41416,1.00,1.00
2014.03.18 08:03:37.509,1.41411,1.41416,1.00,1.00
2014.03.18 08:03:37.813,1.41408,1.41412,1.00,1.00
2014.03.18 08:03:38.117,1.414,1.41406,2.44,4.98
2014.03.18 08:03:38.320,1.41397,1.41402,1.69,1.00
2014.03.18 08:03:38.747,1.41394,1.41401,2.25,1.25
2014.03.18 08:03:41.025,1.41395,1.41403,1.19,1.32
2014.03.18 08:03:41.813,1.41397,1.41403,1.00,1.32
2014.03.18 08:03:42.937,1.41397,1.41405,1.73,2.07
2014.03.18 08:03:43.243,1.41403,1.41407,2.82,1.50
2014.03.18 08:03:44.199,1.41403,1.4141,2.82,2.82
2014.03.18 08:03:45.010,1.41403,1.41411,2.44,2.07
2014.03.18 08:03:45.213,1.41402,1.41409,1.19,1.88
2014.03.18 08:03:45.518,1.414,1.41402,1.00,1.00
2014.03.18 08:03:45.619,1.41397,1.41402,1.00,1.25
2014.03.18 08:03:45.872,1.41395,1.41402,3.99,1.25
2014.03.18 08:03:45.974,1.41395,1.41402,3.99,1.63
2014.03.18 08:03:46.504,1.41395,1.41401,1.31,3.98
2014.03.18 08:03:46.807,1.41393,1.41401,2.25,4.54
2014.03.18 08:03:48.270,1.41393,1.41399,1.50,1.50
2014.03.18 08:03:49.476,1.41393,1.41399,1.00,4.13
2014.03.18 08:03:49.578,1.4139,1.41396,1.06,1.75
2014.03.18 08:03:49.883,1.41385,1.4139,4.50,7.23
2014.03.18 08:03:50.187,1.41376,1.41381,1.69,3.63
2014.03.18 08:03:50.440,1.41375,1.41379,5.25,1.50
2014.03.18 08:03:50.491,1.41375,1.41376,5.25,1.00
2014.03.18 08:03:52.058,1.41372,1.41376,1.63,1.00
2014.03.18 08:03:52.109,1.41372,1.41379,1.63,1.63
2014.03.18 08:03:52.564,1.41374,1.41379,1.57,1.00
2014.03.18 08:03:52.666,1.41376,1.41382,1.00,1.60
2014.03.18 08:03:52.821,1.41377,1.41382,1.00,1.50
2014.03.18 08:03:53.900,1.41377,1.41384,1.13,1.97
2014.03.18 08:03:54.410,1.41376,1.41379,1.00,1.38
2014.03.18 08:03:54.714,1.41373,1.41378,1.00,1.88
2014.03.18 08:03:55.034,1.41373,1.41378,1.00,2.44
2014.03.18 08:03:55.085,1.4137,1.41377,3.57,1.88
2014.03.18 08:03:55.237,1.4137,1.41372,3.00,1.00
2014.03.18 08:03:55.923,1.41368,1.41371,3.75,1.00
2014.03.18 08:03:55.975,1.41367,1.41371,3.75,2.07
2014.03.18 08:03:56.026,1.41365,1.41371,6.42,2.25
2014.03.18 08:03:56.532,1.41367,1.41371,2.82,1.57
2014.03.18 08:03:56.583,1.4137,1.41374,1.00,1.00
2014.03.18 08:03:56.735,1.41373,1.41375,1.00,1.25
2014.03.18 08:03:57.039,1.41374,1.41376,1.57,1.00
2014.03.18 08:03:57.191,1.41375,1.4138,1.32,2.25
2014.03.18 08:03:57.292,1.41375,1.4138,2.07,1.00
2014.03.18 08:03:57.545,1.41375,1.41383,3.57,3.04
2014.03.18 08:03:58.101,1.41375,1.4138,1.32,1.13
2014.03.18 08:03:58.354,1.41374,1.41383,1.57,3.79
2014.03.18 08:03:58.405,1.41374,1.41383,1.57,3.79
2014.03.18 08:03:58.708,1.41375,1.41382,1.25,1.32
2014.03.18 08:04:00.249,1.41374,1.41376,1.13,1.00
2014.03.18 08:04:00.553,1.41374,1.41377,1.00,1.88
2014.03.18 08:04:00.763,1.41374,1.4138,1.00,4.13
2014.03.18 08:04:00.814,1.41374,1.41376,1.00,1.00
2014.03.18 08:04:01.118,1.41375,1.4138,1.32,1.50
2014.03.18 08:04:01.222,1.41374,1.4138,1.00,1.88
2014.03.18 08:04:01.778,1.41375,1.4138,1.00,1.32
2014.03.18 08:04:01.880,1.41375,1.4138,1.00,4.69
2014.03.18 08:04:02.463,1.41373,1.41379,1.25,1.75
2014.03.18 08:04:04.376,1.4137,1.41378,1.69,3.19
2014.03.18 08:04:04.696,1.41373,1.41378,1.38,2.82
2014.03.18 08:04:05.224,1.4137,1.41375,3.94,2.25
2014.03.18 08:04:05.528,1.4137,1.41372,3.75,1.00
2014.03.18 08:04:05.579,1.41365,1.41371,5.44,1.88
2014.03.18 08:04:05.630,1.41368,1.41371,1.13,1.50
2014.03.18 08:04:07.623,1.41368,1.41371,1.00,1.50
2014.03.18 08:04:08.348,1.41365,1.4137,1.32,3.38
2014.03.18 08:04:08.500,1.41365,1.41369,2.07,1.38
2014.03.18 08:04:09.024,1.41363,1.41368,1.00,1.38
2014.03.18 08:04:09.563,1.41363,1.41368,1.00,1.38
2014.03.18 08:04:09.714,1.41365,1.41369,1.00,1.69
2014.03.18 08:04:09.967,1.41363,1.41368,1.00,2.63
2014.03.18 08:04:10.119,1.41361,1.41368,1.32,2.63
2014.03.18 08:04:10.464,1.41363,1.41366,1.00,1.00
2014.03.18 08:04:10.666,1.41361,1.41366,1.19,1.38
2014.03.18 08:04:11.173,1.4136,1.41366,1.32,3.38
2014.03.18 08:04:11.993,1.41358,1.41365,1.00,1.75
2014.03.18 08:04:12.346,1.41356,1.41363,1.69,1.63
2014.03.18 08:04:13.092,1.41356,1.41363,1.69,1.63
2014.03.18 08:04:14.949,1.41356,1.41361,1.69,1.38
2014.03.18 08:04:15.354,1.41358,1.41361,1.00,1.00
2014.03.18 08:04:15.557,1.41353,1.4136,1.13,4.13
2014.03.18 08:04:15.608,1.41355,1.41356,1.88,1.00
2014.03.18 08:04:15.980,1.4135,1.41354,4.08,1.38
2014.03.18 08:04:16.514,1.41351,1.41354,1.00,1.38
2014.03.18 08:04:16.855,1.4135,1.41353,2.58,1.88
2014.03.18 08:04:16.956,1.41349,1.4135,1.00,1.00
2014.03.18 08:04:17.711,1.41346,1.41349,1.00,1.75
2014.03.18 08:04:18.384,1.41346,1.41349,4.33,1.00
2014.03.18 08:04:18.435,1.41345,1.41348,8.25,1.57
2014.03.18 08:04:18.840,1.41344,1.41348,8.25,2.44
2014.03.18 08:04:18.992,1.41344,1.41352,13.46,4.32
2014.03.18 08:04:19.043,1.41347,1.4135,4.46,1.00
2014.03.18 08:04:19.145,1.41349,1.41353,3.71,1.00
2014.03.18 08:04:19.663,1.4135,1.41356,3.71,1.94
2014.03.18 08:04:20.254,1.41349,1.41356,1.50,1.94
2014.03.18 08:04:20.305,1.41352,1.41356,1.00,1.57
2014.03.18 08:04:21.569,1.4135,1.41357,2.63,2.44
2014.03.18 08:04:24.065,1.41353,1.41356,1.00,1.00
2014.03.18 08:04:24.268,1.41349,1.41355,3.00,2.44
2014.03.18 08:04:24.523,1.41353,1.41356,1.00,2.63
2014.03.18 08:04:24.625,1.41353,1.41359,1.00,1.25
2014.03.18 08:04:24.727,1.41355,1.41359,1.50,1.25
2014.03.18 08:04:25.730,1.41353,1.4136,3.00,2.25
2014.03.18 08:04:25.781,1.41354,1.4136,1.19,1.63
2014.03.18 08:04:26.447,1.41354,1.4136,1.00,1.72
2014.03.18 08:04:27.936,1.41353,1.41359,1.69,1.85
2014.03.18 08:04:28.493,1.41352,1.41359,1.19,4.32
2014.03.18 08:04:28.594,1.41352,1.41359,1.57,3.57
2014.03.18 08:04:29.393,1.41352,1.41358,1.57,1.50
2014.03.18 08:04:29.906,1.41351,1.41358,1.25,1.63
2014.03.18 08:04:30.370,1.41351,1.41357,1.25,1.88
2014.03.18 08:04:30.835,1.4135,1.41355,2.07,1.00
2014.03.18 08:04:31.039,1.41351,1.41355,1.63,1.75
2014.03.18 08:04:31.140,1.41351,1.41355,1.25,1.13
2014.03.18 08:04:31.495,1.4135,1.41355,1.19,1.88
2014.03.18 08:04:32.324,1.41348,1.41354,1.69,2.25
2014.03.18 08:04:33.147,1.41348,1.41354,1.50,2.25
2014.03.18 08:04:33.350,1.41348,1.41351,1.25,1.00
2014.03.18 08:04:33.552,1.41348,1.41353,1.25,1.00
2014.03.18 08:04:34.965,1.41348,1.41353,1.63,1.88
2014.03.18 08:04:35.662,1.41348,1.41353,1.25,1.00
2014.03.18 08:04:36.168,1.41348,1.41355,1.63,2.82
2014.03.18 08:04:36.677,1.41348,1.41355,1.69,1.38
2014.03.18 08:04:36.778,1.41348,1.41355,2.44,1.13
2014.03.18 08:04:37.492,1.41348,1.41357,2.44,5.48
2014.03.18 08:04:37.593,1.41349,1.41357,1.19,3.00
2014.03.18 08:04:37.695,1.41351,1.41359,1.19,3.57
2014.03.18 08:04:38.201,1.41351,1.41357,1.19,1.13
2014.03.18 08:04:38.706,1.4135,1.41357,1.19,3.00
2014.03.18 08:04:39.186,1.4135,1.41357,1.19,3.02
2014.03.18 08:04:39.439,1.4135,1.41357,1.19,2.18
2014.03.18 08:04:40.320,1.41348,1.41357,3.57,2.44
2014.03.18 08:04:40.914,1.4135,1.41356,1.69,1.93
2014.03.18 08:04:41.686,1.41348,1.41356,4.69,1.80
2014.03.18 08:04:41.888,1.4135,1.41358,1.69,2.36
2014.03.18 08:04:43.140,1.41351,1.41359,1.32,1.33
2014.03.18 08:04:44.901,1.41351,1.41358,1.19,1.24
2014.03.18 08:04:45.283,1.41351,1.41356,1.00,1.86
2014.03.18 08:04:45.816,1.41351,1.41355,1.19,1.68
2014.03.18 08:04:46.322,1.41351,1.41356,1.19,1.93
2014.03.18 08:04:46.525,1.41348,1.41354,1.32,1.54
2014.03.18 08:04:46.803,1.41351,1.41356,1.00,1.32
2014.03.18 08:04:47.057,1.41349,1.41353,1.25,1.38
2014.03.18 08:04:50.409,1.41349,1.41354,1.50,1.38
2014.03.18 08:04:50.713,1.41351,1.41354,1.00,1.38
2014.03.18 08:04:51.218,1.41352,1.41356,1.00,1.22
2014.03.18 08:04:51.553,1.41354,1.41355,1.00,1.13
2014.03.18 08:04:53.319,1.41354,1.4136,1.00,1.63
2014.03.18 08:04:53.439,1.41354,1.4136,1.00,3.19
2014.03.18 08:04:53.796,1.41354,1.4136,1.00,3.19
2014.03.18 08:04:54.095,1.41356,1.4136,1.00,1.69
2014.03.18 08:04:54.624,1.41356,1.41363,1.69,3.57
2014.03.18 08:04:55.181,1.41356,1.41357,1.00,2.07
2014.03.18 08:04:55.282,1.41352,1.41355,2.07,1.50
2014.03.18 08:04:55.646,1.4135,1.41355,2.63,3.75
2014.03.18 08:04:56.655,1.41351,1.41354,1.00,1.63
2014.03.18 08:04:57.188,1.41351,1.41354,1.00,1.32
2014.03.18 08:04:57.881,1.41352,1.41355,1.00,1.13
2014.03.18 08:04:58.431,1.41353,1.41356,1.00,1.63
2014.03.18 08:04:59.804,1.41354,1.41356,1.00,1.38
2014.03.18 08:05:00.403,1.41353,1.4136,1.50,2.25
2014.03.18 08:05:00.456,1.41357,1.4136,1.00,1.13
2014.03.18 08:05:00.557,1.41354,1.4136,1.88,1.50
2014.03.18 08:05:01.430,1.41355,1.4136,1.50,3.00
2014.03.18 08:05:02.792,1.41355,1.4136,1.50,3.47
2014.03.18 08:05:03.097,1.41355,1.41359,1.50,1.69
2014.03.18 08:05:03.452,1.4135,1.41357,3.19,1.82
2014.03.18 08:05:03.604,1.41354,1.41357,1.00,1.69
2014.03.18 08:05:03.807,1.4135,1.41356,2.82,3.00
2014.03.18 08:05:04.110,1.4135,1.41354,2.07,1.13
2014.03.18 08:05:04.262,1.4135,1.41356,2.07,4.13
2014.03.18 08:05:06.346,1.41351,1.41356,1.00,3.19
2014.03.18 08:05:06.498,1.41353,1.41356,1.00,1.00
2014.03.18 08:05:06.954,1.41351,1.41358,1.32,2.82
2014.03.18 08:05:07.157,1.41353,1.41358,1.00,2.25
2014.03.18 08:05:07.662,1.41353,1.41358,1.00,1.69
2014.03.18 08:05:07.987,1.41353,1.4136,1.25,2.44
2014.03.18 08:05:09.002,1.41353,1.4136,1.69,3.75
2014.03.18 08:05:09.484,1.41358,1.4136,1.00,1.88
2014.03.18 08:05:09.788,1.41357,1.4136,1.19,1.88
2014.03.18 08:05:10.574,1.4136,1.41363,1.00,1.00
2014.03.18 08:05:10.726,1.41361,1.41365,1.00,3.75
2014.03.18 08:05:15.333,1.41361,1.41366,1.00,1.13
2014.03.18 08:05:15.737,1.41363,1.41368,1.00,4.50
2014.03.18 08:05:16.294,1.41364,1.41368,1.00,1.63
2014.03.18 08:05:16.446,1.41366,1.4137,1.00,3.57
2014.03.18 08:05:16.547,1.41363,1.4137,1.00,3.98
2014.03.18 08:05:17.219,1.41363,1.4137,1.32,1.88
2014.03.18 08:05:17.270,1.41366,1.4137,1.00,1.88
2014.03.18 08:05:18.837,1.41363,1.4137,1.32,1.88
2014.03.18 08:05:19.717,1.41366,1.4137,1.00,1.50
2014.03.18 08:05:20.322,1.41366,1.41371,1.00,1.32
2014.03.18 08:05:20.829,1.41364,1.41373,2.07,3.79
2014.03.18 08:05:21.340,1.41366,1.41371,1.25,1.13
2014.03.18 08:05:24.994,1.41366,1.41371,1.00,2.63
2014.03.18 08:05:25.517,1.41366,1.4137,1.00,1.69
2014.03.18 08:05:27.954,1.41365,1.41369,1.00,1.32
2014.03.18 08:05:28.465,1.41366,1.41371,1.00,1.88
2014.03.18 08:05:28.770,1.4137,1.41374,1.00,3.38
2014.03.18 08:05:29.728,1.41365,1.41374,2.82,3.00
2014.03.18 08:05:31.569,1.41367,1.41373,1.50,2.07
2014.03.18 08:05:31.822,1.41367,1.4137,1.00,1.57
2014.03.18 08:05:32.025,1.41365,1.4137,1.00,1.69
2014.03.18 08:05:32.127,1.41361,1.4137,5.44,1.69
2014.03.18 08:05:34.121,1.41361,1.41369,3.19,1.50
2014.03.18 08:05:34.274,1.41361,1.41368,1.00,1.57
2014.03.18 08:05:35.879,1.41362,1.4137,1.19,2.67
2014.03.18 08:05:37.404,1.41361,1.41368,1.19,1.32
2014.03.18 08:05:39.199,1.41362,1.41369,2.44,1.88
2014.03.18 08:05:40.261,1.41362,1.41367,1.50,1.75
2014.03.18 08:05:40.463,1.41362,1.41367,1.25,1.75
2014.03.18 08:05:40.615,1.41364,1.41369,1.50,2.00
2014.03.18 08:05:40.666,1.41364,1.41369,1.50,1.63
2014.03.18 08:05:40.717,1.41364,1.41369,2.44,1.38
2014.03.18 08:05:41.062,1.41365,1.41374,1.50,3.19
2014.03.18 08:05:41.739,1.41365,1.41373,1.69,3.23
2014.03.18 08:05:42.272,1.41364,1.41371,1.69,1.88
2014.03.18 08:05:42.374,1.41364,1.41371,2.07,1.88
2014.03.18 08:05:42.917,1.41366,1.41371,1.00,1.88
2014.03.18 08:05:43.519,1.41366,1.41371,1.00,1.88
2014.03.18 08:05:45.811,1.41366,1.41371,1.00,2.07
2014.03.18 08:05:46.013,1.41364,1.41369,1.00,2.25
2014.03.18 08:05:46.994,1.41364,1.41367,1.00,1.88
2014.03.18 08:05:47.096,1.41366,1.41369,1.00,1.50
2014.03.18 08:05:47.451,1.41366,1.41368,1.00,1.17
2014.03.18 08:05:47.552,1.41363,1.41369,1.19,2.82
2014.03.18 08:05:47.806,1.41363,1.41367,1.19,1.25
2014.03.18 08:05:47.907,1.41362,1.41367,1.19,1.25
2014.03.18 08:05:48.262,1.41359,1.41367,2.44,3.00
2014.03.18 08:05:48.812,1.41359,1.41367,2.07,3.60
2014.03.18 08:05:49.880,1.41359,1.41367,1.69,3.60
2014.03.18 08:05:50.842,1.41359,1.41367,1.50,3.60
2014.03.18 08:05:51.369,1.41359,1.41365,1.00,2.10
2014.03.18 08:05:53.225,1.41354,1.41358,1.19,1.00
2014.03.18 08:05:53.276,1.41353,1.41354,1.00,1.25
2014.03.18 08:05:53.782,1.41351,1.41357,1.69,1.13
2014.03.18 08:05:53.934,1.41354,1.41359,1.00,1.63
2014.03.18 08:05:54.086,1.41354,1.41359,1.00,1.25
2014.03.18 08:05:54.137,1.41356,1.41359,1.00,1.25
2014.03.18 08:05:54.486,1.41357,1.4136,1.00,2.25
2014.03.18 08:05:55.644,1.41359,1.41361,1.00,1.13
2014.03.18 08:05:55.796,1.41361,1.41365,1.00,1.32
2014.03.18 08:05:56.049,1.41361,1.41366,1.00,4.13
2014.03.18 08:05:56.555,1.41361,1.41365,1.00,1.69
2014.03.18 08:05:56.657,1.41361,1.41365,1.00,2.25
2014.03.18 08:05:57.170,1.4136,1.41363,1.00,2.82
2014.03.18 08:05:58.096,1.4136,1.41363,1.00,1.32
2014.03.18 08:05:58.551,1.41361,1.41365,1.00,1.32
2014.03.18 08:05:59.099,1.41362,1.41366,1.69,1.00
2014.03.18 08:05:59.158,1.41363,1.41369,2.44,1.38
2014.03.18 08:05:59.310,1.41366,1.41371,1.00,1.00
2014.03.18 08:05:59.850,1.41366,1.41371,1.00,2.25
2014.03.18 08:06:00.387,1.41364,1.41372,1.69,3.57
2014.03.18 08:06:00.641,1.41363,1.41369,2.07,1.00
2014.03.18 08:06:00.843,1.41366,1.41369,1.00,1.50
2014.03.18 08:06:02.954,1.41364,1.41369,1.00,2.63
2014.03.18 08:06:03.681,1.41364,1.41367,1.00,1.00
2014.03.18 08:06:04.137,1.41361,1.41367,1.19,2.44
2014.03.18 08:06:04.580,1.41361,1.41366,1.19,1.69
2014.03.18 08:06:05.086,1.41361,1.41363,1.00,1.25
2014.03.18 08:06:05.633,1.41361,1.41366,1.00,3.94
2014.03.18 08:06:05.734,1.41361,1.41366,1.00,3.57
2014.03.18 08:06:10.213,1.41361,1.41366,1.00,1.57
2014.03.18 08:06:10.870,1.41364,1.41368,1.00,1.94
2014.03.18 08:06:13.077,1.4136,1.41366,1.69,1.13
2014.03.18 08:06:13.553,1.41361,1.41368,1.19,3.19
2014.03.18 08:06:14.069,1.41361,1.41366,1.19,1.13
2014.03.18 08:06:15.649,1.4136,1.41366,1.69,1.88
2014.03.18 08:06:16.665,1.41357,1.41365,1.00,1.13
2014.03.18 08:06:17.121,1.41355,1.41361,2.82,1.88
2014.03.18 08:06:17.802,1.41358,1.4136,1.00,1.00
2014.03.18 08:06:18.544,1.41358,1.4136,1.00,1.00
2014.03.18 08:06:19.856,1.41359,1.41363,1.00,2.82
2014.03.18 08:06:20.210,1.41361,1.41364,1.00,1.13
2014.03.18 08:06:20.717,1.4136,1.41364,1.00,1.69
2014.03.18 08:06:21.307,1.41361,1.41364,1.00,1.13
2014.03.18 08:06:23.417,1.4136,1.41364,1.00,1.69
2014.03.18 08:06:26.689,1.41357,1.41363,1.19,2.07
2014.03.18 08:06:26.841,1.4136,1.41363,1.00,2.07
2014.03.18 08:06:27.993,1.41355,1.41361,1.69,1.88
2014.03.18 08:06:28.348,1.41354,1.41359,1.00,4.50
2014.03.18 08:06:30.155,1.41354,1.41358,1.00,1.13
2014.03.18 08:06:30.559,1.41354,1.41357,1.00,1.13
2014.03.18 08:06:31.092,1.41351,1.41357,1.00,4.32
2014.03.18 08:06:31.598,1.41351,1.41357,1.00,5.25
2014.03.18 08:06:33.178,1.41351,1.41357,1.00,5.10
2014.03.18 08:06:33.727,1.41351,1.41357,1.25,4.73
2014.03.18 08:06:34.271,1.41351,1.41357,1.25,4.92
2014.03.18 08:06:35.507,1.41351,1.41357,1.25,3.04
2014.03.18 08:06:35.608,1.41354,1.41357,1.00,1.25
2014.03.18 08:06:36.114,1.41354,1.41357,1.00,2.07
2014.03.18 08:06:36.165,1.41351,1.41357,1.25,2.82
2014.03.18 08:06:36.670,1.41351,1.41356,1.25,1.50
2014.03.18 08:06:43.331,1.41351,1.41355,1.25,1.63
2014.03.18 08:06:44.242,1.41351,1.41354,1.00,1.50
2014.03.18 08:06:45.492,1.41348,1.41353,1.19,1.82
2014.03.18 08:06:45.696,1.41346,1.41351,1.19,2.07
2014.03.18 08:06:45.747,1.41346,1.41349,1.00,1.50
2014.03.18 08:06:45.798,1.41344,1.41349,1.63,1.50
2014.03.18 08:06:45.850,1.41343,1.41349,1.94,1.38
2014.03.18 08:06:46.221,1.41344,1.41349,1.25,2.29
2014.03.18 08:06:46.274,1.41341,1.41345,1.00,2.63
2014.03.18 08:06:46.781,1.41339,1.41343,1.69,1.32
2014.03.18 08:06:48.530,1.41339,1.41342,1.00,1.69
2014.03.18 08:06:49.262,1.41342,1.41346,1.00,1.50
2014.03.18 08:06:49.566,1.41345,1.41351,1.00,2.82
2014.03.18 08:06:49.718,1.41343,1.41351,2.44,2.82
2014.03.18 08:06:49.819,1.41347,1.41351,1.00,1.57
2014.03.18 08:06:50.477,1.41348,1.41353,1.00,2.25
2014.03.18 08:06:50.962,1.41345,1.4135,1.19,1.13
2014.03.18 08:06:51.065,1.41348,1.41351,1.00,1.50
2014.03.18 08:06:51.572,1.41345,1.41351,1.25,3.94
2014.03.18 08:06:53.152,1.41345,1.41351,1.00,4.13
2014.03.18 08:06:53.741,1.41345,1.41351,1.19,2.25
2014.03.18 08:06:53.892,1.41348,1.41351,1.00,1.00
2014.03.18 08:06:54.196,1.4135,1.41354,1.00,1.75
2014.03.18 08:06:54.500,1.41344,1.41353,4.32,3.00
2014.03.18 08:06:54.551,1.41349,1.41352,1.00,1.32
2014.03.18 08:06:55.056,1.4135,1.41355,1.00,1.13
2014.03.18 08:06:59.273,1.4135,1.41356,1.50,1.82
2014.03.18 08:06:59.476,1.41351,1.41358,1.19,2.07
2014.03.18 08:07:00.745,1.41353,1.41357,1.25,1.13
2014.03.18 08:07:01.812,1.4135,1.41356,1.19,1.19
2014.03.18 08:07:02.415,1.4135,1.41356,1.19,1.57
2014.03.18 08:07:08.604,1.41352,1.41359,2.25,1.57
2014.03.18 08:07:08.705,1.41354,1.41361,1.69,3.19
2014.03.18 08:07:08.756,1.41354,1.41361,2.44,2.44
2014.03.18 08:07:08.959,1.41354,1.41359,1.69,1.69
2014.03.18 08:07:09.516,1.41353,1.41359,1.19,4.88
2014.03.18 08:07:09.566,1.41349,1.41357,3.57,2.85
2014.03.18 08:07:10.101,1.41349,1.41355,1.69,1.88
2014.03.18 08:07:10.202,1.41349,1.41355,1.00,1.69
2014.03.18 08:07:10.253,1.41346,1.41354,1.69,2.44
2014.03.18 08:07:10.557,1.41345,1.41351,6.38,2.63
2014.03.18 08:07:10.879,1.41345,1.41349,6.38,1.88
2014.03.18 08:07:12.140,1.41344,1.41349,1.00,2.63
2014.03.18 08:07:12.460,1.41344,1.41349,1.38,3.00
2014.03.18 08:07:12.976,1.41344,1.41349,1.00,3.00
2014.03.18 08:07:13.747,1.41344,1.4135,1.00,1.25
2014.03.18 08:07:14.210,1.41346,1.4135,1.00,1.25
2014.03.18 08:07:17.120,1.41347,1.41351,1.00,1.69
2014.03.18 08:07:18.416,1.41349,1.41353,1.00,3.38
2014.03.18 08:07:18.619,1.41352,1.41355,1.00,6.08
2014.03.18 08:07:18.670,1.41352,1.41355,1.00,4.20
2014.03.18 08:07:19.075,1.41354,1.41355,1.00,1.13
2014.03.18 08:07:19.177,1.41354,1.41359,1.50,1.00
2014.03.18 08:07:19.835,1.41355,1.41359,1.00,1.25
2014.03.18 08:07:20.037,1.41357,1.41359,1.00,1.50
2014.03.18 08:07:20.240,1.41355,1.41359,1.25,1.50
2014.03.18 08:07:20.745,1.41354,1.41359,1.00,1.25
2014.03.18 08:07:22.624,1.41354,1.4136,1.00,1.92
2014.03.18 08:07:23.151,1.41354,1.4136,1.00,3.04
2014.03.18 08:07:23.689,1.41354,1.4136,1.00,3.98
2014.03.18 08:07:24.378,1.41354,1.4136,1.00,1.88
2014.03.18 08:07:25.164,1.41355,1.4136,1.00,1.50
2014.03.18 08:07:25.267,1.41356,1.4136,1.00,1.92
2014.03.18 08:07:26.111,1.41355,1.4136,1.25,2.07
2014.03.18 08:07:26.213,1.41358,1.41361,1.00,1.19
2014.03.18 08:07:27.569,1.41357,1.4136,1.69,1.05
2014.03.18 08:07:28.887,1.41357,1.41363,1.25,2.48
2014.03.18 08:07:29.001,1.41357,1.41363,1.25,1.35
2014.03.18 08:07:29.204,1.41359,1.41363,1.00,1.35
2014.03.18 08:07:29.305,1.41357,1.41363,1.69,1.35
2014.03.18 08:07:29.407,1.41357,1.41363,1.25,2.10
2014.03.18 08:07:29.558,1.41357,1.41363,1.25,2.85
2014.03.18 08:07:35.040,1.41357,1.41363,1.69,1.05
2014.03.18 08:07:35.141,1.41357,1.41363,2.44,1.05
2014.03.18 08:07:35.684,1.41362,1.41365,1.00,1.50
2014.03.18 08:07:36.039,1.41357,1.41365,3.57,1.88
2014.03.18 08:07:36.140,1.41357,1.41365,3.57,1.50
2014.03.18 08:07:38.180,1.4136,1.41366,1.00,2.25
2014.03.18 08:07:41.044,1.4136,1.41366,1.50,1.44
2014.03.18 08:07:41.095,1.41361,1.41369,1.19,4.80
2014.03.18 08:07:41.621,1.41363,1.41369,2.25,1.75
2014.03.18 08:07:42.621,1.41363,1.41369,3.19,2.25
2014.03.18 08:07:42.928,1.41363,1.4137,3.19,1.69
2014.03.18 08:07:43.440,1.41364,1.41372,1.25,1.50
2014.03.18 08:07:44.898,1.41364,1.41371,1.25,1.19
2014.03.18 08:07:45.050,1.41364,1.41372,1.25,1.44
2014.03.18 08:07:51.701,1.41364,1.41371,1.69,1.44
2014.03.18 08:07:52.158,1.41364,1.4137,1.69,1.19
2014.03.18 08:07:53.552,1.41364,1.41369,1.25,1.50
2014.03.18 08:07:56.886,1.41364,1.4137,1.00,2.48
2014.03.18 08:07:57.650,1.41364,1.41371,1.69,3.57
2014.03.18 08:07:58.200,1.41365,1.41372,1.00,2.44
2014.03.18 08:07:58.352,1.41367,1.41372,1.00,2.44
2014.03.18 08:07:58.960,1.41367,1.41375,1.25,2.10
2014.03.18 08:07:59.474,1.41368,1.41376,1.50,3.38
2014.03.18 08:08:00.022,1.41368,1.41375,1.50,1.69
2014.03.18 08:08:00.326,1.41364,1.41369,1.69,1.75
2014.03.18 08:08:00.377,1.41364,1.41369,1.00,1.75
2014.03.18 08:08:00.479,1.41364,1.41369,1.00,1.19
2014.03.18 08:08:06.611,1.41364,1.4137,1.50,2.48
2014.03.18 08:08:06.662,1.41366,1.41371,1.00,4.13
2014.03.18 08:08:07.002,1.41367,1.41373,1.32,1.25
2014.03.18 08:08:07.261,1.41369,1.41375,1.00,3.57
2014.03.18 08:08:10.763,1.41369,1.41374,1.50,1.32
2014.03.18 08:08:11.066,1.41371,1.41375,1.00,1.00
2014.03.18 08:08:11.745,1.41372,1.41375,1.00,1.00
2014.03.18 08:08:12.129,1.41374,1.41375,1.00,1.00
2014.03.18 08:08:22.742,1.41374,1.41378,1.00,2.44
2014.03.18 08:08:24.071,1.41372,1.41379,1.00,6.60
2014.03.18 08:08:24.577,1.41372,1.41376,1.00,1.50
2014.03.18 08:08:32.262,1.41372,1.41375,1.00,1.00
2014.03.18 08:08:32.414,1.41369,1.41374,1.00,1.69
2014.03.18 08:08:32.515,1.41369,1.41372,1.00,1.50
2014.03.18 08:08:32.819,1.41367,1.41369,1.00,1.00
2014.03.18 08:08:33.328,1.41365,1.41368,1.00,5.44
2014.03.18 08:08:33.531,1.41362,1.41365,1.00,1.00
2014.03.18 08:08:33.878,1.41359,1.41365,1.25,1.00
2014.03.18 08:08:34.422,1.41359,1.41366,1.25,2.44
2014.03.18 08:08:35.766,1.41363,1.41366,1.00,2.25
2014.03.18 08:08:35.867,1.4136,1.41366,1.69,1.00
2014.03.18 08:08:36.070,1.41362,1.41368,1.00,1.19
2014.03.18 08:08:36.374,1.41364,1.41368,1.00,1.19
2014.03.18 08:08:40.233,1.41364,1.41369,2.63,1.00
2014.03.18 08:08:40.386,1.4137,1.41373,1.00,1.00
2014.03.18 08:08:40.487,1.41369,1.41373,1.00,1.00
2014.03.18 08:08:41.310,1.41369,1.41374,1.00,1.35
2014.03.18 08:08:41.911,1.41369,1.41375,1.00,1.25
2014.03.18 08:08:43.258,1.41369,1.41375,1.00,1.92
2014.03.18 08:08:44.858,1.41369,1.41375,1.00,1.25
2014.03.18 08:08:45.472,1.41369,1.41375,1.00,1.88
2014.03.18 08:08:45.979,1.41369,1.41375,1.00,1.50
2014.03.18 08:08:47.034,1.41372,1.41375,1.00,1.00
2014.03.18 08:08:51.621,1.41372,1.41376,1.00,3.00
2014.03.18 08:08:52.141,1.41371,1.41375,1.00,2.44
2014.03.18 08:08:55.790,1.41372,1.41374,1.00,1.00
2014.03.18 08:08:56.095,1.41365,1.41372,1.50,5.85
2014.03.18 08:08:56.198,1.41364,1.41367,1.25,1.88
2014.03.18 08:08:56.249,1.41361,1.41365,1.50,2.85
2014.03.18 08:08:56.300,1.41359,1.41362,2.63,2.48
2014.03.18 08:08:56.607,1.41357,1.41359,1.00,1.00
2014.03.18 08:08:56.659,1.41353,1.41357,1.63,1.25
2014.03.18 08:08:57.070,1.41352,1.41358,1.19,3.19
2014.03.18 08:08:57.570,1.41352,1.41357,1.19,1.69
2014.03.18 08:08:58.850,1.41352,1.41357,1.19,1.32
2014.03.18 08:08:59.399,1.41352,1.41357,1.00,2.67
2014.03.18 08:09:00.083,1.41352,1.41357,1.00,1.69
2014.03.18 08:09:00.700,1.41352,1.41357,1.00,3.38
2014.03.18 08:09:01.302,1.41352,1.41355,1.00,2.35
2014.03.18 08:09:07.170,1.41349,1.41353,1.00,1.13
2014.03.18 08:09:07.676,1.41347,1.41353,1.69,1.13
2014.03.18 08:09:08.081,1.41345,1.4135,1.50,1.57
2014.03.18 08:09:08.385,1.41349,1.41351,1.00,1.32
2014.03.18 08:09:11.484,1.41349,1.41352,1.00,1.00
2014.03.18 08:09:11.688,1.41349,1.41354,1.00,1.00
2014.03.18 08:09:12.257,1.41349,1.41353,2.44,1.00
2014.03.18 08:09:12.949,1.41349,1.41353,2.44,1.57
2014.03.18 08:09:13.499,1.41349,1.41353,1.50,1.50
2014.03.18 08:09:14.007,1.41349,1.41355,1.00,1.25
2014.03.18 08:09:14.264,1.4135,1.41356,1.69,1.00
2014.03.18 08:09:14.975,1.41351,1.41358,2.07,2.44
2014.03.18 08:09:15.177,1.41353,1.41358,1.00,1.69
2014.03.18 08:09:15.500,1.41357,1.41359,1.00,1.00
2014.03.18 08:09:16.142,1.41357,1.41361,1.00,1.50
2014.03.18 08:09:26.649,1.41357,1.41362,1.00,1.25
2014.03.18 08:09:27.129,1.41359,1.41364,1.00,1.69
2014.03.18 08:09:27.533,1.41362,1.41364,1.00,1.00
2014.03.18 08:09:27.837,1.4136,1.41362,1.13,1.50
2014.03.18 08:09:28.090,1.41354,1.41357,1.25,1.00
2014.03.18 08:09:28.495,1.41349,1.41354,1.32,1.50
2014.03.18 08:09:28.748,1.41347,1.41353,2.25,3.15
2014.03.18 08:09:28.850,1.41348,1.41353,1.69,1.13
2014.03.18 08:09:29.357,1.41349,1.41353,1.00,1.13
2014.03.18 08:09:29.408,1.41349,1.41351,1.38,1.00
2014.03.18 08:09:29.661,1.41347,1.41352,1.38,1.00
2014.03.18 08:09:30.133,1.41347,1.4135,1.13,1.25
2014.03.18 08:09:30.184,1.41344,1.4135,1.38,2.44
2014.03.18 08:09:30.387,1.41344,1.41347,1.00,1.50
2014.03.18 08:09:30.760,1.41342,1.41344,1.19,1.00
2014.03.18 08:09:30.863,1.41338,1.41344,5.29,1.57
2014.03.18 08:09:31.622,1.41338,1.41343,2.44,1.50
2014.03.18 08:09:31.724,1.4134,1.41344,1.13,1.88
2014.03.18 08:09:32.030,1.4134,1.41344,1.13,1.50
2014.03.18 08:09:32.574,1.4134,1.41345,1.13,1.50
2014.03.18 08:09:33.249,1.4134,1.41346,1.13,1.69
2014.03.18 08:09:36.137,1.4134,1.41344,1.00,1.32
2014.03.18 08:09:36.441,1.4134,1.41344,1.00,1.88
2014.03.18 08:09:38.105,1.41334,1.4134,1.57,1.00
2014.03.18 08:09:38.206,1.41333,1.41338,2.07,1.00
2014.03.18 08:09:38.382,1.41333,1.41338,2.07,1.00
2014.03.18 08:09:38.942,1.41333,1.41339,1.63,1.00
2014.03.18 08:09:39.944,1.41333,1.4134,2.82,1.25
2014.03.18 08:09:40.528,1.41333,1.4134,3.19,1.00
2014.03.18 08:09:42.035,1.41337,1.4134,1.00,1.00
2014.03.18 08:09:42.339,1.41343,1.41348,1.00,1.19
2014.03.18 08:09:42.390,1.41344,1.4135,1.00,3.13
2014.03.18 08:09:43.063,1.41344,1.4135,1.88,1.85
2014.03.18 08:09:43.367,1.41344,1.41347,1.88,1.00
2014.03.18 08:09:43.909,1.41344,1.41347,2.82,1.00
2014.03.18 08:09:45.670,1.41344,1.41346,2.63,1.00
2014.03.18 08:09:45.772,1.41344,1.41347,2.82,1.00
2014.03.18 08:09:47.048,1.41344,1.41346,1.88,1.00
2014.03.18 08:09:47.352,1.41339,1.41344,1.19,1.88
2014.03.18 08:09:47.454,1.41339,1.41344,1.19,1.00
2014.03.18 08:09:47.960,1.41342,1.41343,1.00,1.00
2014.03.18 08:09:48.011,1.41344,1.41347,1.00,1.00
2014.03.18 08:09:48.549,1.41344,1.41348,1.00,2.07
2014.03.18 08:09:49.675,1.41344,1.41348,1.00,2.67
2014.03.18 08:09:49.827,1.41344,1.41345,1.00,1.00
2014.03.18 08:09:49.878,1.4134,1.41344,1.69,1.00
2014.03.18 08:09:49.929,1.4134,1.41344,1.00,1.50
2014.03.18 08:09:50.284,1.41342,1.41347,1.00,2.67
2014.03.18 08:09:50.335,1.41342,1.41347,1.25,1.88
2014.03.18 08:09:50.578,1.41342,1.41347,1.25,2.25
2014.03.18 08:09:50.737,1.41342,1.41347,1.25,1.88
2014.03.18 08:09:51.260,1.41343,1.41347,2.63,1.00
2014.03.18 08:09:51.766,1.41344,1.41347,1.00,1.00
2014.03.18 08:09:52.281,1.41344,1.41347,1.00,2.63
2014.03.18 08:09:52.484,1.41342,1.41345,1.25,1.32
2014.03.18 08:09:53.908,1.41342,1.41344,1.00,1.00
2014.03.18 08:09:53.960,1.41339,1.41344,1.00,1.00
2014.03.18 08:09:54.063,1.41342,1.41344,1.00,1.00
2014.03.18 08:09:54.569,1.41341,1.41343,1.00,1.00
2014.03.18 08:09:54.973,1.41342,1.41345,1.00,1.50
2014.03.18 08:09:55.024,1.41343,1.41345,1.00,1.00
2014.03.18 08:09:55.429,1.41344,1.41347,1.00,1.00
2014.03.18 08:09:55.968,1.41344,1.41348,1.00,1.32
2014.03.18 08:09:58.008,1.41344,1.41347,1.00,1.57
2014.03.18 08:09:58.465,1.41339,1.41345,3.19,2.63
2014.03.18 08:09:59.081,1.41341,1.41343,1.00,1.57
2014.03.18 08:10:00.860,1.41339,1.41343,1.00,2.44
2014.03.18 08:10:01.546,1.41339,1.41343,1.69,1.00
2014.03.18 08:10:01.849,1.41343,1.41345,1.00,1.00
2014.03.18 08:10:02.301,1.41343,1.41346,1.00,3.57
2014.03.18 08:10:02.453,1.41343,1.41349,1.00,1.50
2014.03.18 08:10:02.504,1.41343,1.41349,1.25,1.69
2014.03.18 08:10:02.910,1.41343,1.41349,1.25,1.32
2014.03.18 08:10:03.482,1.41343,1.41349,1.25,3.60
2014.03.18 08:10:03.988,1.41343,1.41349,2.07,3.98
2014.03.18 08:10:04.525,1.41344,1.41349,1.00,1.32
2014.03.18 08:10:04.576,1.41346,1.41349,2.25,1.32
2014.03.18 08:10:04.883,1.41348,1.41352,1.00,2.63
2014.03.18 08:10:05.606,1.41348,1.4135,1.00,1.00
2014.03.18 08:10:09.018,1.41347,1.41351,1.19,1.50
2014.03.18 08:10:09.551,1.41347,1.4135,1.19,1.00
2014.03.18 08:10:10.658,1.41347,1.41349,1.19,1.50
2014.03.18 08:10:10.860,1.41345,1.41347,1.88,1.88
2014.03.18 08:10:11.113,1.41344,1.41345,1.00,1.00
2014.03.18 08:10:11.215,1.41342,1.41346,1.00,1.88
2014.03.18 08:10:11.851,1.41344,1.41346,1.00,1.38
2014.03.18 08:10:12.155,1.41347,1.4135,1.00,1.25
2014.03.18 08:10:12.562,1.41349,1.4135,1.00,1.00
2014.03.18 08:10:12.968,1.41347,1.4135,1.00,2.51
2014.03.18 08:10:13.611,1.41345,1.41349,2.07,1.38
2014.03.18 08:10:14.471,1.41346,1.41347,1.00,1.00
2014.03.18 08:10:14.724,1.41345,1.41347,1.32,1.00
2014.03.18 08:10:15.801,1.41346,1.41347,1.00,1.00
2014.03.18 08:10:16.348,1.41345,1.41347,1.25,1.00
2014.03.18 08:10:17.403,1.41346,1.41347,1.00,1.00
2014.03.18 08:10:17.908,1.41344,1.41347,1.32,1.00
2014.03.18 08:10:21.277,1.41344,1.41348,1.32,5.25
2014.03.18 08:10:21.480,1.41347,1.41351,1.50,1.47
2014.03.18 08:10:21.684,1.41348,1.41353,1.00,1.25
2014.03.18 08:10:22.090,1.41349,1.41353,1.69,1.00
2014.03.18 08:10:22.596,1.41349,1.41354,3.19,1.00
2014.03.18 08:10:23.108,1.41349,1.41355,3.19,1.73
2014.03.18 08:10:23.586,1.4135,1.41355,1.19,1.13
2014.03.18 08:10:23.893,1.41351,1.41357,2.44,1.00
2014.03.18 08:10:24.045,1.41354,1.41357,1.00,1.00
2014.03.18 08:10:24.255,1.41354,1.41361,3.94,3.79
2014.03.18 08:10:24.458,1.41358,1.41363,1.50,3.19
2014.03.18 08:10:24.610,1.41358,1.41365,2.44,1.92
2014.03.18 08:10:24.661,1.41361,1.41365,1.00,1.32
2014.03.18 08:10:24.864,1.41361,1.41367,1.69,1.25
2014.03.18 08:10:25.075,1.41359,1.41366,1.00,4.13
2014.03.18 08:10:25.483,1.41356,1.41359,1.00,1.00
2014.03.18 08:10:25.584,1.41356,1.41361,1.00,3.75
2014.03.18 08:10:25.787,1.41358,1.41361,1.00,1.69
2014.03.18 08:10:25.889,1.41356,1.41362,1.00,1.19
2014.03.18 08:10:26.040,1.41356,1.41359,1.00,1.00
2014.03.18 08:10:26.699,1.41356,1.41361,1.00,1.63
2014.03.18 08:10:27.003,1.41359,1.41363,1.00,4.32
2014.03.18 08:10:28.249,1.41354,1.41359,1.25,1.00
2014.03.18 08:10:28.350,1.41352,1.41356,1.69,1.00
2014.03.18 08:10:28.452,1.41351,1.41356,1.50,1.69
2014.03.18 08:10:28.604,1.41351,1.41356,1.00,4.32
2014.03.18 08:10:29.111,1.41349,1.41354,1.38,2.82
2014.03.18 08:10:29.654,1.41349,1.41354,1.00,2.82
2014.03.18 08:10:29.998,1.41346,1.41352,1.19,1.50
2014.03.18 08:10:30.313,1.41349,1.41351,1.00,1.50
2014.03.18 08:10:30.414,1.41346,1.41351,1.19,1.88
2014.03.18 08:10:32.189,1.41346,1.41348,1.19,1.00
2014.03.18 08:10:33.617,1.41346,1.41348,1.00,1.00
2014.03.18 08:10:37.815,1.41346,1.4135,1.00,1.13
2014.03.18 08:10:38.523,1.41346,1.41349,1.00,1.00
2014.03.18 08:10:38.574,1.41346,1.41347,1.00,1.50
2014.03.18 08:10:38.978,1.41344,1.41347,1.00,1.00
2014.03.18 08:10:39.501,1.41345,1.41347,1.25,1.00
2014.03.18 08:10:39.552,1.41344,1.41349,2.82,1.00
2014.03.18 08:10:40.060,1.41344,1.41348,1.00,1.00
2014.03.18 08:10:40.516,1.4134,1.41345,1.57,1.00
2014.03.18 08:10:40.618,1.41341,1.41342,1.25,1.00
2014.03.18 08:10:42.027,1.41341,1.41343,1.25,1.00
2014.03.18 08:10:42.983,1.41341,1.41344,1.00,1.13
2014.03.18 08:10:44.010,1.41341,1.41346,1.00,1.32
2014.03.18 08:10:44.061,1.41343,1.41346,1.00,1.32
2014.03.18 08:10:44.604,1.41344,1.41348,1.00,1.88
2014.03.18 08:10:45.309,1.41344,1.41346,1.00,1.00
2014.03.18 08:10:47.316,1.4134,1.41344,1.19,1.00
2014.03.18 08:10:47.468,1.41341,1.41343,1.00,1.00
2014.03.18 08:10:49.085,1.41341,1.41345,1.00,2.07
2014.03.18 08:10:49.293,1.41342,1.41345,1.00,2.07
2014.03.18 08:10:50.519,1.4134,1.41345,1.00,1.50
2014.03.18 08:10:51.503,1.41343,1.41345,1.00,1.32
2014.03.18 08:10:53.166,1.41341,1.41346,2.44,1.38
2014.03.18 08:10:53.419,1.41346,1.41351,1.25,1.38
2014.03.18 08:10:53.520,1.41346,1.41351,1.25,1.00
2014.03.18 08:10:53.622,1.41349,1.41351,1.00,1.00
2014.03.18 08:10:54.152,1.41348,1.4135,1.00,1.00
2014.03.18 08:10:54.203,1.41344,1.41348,1.19,1.13
2014.03.18 08:10:54.304,1.41342,1.41346,1.57,2.25
2014.03.18 08:10:54.608,1.41341,1.41345,1.00,1.50
2014.03.18 08:10:54.810,1.41341,1.41345,1.00,2.25
2014.03.18 08:10:56.862,1.41341,1.41344,1.00,2.25
2014.03.18 08:10:57.014,1.41337,1.41341,1.00,1.00
2014.03.18 08:10:57.267,1.41336,1.41341,1.00,1.50
2014.03.18 08:10:57.672,1.41338,1.4134,1.00,1.00
2014.03.18 08:10:58.235,1.41336,1.41338,1.00,1.00
2014.03.18 08:10:58.488,1.41332,1.41336,1.19,1.50
2014.03.18 08:10:58.691,1.41334,1.41335,1.00,1.00
2014.03.18 08:10:58.893,1.41334,1.41337,1.50,1.00
2014.03.18 08:10:59.045,1.41334,1.41339,1.50,1.50
2014.03.18 08:10:59.096,1.41336,1.41339,1.00,1.50
2014.03.18 08:10:59.602,1.41335,1.41338,1.00,1.50
2014.03.18 08:11:00.314,1.41334,1.41338,1.00,1.50
2014.03.18 08:11:01.225,1.41335,1.41338,1.00,2.25
2014.03.18 08:11:01.427,1.41334,1.41338,1.00,2.25
2014.03.18 08:11:01.933,1.41334,1.41337,1.00,1.50
2014.03.18 08:11:02.186,1.41333,1.41336,1.00,1.88
2014.03.18 08:11:02.642,1.4133,1.41334,1.69,1.38
2014.03.18 08:11:03.158,1.4133,1.41334,2.07,1.00
2014.03.18 08:11:07.475,1.41334,1.41337,1.38,1.25
2014.03.18 08:11:07.779,1.41334,1.41337,1.38,1.00
2014.03.18 08:11:07.830,1.41334,1.41337,1.38,1.50
2014.03.18 08:11:08.353,1.41335,1.41337,1.00,1.50
2014.03.18 08:11:08.681,1.41334,1.41337,1.00,1.50
2014.03.18 08:11:11.130,1.41334,1.41336,1.00,1.50
2014.03.18 08:11:11.659,1.41333,1.41336,1.00,1.88
2014.03.18 08:11:12.862,1.41329,1.41333,1.19,1.50
2014.03.18 08:11:13.168,1.41325,1.41328,1.19,4.35
2014.03.18 08:11:13.220,1.41325,1.4133,1.00,2.25
2014.03.18 08:11:13.372,1.41319,1.41324,1.19,5.50
2014.03.18 08:11:13.474,1.41316,1.41322,1.19,1.00
2014.03.18 08:11:13.525,1.41319,1.41322,1.00,1.38
2014.03.18 08:11:14.081,1.41319,1.41322,1.00,1.25
2014.03.18 08:11:14.486,1.41315,1.4132,2.44,2.25
2014.03.18 08:11:14.638,1.41316,1.41319,1.00,1.13
2014.03.18 08:11:14.790,1.41313,1.41316,1.00,1.00
2014.03.18 08:11:15.296,1.41311,1.41316,1.19,1.38
2014.03.18 08:11:16.530,1.41314,1.41316,1.00,1.38
2014.03.18 08:11:18.094,1.41314,1.41316,1.00,1.00
2014.03.18 08:11:18.600,1.41312,1.41315,1.00,1.50
2014.03.18 08:11:18.701,1.41314,1.41317,1.00,1.63
2014.03.18 08:11:18.905,1.41312,1.41315,1.00,1.50
2014.03.18 08:11:19.159,1.4131,1.41315,1.19,1.88
2014.03.18 08:11:19.260,1.41312,1.41315,1.00,1.88
2014.03.18 08:11:19.575,1.4131,1.41315,1.32,1.88
2014.03.18 08:11:19.828,1.41312,1.41315,1.00,1.88
2014.03.18 08:11:20.031,1.41309,1.41315,2.82,1.88
2014.03.18 08:11:20.132,1.41312,1.41315,1.00,1.88
2014.03.18 08:11:20.487,1.4131,1.41315,1.19,1.88
2014.03.18 08:11:22.401,1.41315,1.41318,1.00,1.88
2014.03.18 08:11:22.503,1.41316,1.41319,1.00,1.00
2014.03.18 08:11:22.657,1.41318,1.41321,1.00,1.69
2014.03.18 08:11:23.653,1.41318,1.41321,1.00,1.50
2014.03.18 08:11:25.346,1.41318,1.4132,1.00,1.50
2014.03.18 08:11:26.631,1.41315,1.41318,1.19,1.00
2014.03.18 08:11:26.732,1.41316,1.41318,1.00,1.00
2014.03.18 08:11:30.747,1.41312,1.41318,1.19,1.88
2014.03.18 08:11:30.798,1.41311,1.41313,1.50,1.13
2014.03.18 08:11:30.900,1.41311,1.41312,1.25,1.00
2014.03.18 08:11:31.053,1.41307,1.41311,1.32,1.38
2014.03.18 08:11:31.104,1.41306,1.41309,2.07,1.50
2014.03.18 08:11:31.559,1.41304,1.4131,1.57,1.00
2014.03.18 08:11:31.863,1.41305,1.4131,1.19,1.38
2014.03.18 08:11:36.004,1.41305,1.41309,1.19,4.88
2014.03.18 08:11:36.206,1.41303,1.41306,1.00,1.50
2014.03.18 08:11:36.257,1.41303,1.41306,1.00,1.00
2014.03.18 08:11:36.516,1.41305,1.41308,1.00,1.50
2014.03.18 08:11:38.287,1.41302,1.41308,1.25,2.82
2014.03.18 08:11:38.804,1.41302,1.41306,1.25,1.00
2014.03.18 08:11:41.579,1.41303,1.41306,1.19,1.00
2014.03.18 08:11:41.883,1.41306,1.41308,1.19,1.00
2014.03.18 08:11:42.237,1.41305,1.41312,2.44,2.07
2014.03.18 08:11:43.605,1.41307,1.41311,1.19,1.00
2014.03.18 08:11:44.693,1.41307,1.4131,1.19,1.00
2014.03.18 08:11:44.896,1.41307,1.41308,1.00,1.00
2014.03.18 08:11:44.947,1.41304,1.41308,1.25,1.00
2014.03.18 08:11:45.909,1.41303,1.41306,1.19,1.00
2014.03.18 08:11:45.960,1.413,1.41306,2.07,1.38
2014.03.18 08:11:46.213,1.413,1.41302,2.07,1.00
2014.03.18 08:11:46.467,1.41297,1.41301,2.07,1.00
2014.03.18 08:11:46.672,1.41295,1.41298,2.44,1.00
2014.03.18 08:11:46.727,1.41295,1.41297,1.00,1.00
2014.03.18 08:11:46.879,1.41292,1.41297,1.19,2.25
2014.03.18 08:11:47.382,1.41292,1.41296,1.19,1.00
2014.03.18 08:11:47.846,1.41293,1.41298,1.25,2.25
2014.03.18 08:11:48.352,1.41294,1.41299,1.00,2.44
2014.03.18 08:11:48.808,1.41294,1.41297,1.00,1.00
2014.03.18 08:11:48.960,1.41291,1.41297,1.00,1.69
2014.03.18 08:11:49.477,1.41291,1.41296,1.00,1.00
2014.03.18 08:11:49.629,1.41294,1.41296,1.00,1.00
2014.03.18 08:11:50.034,1.41292,1.41298,1.00,1.19
2014.03.18 08:11:50.291,1.41294,1.41298,1.00,1.19
2014.03.18 08:11:50.594,1.41292,1.41298,1.00,1.19
2014.03.18 08:11:51.202,1.41294,1.41298,1.50,1.19
2014.03.18 08:11:51.354,1.41296,1.41302,1.00,3.19
2014.03.18 08:11:51.606,1.41296,1.41302,1.88,1.69
2014.03.18 08:11:52.139,1.41298,1.41302,1.00,1.69
2014.03.18 08:11:52.665,1.41296,1.41303,1.88,1.19
2014.03.18 08:11:53.182,1.41296,1.41303,1.00,2.44
2014.03.18 08:11:53.688,1.41294,1.41303,4.32,2.44
2014.03.18 08:11:53.890,1.41294,1.41297,1.19,1.00
2014.03.18 08:11:54.397,1.41292,1.41295,1.19,1.00
2014.03.18 08:11:54.448,1.41291,1.41293,1.13,1.00
2014.03.18 08:11:55.054,1.41287,1.41293,1.19,2.25
2014.03.18 08:11:55.208,1.41287,1.41293,1.19,4.13
2014.03.18 08:11:55.259,1.41286,1.41288,1.00,1.00
2014.03.18 08:11:55.462,1.4128,1.41286,6.94,1.00
2014.03.18 08:11:55.615,1.41281,1.41287,1.25,1.69
2014.03.18 08:11:56.186,1.41283,1.41289,1.13,2.44
2014.03.18 08:11:56.726,1.41284,1.41289,1.00,1.19
2014.03.18 08:11:57.238,1.41283,1.41289,1.13,1.19
2014.03.18 08:11:57.693,1.41281,1.41289,1.25,1.69
2014.03.18 08:11:58.099,1.4128,1.41283,1.69,1.00
2014.03.18 08:11:58.605,1.4128,1.41283,1.00,1.00
2014.03.18 08:11:58.706,1.41281,1.41287,1.19,1.88
2014.03.18 08:11:58.757,1.41282,1.41289,1.69,1.69
2014.03.18 08:11:58.965,1.41282,1.41289,2.82,1.69
2014.03.18 08:11:59.168,1.41284,1.41292,1.32,5.07
2014.03.18 08:11:59.689,1.41285,1.41292,1.25,3.19
2014.03.18 08:12:00.183,1.41283,1.4129,1.88,1.88
2014.03.18 08:12:00.436,1.41285,1.41292,1.25,3.57
2014.03.18 08:12:00.632,1.41287,1.41292,1.00,1.19
2014.03.18 08:12:00.683,1.41287,1.41293,1.69,1.25
2014.03.18 08:12:00.836,1.41289,1.41294,1.00,1.69
2014.03.18 08:12:01.140,1.41292,1.41294,1.00,1.00
2014.03.18 08:12:01.444,1.41287,1.4129,1.50,5.67
2014.03.18 08:12:01.495,1.41285,1.41287,1.50,1.50
2014.03.18 08:12:01.699,1.41282,1.41284,1.00,2.25
2014.03.18 08:12:02.104,1.4128,1.41284,2.82,1.00
2014.03.18 08:12:02.206,1.4128,1.41284,4.69,1.00
2014.03.18 08:12:02.469,1.4128,1.41287,5.07,1.25
2014.03.18 08:12:02.775,1.41283,1.41287,1.50,1.25
2014.03.18 08:12:03.281,1.41285,1.41287,3.38,1.00
2014.03.18 08:12:03.382,1.4128,1.41287,2.44,1.00
2014.03.18 08:12:03.736,1.4128,1.41285,1.57,1.30
2014.03.18 08:12:04.149,1.41278,1.41284,2.82,1.88
2014.03.18 08:12:04.655,1.41281,1.41283,1.50,1.13
2014.03.18 08:12:05.034,1.41278,1.41281,1.57,1.50
2014.03.18 08:12:05.540,1.41275,1.41281,4.32,1.50
2014.03.18 08:12:05.590,1.41275,1.4128,2.07,1.00
2014.03.18 08:12:06.164,1.41274,1.4128,1.57,1.60
2014.03.18 08:12:06.266,1.41272,1.41276,2.44,1.00
2014.03.18 08:12:06.571,1.41267,1.41273,2.63,3.25
2014.03.18 08:12:07.077,1.41267,1.41271,5.63,1.00
2014.03.18 08:12:07.431,1.41267,1.41271,2.63,1.50
2014.03.18 08:12:07.684,1.41265,1.41267,3.00,1.00
2014.03.18 08:12:08.976,1.41262,1.41265,4.88,1.50
2014.03.18 08:12:09.493,1.41262,1.41264,4.88,1.00
2014.03.18 08:12:09.595,1.4126,1.41264,3.00,1.50
2014.03.18 08:12:09.848,1.41258,1.41263,5.25,1.69
2014.03.18 08:12:10.201,1.41259,1.41261,4.13,2.25
2014.03.18 08:12:10.957,1.41256,1.41261,1.00,2.25
2014.03.18 08:12:11.885,1.41254,1.41261,1.63,2.25
2014.03.18 08:12:12.181,1.41254,1.41257,1.38,1.00
2014.03.18 08:12:12.486,1.41252,1.41257,1.25,1.00
2014.03.18 08:12:12.989,1.41252,1.41258,1.63,1.00
2014.03.18 08:12:15.080,1.41251,1.41258,2.07,1.50
2014.03.18 08:12:15.605,1.41251,1.41258,3.57,1.25
2014.03.18 08:12:15.821,1.41253,1.41258,1.50,1.25
2014.03.18 08:12:16.336,1.41253,1.41258,2.07,1.00
2014.03.18 08:12:18.829,1.41253,1.4126,2.82,1.25
2014.03.18 08:12:19.188,1.41256,1.41261,1.00,1.19
2014.03.18 08:12:19.340,1.41254,1.41262,2.07,1.19
2014.03.18 08:12:19.643,1.41256,1.41262,1.00,1.19
2014.03.18 08:12:19.745,1.41256,1.41263,2.07,1.69
2014.03.18 08:12:19.897,1.41257,1.41264,2.82,1.69
2014.03.18 08:12:20.050,1.41258,1.41265,2.07,1.13
2014.03.18 08:12:20.555,1.41259,1.41265,1.57,1.13
2014.03.18 08:12:21.079,1.41259,1.41267,2.07,1.69
2014.03.18 08:12:21.995,1.4126,1.41268,1.57,1.25
2014.03.18 08:12:22.641,1.41268,1.41272,1.00,2.07
2014.03.18 08:12:22.945,1.41268,1.41272,1.88,8.07
2014.03.18 08:12:23.097,1.41269,1.41274,2.48,1.00
2014.03.18 08:12:28.786,1.41269,1.41273,1.19,2.10
2014.03.18 08:12:28.988,1.41264,1.41269,1.19,1.50
2014.03.18 08:12:29.090,1.41262,1.41269,2.44,1.50
2014.03.18 08:12:29.141,1.41262,1.41267,3.19,1.00
2014.03.18 08:12:29.242,1.41262,1.41269,5.07,1.50
2014.03.18 08:12:29.748,1.41262,1.41268,1.57,1.35
2014.03.18 08:12:30.266,1.41262,1.41268,1.19,2.48
2014.03.18 08:12:30.620,1.41263,1.41269,1.25,1.13
2014.03.18 08:12:30.722,1.41262,1.41269,2.44,1.73
2014.03.18 08:12:31.394,1.41262,1.41267,1.00,1.13
2014.03.18 08:12:31.495,1.41263,1.41269,1.00,1.88
2014.03.18 08:12:32.051,1.41263,1.41269,1.00,1.60
2014.03.18 08:12:32.556,1.41262,1.41267,1.00,1.00
2014.03.18 08:12:33.080,1.4126,1.41267,3.57,1.88
2014.03.18 08:12:33.989,1.41262,1.41267,1.00,2.10
2014.03.18 08:12:34.580,1.41262,1.41267,1.00,1.38
2014.03.18 08:12:35.138,1.41262,1.41269,1.38,1.50
2014.03.18 08:12:35.643,1.41263,1.4127,2.07,1.50
2014.03.18 08:12:35.896,1.41266,1.4127,1.00,1.00
2014.03.18 08:12:36.115,1.41266,1.41272,1.13,3.00
2014.03.18 08:12:36.621,1.41264,1.41271,2.07,2.07
2014.03.18 08:12:36.774,1.41264,1.41269,1.19,1.50
2014.03.18 08:12:36.875,1.41262,1.41269,2.07,2.25
2014.03.18 08:12:37.382,1.41261,1.41268,1.69,1.13
2014.03.18 08:12:37.888,1.41261,1.41268,1.50,1.92
2014.03.18 08:12:38.994,1.4126,1.41268,1.69,1.92
2014.03.18 08:12:39.828,1.4126,1.41265,1.25,1.00
2014.03.18 08:12:40.384,1.41258,1.41265,1.69,1.25
2014.03.18 08:12:41.399,1.41258,1.41265,1.69,1.25
2014.03.18 08:12:45.686,1.41257,1.41264,1.69,1.00
2014.03.18 08:12:46.622,1.41259,1.41264,1.19,1.00
2014.03.18 08:12:53.055,1.4126,1.41264,1.19,1.00
2014.03.18 08:12:53.610,1.41261,1.41266,1.19,2.10
2014.03.18 08:12:53.846,1.41262,1.41268,2.44,2.85
2014.03.18 08:12:54.351,1.41262,1.41266,2.44,1.00
2014.03.18 08:12:54.857,1.41262,1.41265,1.69,1.13
2014.03.18 08:12:56.087,1.41261,1.41268,1.32,3.98
2014.03.18 08:12:56.679,1.41257,1.41265,1.50,1.50
2014.03.18 08:12:56.932,1.41252,1.41257,1.00,8.01
2014.03.18 08:12:57.034,1.41246,1.41249,1.00,1.00
2014.03.18 08:12:57.136,1.41245,1.41247,1.00,1.00
2014.03.18 08:12:57.491,1.41243,1.41246,1.00,2.07
2014.03.18 08:12:58.152,1.41239,1.41244,1.00,1.00
2014.03.18 08:12:59.452,1.41239,1.41246,1.00,2.44
2014.03.18 08:13:00.786,1.41239,1.41245,1.63,1.50
2014.03.18 08:13:01.292,1.41239,1.41245,1.32,1.50
2014.03.18 08:13:01.798,1.41239,1.41246,1.32,2.44
2014.03.18 08:13:02.332,1.4124,1.41246,1.50,1.25
2014.03.18 08:13:02.736,1.4124,1.41247,1.00,3.94
2014.03.18 08:13:03.243,1.41238,1.41244,3.57,1.00
2014.03.18 08:13:03.574,1.41237,1.4124,1.50,1.00
2014.03.18 08:13:03.625,1.41237,1.4124,1.19,1.00
2014.03.18 08:13:03.778,1.41237,1.41242,1.19,1.00
2014.03.18 08:13:04.083,1.41235,1.41242,2.44,1.25
2014.03.18 08:13:04.388,1.41238,1.41242,1.00,1.25
2014.03.18 08:13:04.896,1.41239,1.41244,1.13,1.32
2014.03.18 08:13:05.200,1.4124,1.41244,2.63,1.32
2014.03.18 08:13:05.557,1.41236,1.41241,1.25,1.00
2014.03.18 08:13:05.810,1.41238,1.41244,1.00,2.44
2014.03.18 08:13:06.324,1.41239,1.41244,1.50,1.32
2014.03.18 08:13:06.476,1.41239,1.41246,3.94,1.30
2014.03.18 08:13:09.406,1.4124,1.41247,1.19,1.23
2014.03.18 08:13:10.654,1.41243,1.41247,1.50,1.23
2014.03.18 08:13:10.958,1.41247,1.41249,1.73,1.13
2014.03.18 08:13:11.212,1.4125,1.41257,2.63,2.07
2014.03.18 08:13:11.726,1.41248,1.41255,3.19,1.00
2014.03.18 08:13:12.233,1.4125,1.41254,2.25,1.00
2014.03.18 08:13:12.335,1.4125,1.41256,1.00,2.07
2014.03.18 08:13:12.841,1.41251,1.41257,1.00,1.19
2014.03.18 08:13:13.659,1.41251,1.41258,1.00,2.44
2014.03.18 08:13:14.521,1.4125,1.41258,2.82,3.19
2014.03.18 08:13:15.027,1.41249,1.41256,2.82,1.50
2014.03.18 08:13:15.567,1.41249,1.41256,2.82,1.00
2014.03.18 08:13:15.869,1.41248,1.41255,1.69,2.07
2014.03.18 08:13:16.404,1.41248,1.41254,1.25,1.00
2014.03.18 08:13:17.355,1.41247,1.41252,1.00,1.25
2014.03.18 08:13:18.579,1.41246,1.41251,1.13,1.69
2014.03.18 08:13:18.883,1.41244,1.41248,1.69,3.00
2014.03.18 08:13:19.187,1.41238,1.41243,1.88,1.19
2014.03.18 08:13:19.237,1.41236,1.41243,2.44,1.19
2014.03.18 08:13:20.177,1.41236,1.41242,1.50,1.69
2014.03.18 08:13:20.735,1.41236,1.4124,1.00,1.00
2014.03.18 08:13:21.268,1.41235,1.4124,1.25,1.00
2014.03.18 08:13:21.915,1.41235,1.41241,1.25,1.32
2014.03.18 08:13:22.763,1.41233,1.41241,2.07,1.00
2014.03.18 08:13:23.450,1.41236,1.41241,1.00,1.00
2014.03.18 08:13:23.754,1.4124,1.41247,1.00,3.42
2014.03.18 08:13:23.805,1.4124,1.41247,1.00,1.92
2014.03.18 08:13:23.907,1.4124,1.41246,1.38,1.05
2014.03.18 08:13:24.552,1.4124,1.41247,2.82,1.35
2014.03.18 08:13:25.113,1.4124,1.41247,2.82,1.60
2014.03.18 08:13:25.713,1.4124,1.41247,3.57,1.35
2014.03.18 08:13:26.018,1.4124,1.41245,1.19,1.00
2014.03.18 08:13:26.322,1.41237,1.41243,1.25,1.00
2014.03.18 08:13:27.633,1.41236,1.41243,1.25,2.25
2014.03.18 08:13:28.925,1.41236,1.41242,1.25,1.00
2014.03.18 08:13:30.764,1.41235,1.4124,1.19,1.50
2014.03.18 08:13:30.998,1.41232,1.41238,1.25,1.00
2014.03.18 08:13:32.118,1.41232,1.41238,1.00,1.50
2014.03.18 08:13:32.472,1.4123,1.41234,1.50,1.00
2014.03.18 08:13:32.978,1.41229,1.41234,2.44,1.00
2014.03.18 08:13:33.181,1.4123,1.41236,1.00,1.13
2014.03.18 08:13:33.739,1.41231,1.41236,1.00,1.00
2014.03.18 08:13:34.512,1.41232,1.41236,1.00,1.00
2014.03.18 08:13:34.664,1.41232,1.41238,1.25,1.88
2014.03.18 08:13:35.170,1.41233,1.41239,1.00,3.38
2014.03.18 08:13:35.674,1.41233,1.41239,1.69,3.75
2014.03.18 08:13:36.245,1.41235,1.41239,1.00,2.25
2014.03.18 08:13:37.694,1.41233,1.41239,1.25,1.50
2014.03.18 08:13:37.949,1.41233,1.41237,1.00,1.00
2014.03.18 08:13:38.000,1.41231,1.41237,1.25,1.00
2014.03.18 08:13:38.666,1.41231,1.41237,1.00,3.00
2014.03.18 08:13:39.171,1.41231,1.41239,2.38,3.94
2014.03.18 08:13:39.679,1.41231,1.41239,4.32,1.69
2014.03.18 08:13:40.133,1.41231,1.41235,3.57,2.25
2014.03.18 08:13:40.235,1.41231,1.41235,2.13,1.50
2014.03.18 08:13:40.286,1.41231,1.41233,1.32,3.00
2014.03.18 08:13:40.389,1.41231,1.41235,1.25,1.00
2014.03.18 08:13:40.541,1.41231,1.41237,1.32,1.00
2014.03.18 08:13:40.592,1.41231,1.41237,2.32,1.00
2014.03.18 08:13:40.896,1.41232,1.41241,4.19,3.98
2014.03.18 08:13:41.098,1.41232,1.41239,2.50,2.44
2014.03.18 08:13:41.322,1.41231,1.41237,1.32,1.00
2014.03.18 08:13:42.407,1.41231,1.41237,2.07,1.00
2014.03.18 08:13:42.458,1.41231,1.41239,3.57,1.69
2014.03.18 08:13:42.509,1.41231,1.41239,4.57,1.25
2014.03.18 08:13:42.610,1.41231,1.41239,4.70,1.25
2014.03.18 08:13:42.812,1.41233,1.41239,3.63,1.25
2014.03.18 08:13:43.227,1.41233,1.41239,3.44,1.00
2014.03.18 08:13:45.479,1.41235,1.41239,5.50,1.00
2014.03.18 08:13:45.580,1.41237,1.41244,2.50,1.69
2014.03.18 08:13:45.934,1.41241,1.41243,1.19,1.00
2014.03.18 08:13:48.396,1.41242,1.41248,1.00,3.00
2014.03.18 08:13:48.599,1.41242,1.41249,1.00,1.25
2014.03.18 08:13:48.650,1.41244,1.41249,1.00,1.00
2014.03.18 08:13:49.171,1.41244,1.4125,2.25,1.00
2014.03.18 08:13:51.471,1.41244,1.41251,2.25,1.25
2014.03.18 08:13:51.774,1.41245,1.41251,1.19,1.00
2014.03.18 08:13:53.461,1.41245,1.41253,2.44,3.38
2014.03.18 08:13:54.588,1.41249,1.41253,1.00,1.50
2014.03.18 08:13:55.161,1.41249,1.41255,1.00,1.50
2014.03.18 08:13:56.478,1.41251,1.41255,1.00,1.50
2014.03.18 08:13:56.983,1.41251,1.41254,2.25,1.00
2014.03.18 08:13:57.286,1.41253,1.41255,1.00,1.50
2014.03.18 08:13:58.284,1.41253,1.41255,1.00,1.30
2014.03.18 08:13:58.789,1.41251,1.41255,1.19,2.78
2014.03.18 08:13:59.294,1.41251,1.41254,1.19,2.03
2014.03.18 08:14:00.290,1.41249,1.41253,1.19,4.24
2014.03.18 08:14:00.695,1.41247,1.41251,2.44,2.03
2014.03.18 08:14:01.227,1.41245,1.41247,1.88,1.92
2014.03.18 08:14:01.379,1.41243,1.41247,1.69,1.43
2014.03.18 08:14:03.013,1.41242,1.41246,1.69,1.13
2014.03.18 08:14:05.431,1.41242,1.41246,1.69,1.22
2014.03.18 08:14:05.684,1.41244,1.41246,1.19,1.13
2014.03.18 08:14:06.089,1.41244,1.41248,1.19,1.50
2014.03.18 08:14:07.432,1.41245,1.4125,2.44,1.00
2014.03.18 08:14:08.585,1.41247,1.4125,1.00,1.60
2014.03.18 08:14:09.200,1.41248,1.4125,1.25,1.13
2014.03.18 08:14:10.624,1.41247,1.41252,1.19,1.57
2014.03.18 08:14:10.726,1.41247,1.41253,1.19,3.23
2014.03.18 08:14:12.413,1.41245,1.41253,1.97,4.17
2014.03.18 08:14:13.127,1.41245,1.41251,1.97,1.00
2014.03.18 08:14:14.701,1.41245,1.4125,1.19,1.00
2014.03.18 08:14:15.206,1.41244,1.4125,1.19,1.50
2014.03.18 08:14:19.848,1.41243,1.4125,2.44,2.07
2014.03.18 08:14:20.153,1.41247,1.41253,1.19,1.38
2014.03.18 08:14:20.694,1.41246,1.41253,1.19,2.48
2014.03.18 08:14:21.002,1.41246,1.41251,1.19,1.00
2014.03.18 08:14:21.486,1.41249,1.41253,1.00,2.10
2014.03.18 08:14:22.068,1.41246,1.41252,1.25,1.00
2014.03.18 08:14:22.163,1.41246,1.41252,1.19,1.00
2014.03.18 08:14:24.787,1.41246,1.41253,1.19,3.60
2014.03.18 08:14:25.091,1.41245,1.41253,2.07,4.54
2014.03.18 08:14:25.344,1.41245,1.41252,2.07,1.44
2014.03.18 08:14:26.726,1.41245,1.4125,1.19,1.43
2014.03.18 08:14:27.751,1.41245,1.4125,1.19,2.48
2014.03.18 08:14:27.903,1.41244,1.41247,1.00,2.29
2014.03.18 08:14:28.005,1.41242,1.41245,1.00,1.24
2014.03.18 08:14:28.056,1.4124,1.41244,1.00,1.69
2014.03.18 08:14:28.309,1.41236,1.41242,1.25,1.44
2014.03.18 08:14:28.562,1.41234,1.41238,1.19,1.00
2014.03.18 08:14:28.867,1.41234,1.41236,1.00,1.25
2014.03.18 08:14:28.918,1.41231,1.41236,1.69,1.25
2014.03.18 08:14:29.425,1.41231,1.41235,1.69,1.13
2014.03.18 08:14:30.409,1.41231,1.41232,1.00,1.00
2014.03.18 08:14:30.511,1.41228,1.41231,1.69,1.00
2014.03.18 08:14:31.262,1.41227,1.4123,1.19,1.00
2014.03.18 08:14:31.849,1.41227,1.41231,1.19,1.00
2014.03.18 08:14:32.355,1.41228,1.4123,1.69,1.00
2014.03.18 08:14:33.036,1.41226,1.41229,1.50,1.00
2014.03.18 08:14:33.137,1.41224,1.41226,1.35,1.00
2014.03.18 08:14:33.645,1.41222,1.41226,1.19,1.60
2014.03.18 08:14:34.208,1.41222,1.41226,1.00,3.47
2014.03.18 08:14:34.770,1.41219,1.41225,1.69,1.88
2014.03.18 08:14:35.613,1.4122,1.41225,2.29,1.88
2014.03.18 08:14:36.250,1.41219,1.41225,1.00,2.82
2014.03.18 08:14:36.453,1.41219,1.41221,1.00,1.00
2014.03.18 08:14:36.555,1.41216,1.41221,2.10,1.50
2014.03.18 08:14:36.656,1.41216,1.41218,1.35,1.25
2014.03.18 08:14:36.808,1.41213,1.41218,2.10,1.25
2014.03.18 08:14:36.960,1.41213,1.41218,1.50,1.63
2014.03.18 08:14:37.466,1.41213,1.41218,1.00,2.07
2014.03.18 08:14:37.517,1.41211,1.41217,1.32,1.38
2014.03.18 08:14:37.568,1.4121,1.41213,1.00,1.00
2014.03.18 08:14:37.873,1.41208,1.41213,1.05,1.88
2014.03.18 08:14:37.924,1.41206,1.41212,1.30,1.19
2014.03.18 08:14:38.026,1.41208,1.41212,1.00,1.19
2014.03.18 08:14:38.127,1.41208,1.41213,1.25,1.13
2014.03.18 08:14:38.279,1.41208,1.41211,2.67,1.00
2014.03.18 08:14:38.583,1.41212,1.41214,1.00,1.63
2014.03.18 08:14:39.089,1.41211,1.41214,1.00,1.38
2014.03.18 08:14:39.415,1.41209,1.41216,1.25,2.07
2014.03.18 08:14:39.925,1.4121,1.41216,1.00,2.07
2014.03.18 08:14:40.287,1.4121,1.41216,1.00,1.57
2014.03.18 08:14:40.558,1.41211,1.41216,1.25,1.75
2014.03.18 08:14:40.864,1.41209,1.41214,1.57,1.00
2014.03.18 08:14:40.915,1.41209,1.41217,1.19,1.57
2014.03.18 08:14:41.420,1.41211,1.41216,1.00,1.32
2014.03.18 08:14:42.781,1.41211,1.41217,1.69,1.38
2014.03.18 08:14:43.035,1.41212,1.41219,1.69,2.07
2014.03.18 08:14:43.187,1.41217,1.41219,1.00,1.00
2014.03.18 08:14:43.541,1.41218,1.4122,1.00,1.50
2014.03.18 08:14:43.694,1.41215,1.41219,2.07,1.00
2014.03.18 08:14:43.846,1.41214,1.41217,1.00,2.25
2014.03.18 08:14:43.897,1.41213,1.41217,1.00,2.25
2014.03.18 08:14:44.353,1.41213,1.41216,1.38,1.50
2014.03.18 08:14:44.707,1.41214,1.41222,2.82,1.25
2014.03.18 08:14:45.212,1.41216,1.41222,1.00,2.82
2014.03.18 08:14:45.355,1.41216,1.4122,1.00,1.00
2014.03.18 08:14:45.867,1.41215,1.4122,1.32,1.60
2014.03.18 08:14:47.159,1.41215,1.41221,1.32,1.00
2014.03.18 08:14:47.817,1.41218,1.41223,1.50,1.38
2014.03.18 08:14:48.121,1.4122,1.41224,1.00,1.00
2014.03.18 08:14:48.633,1.41221,1.41227,1.19,1.88
2014.03.18 08:14:48.939,1.41228,1.4123,1.00,1.50
2014.03.18 08:14:49.244,1.41227,1.4123,2.25,1.00
2014.03.18 08:14:49.541,1.41227,1.41234,2.25,1.35
2014.03.18 08:14:50.374,1.41227,1.41235,1.25,5.85
2014.03.18 08:14:51.064,1.41227,1.41235,3.19,3.98
2014.03.18 08:14:51.569,1.41227,1.41235,3.19,3.23
2014.03.18 08:14:52.415,1.41227,1.41235,3.19,2.85
2014.03.18 08:14:53.150,1.41227,1.41234,3.94,2.10
2014.03.18 08:14:53.555,1.41227,1.41231,1.19,1.00
2014.03.18 08:14:53.606,1.41225,1.41231,1.32,3.38
2014.03.18 08:14:54.112,1.41224,1.4123,1.19,2.10
2014.03.18 08:14:54.605,1.41224,1.41228,1.19,1.00
2014.03.18 08:14:54.706,1.41223,1.41228,1.25,1.50
2014.03.18 08:14:55.477,1.41222,1.41226,1.69,1.50
2014.03.18 08:14:56.026,1.41221,1.41226,1.69,1.50
2014.03.18 08:14:56.678,1.41221,1.41228,1.69,1.88
2014.03.18 08:14:57.499,1.41221,1.41228,1.69,2.63
2014.03.18 08:14:58.006,1.41221,1.41225,1.00,1.00
2014.03.18 08:14:59.349,1.41221,1.41228,1.00,2.25
2014.03.18 08:14:59.502,1.41222,1.41228,1.19,1.50
2014.03.18 08:14:59.755,1.41224,1.4123,1.00,1.00
2014.03.18 08:15:01.188,1.41224,1.41232,1.25,3.75
2014.03.18 08:15:01.645,1.41226,1.41232,1.50,3.00
2014.03.18 08:15:01.949,1.41228,1.41235,1.69,1.13
2014.03.18 08:15:02.455,1.41229,1.41235,1.00,1.13
2014.03.18 08:15:02.758,1.41226,1.41233,2.07,1.00
2014.03.18 08:15:03.266,1.41225,1.41233,2.07,1.13
2014.03.18 08:15:03.854,1.41227,1.41233,1.50,1.13
2014.03.18 08:15:04.375,1.41225,1.41233,3.94,1.32
2014.03.18 08:15:04.981,1.41225,1.41232,3.19,1.00
2014.03.18 08:15:06.414,1.41225,1.41231,1.19,2.35
2014.03.18 08:15:06.919,1.41225,1.4123,1.19,1.38
2014.03.18 08:15:07.444,1.41224,1.4123,1.19,1.38
2014.03.18 08:15:08.019,1.41221,1.41229,1.69,2.82
2014.03.18 08:15:08.121,1.41221,1.41227,1.50,4.69
2014.03.18 08:15:08.425,1.41214,1.4122,2.63,1.25
2014.03.18 08:15:08.476,1.41213,1.4122,2.07,1.69
2014.03.18 08:15:08.982,1.41213,1.4122,1.63,2.07
2014.03.18 08:15:09.040,1.41213,1.4122,1.25,2.07
2014.03.18 08:15:09.586,1.41213,1.4122,1.25,1.69
2014.03.18 08:15:10.779,1.41213,1.41215,1.25,1.00
2014.03.18 08:15:11.083,1.41204,1.41209,1.77,2.50
2014.03.18 08:15:11.236,1.41202,1.41204,3.00,1.00
2014.03.18 08:15:11.540,1.41187,1.41192,1.00,6.75
2014.03.18 08:15:11.592,1.41187,1.41189,1.00,1.50
2014.03.18 08:15:11.693,1.41186,1.41188,1.00,1.50
2014.03.18 08:15:12.199,1.41187,1.41189,1.38,1.00
2014.03.18 08:15:12.250,1.41189,1.41191,1.00,1.00
2014.03.18 08:15:12.453,1.4119,1.41193,1.00,1.88
2014.03.18 08:15:12.605,1.41188,1.41193,1.00,2.18
2014.03.18 08:15:13.393,1.41187,1.41193,1.32,1.43
2014.03.18 08:15:13.901,1.41187,1.41195,1.32,4.17
2014.03.18 08:15:13.951,1.4119,1.41195,1.00,3.49
2014.03.18 08:15:14.459,1.4119,1.41195,1.50,1.00
2014.03.18 08:15:14.763,1.41196,1.41199,1.50,1.00
2014.03.18 08:15:14.815,1.41197,1.41199,1.50,1.00
2014.03.18 08:15:14.866,1.41198,1.412,1.50,1.13
2014.03.18 08:15:15.372,1.41197,1.412,1.19,1.00
2014.03.18 08:15:16.231,1.41197,1.41201,1.32,1.00
2014.03.18 08:15:16.433,1.41197,1.41203,1.32,1.00
2014.03.18 08:15:17.040,1.41198,1.41205,2.44,1.32
2014.03.18 08:15:17.142,1.41202,1.41205,1.00,1.32
2014.03.18 08:15:17.294,1.41202,1.41208,1.50,1.57
2014.03.18 08:15:17.345,1.41202,1.41205,2.25,1.00
2014.03.18 08:15:17.547,1.412,1.41204,2.44,1.50
2014.03.18 08:15:17.820,1.41198,1.41203,1.00,1.88
2014.03.18 08:15:18.073,1.41195,1.41201,1.19,1.00
2014.03.18 08:15:18.124,1.41194,1.41201,1.32,1.50
2014.03.18 08:15:18.226,1.41195,1.41198,1.00,1.00
2014.03.18 08:15:18.529,1.41196,1.41201,1.38,1.00
2014.03.18 08:15:18.681,1.41195,1.41201,1.00,1.00
2014.03.18 08:15:18.886,1.41195,1.41198,1.00,1.00
2014.03.18 08:15:19.392,1.41195,1.41199,1.00,1.25
2014.03.18 08:15:20.828,1.41195,1.412,1.00,2.82
2014.03.18 08:15:21.335,1.41196,1.41199,1.00,1.69
2014.03.18 08:15:22.145,1.41196,1.41197,1.00,1.00
2014.03.18 08:15:22.351,1.41193,1.41197,1.00,1.50
2014.03.18 08:15:22.858,1.41194,1.41197,1.00,1.88
2014.03.18 08:15:23.108,1.41192,1.41197,1.25,1.88
2014.03.18 08:15:24.223,1.41192,1.41199,1.69,2.07
2014.03.18 08:15:24.445,1.41191,1.41195,2.44,1.00
2014.03.18 08:15:24.749,1.41191,1.41193,1.00,1.19
2014.03.18 08:15:24.850,1.41187,1.41191,1.88,1.50
2014.03.18 08:15:25.356,1.41185,1.41192,2.44,1.32
2014.03.18 08:15:25.558,1.41185,1.41191,1.19,1.00
2014.03.18 08:15:26.079,1.41184,1.41192,3.57,1.63
2014.03.18 08:15:26.383,1.41188,1.41193,1.19,1.38
2014.03.18 08:15:26.585,1.41188,1.41195,1.69,2.82
2014.03.18 08:15:27.247,1.41186,1.41192,1.25,1.25
2014.03.18 08:15:27.487,1.41181,1.4119,4.54,3.19
2014.03.18 08:15:29.355,1.41181,1.4119,2.82,3.94
2014.03.18 08:15:29.660,1.41181,1.41183,1.05,1.00
2014.03.18 08:15:29.711,1.41181,1.41185,1.05,1.50
2014.03.18 08:15:29.862,1.41179,1.41183,1.57,1.00
2014.03.18 08:15:30.116,1.41175,1.41179,2.07,1.38
2014.03.18 08:15:30.168,1.41175,1.41179,2.07,1.38
2014.03.18 08:15:30.220,1.41174,1.41176,1.50,1.00
2014.03.18 08:15:30.575,1.41172,1.41175,1.25,1.00
2014.03.18 08:15:31.781,1.41171,1.41176,2.44,1.00
2014.03.18 08:15:31.885,1.41171,1.41173,1.50,1.00
2014.03.18 08:15:32.189,1.41173,1.41175,2.75,1.13
2014.03.18 08:15:32.898,1.41172,1.41176,2.07,1.00
2014.03.18 08:15:33.303,1.41172,1.41174,1.50,1.00
2014.03.18 08:15:33.657,1.41172,1.41175,1.19,1.00
2014.03.18 08:15:34.062,1.4117,1.41175,1.32,1.88
2014.03.18 08:15:34.113,1.4117,1.41172,1.32,1.00
2014.03.18 08:15:34.517,1.4117,1.41174,1.32,1.00
2014.03.18 08:15:35.391,1.41171,1.41174,1.50,1.00
2014.03.18 08:15:35.898,1.4117,1.41175,1.88,1.38
2014.03.18 08:15:36.088,1.4117,1.41174,1.19,2.25
2014.03.18 08:15:36.141,1.41169,1.41174,1.00,2.44
2014.03.18 08:15:36.192,1.41167,1.41174,1.25,2.44
2014.03.18 08:15:36.596,1.41167,1.41173,1.69,2.48
2014.03.18 08:15:36.914,1.41169,1.41173,1.25,1.88
2014.03.18 08:15:37.510,1.4117,1.41173,1.00,1.00
2014.03.18 08:15:37.663,1.41171,1.41177,1.00,1.19
2014.03.18 08:15:37.866,1.41171,1.41178,1.69,3.38
2014.03.18 08:15:38.280,1.41173,1.41179,1.19,1.38
2014.03.18 08:15:38.583,1.41179,1.41183,1.50,1.38
2014.03.18 08:15:38.753,1.41179,1.41184,1.50,1.00
2014.03.18 08:15:39.213,1.41181,1.41184,1.50,1.00
2014.03.18 08:15:39.314,1.41181,1.41186,1.69,1.00
2014.03.18 08:15:39.415,1.41183,1.41188,1.00,1.50
2014.03.18 08:15:39.618,1.41183,1.4119,1.50,1.00
2014.03.18 08:15:39.668,1.41185,1.41191,1.50,2.25
2014.03.18 08:15:39.921,1.41183,1.4119,1.50,1.00
2014.03.18 08:15:41.369,1.41186,1.4119,1.00,1.13
2014.03.18 08:15:41.876,1.41185,1.4119,1.00,1.00
2014.03.18 08:15:42.432,1.41186,1.4119,1.00,1.00
2014.03.18 08:15:42.635,1.41188,1.41193,1.00,1.50
2014.03.18 08:15:42.737,1.41188,1.41195,1.00,1.50
2014.03.18 08:15:43.243,1.41187,1.41194,1.13,1.88
2014.03.18 08:15:43.748,1.41188,1.41193,1.00,1.00
2014.03.18 08:15:44.482,1.41188,1.41192,1.00,1.00
2014.03.18 08:15:44.991,1.41188,1.41193,1.00,2.25
2014.03.18 08:15:45.517,1.41186,1.41193,1.19,2.25
2014.03.18 08:15:46.973,1.41186,1.41193,1.69,2.54
2014.03.18 08:15:47.277,1.41182,1.41186,5.07,1.00
2014.03.18 08:15:47.429,1.41182,1.41189,1.69,1.00
2014.03.18 08:15:47.531,1.41183,1.41187,1.25,1.00
2014.03.18 08:15:47.733,1.41184,1.4119,1.00,1.88
2014.03.18 08:15:47.835,1.41184,1.4119,1.00,1.88
2014.03.18 08:15:47.937,1.41182,1.4119,3.94,2.63
2014.03.18 08:15:48.392,1.41182,1.41186,3.19,1.00
2014.03.18 08:15:48.796,1.41179,1.41182,1.19,1.00
2014.03.18 08:15:49.150,1.41176,1.41182,1.25,2.63
2014.03.18 08:15:49.773,1.41176,1.41183,1.69,1.88
2014.03.18 08:15:51.157,1.41177,1.41183,1.00,1.13
2014.03.18 08:15:51.700,1.41178,1.41186,1.00,4.32
2014.03.18 08:15:52.112,1.41177,1.41186,2.44,3.57
2014.03.18 08:15:52.619,1.41177,1.41185,2.44,1.13
2014.03.18 08:15:52.923,1.41176,1.41184,1.32,3.19
2014.03.18 08:15:52.973,1.41176,1.41182,1.32,1.00
2014.03.18 08:15:53.277,1.41175,1.4118,1.19,1.13
2014.03.18 08:15:53.665,1.41175,1.41182,1.25,1.13
2014.03.18 08:15:54.333,1.41176,1.41183,1.50,1.63
2014.03.18 08:15:54.687,1.41176,1.41184,2.07,2.44
2014.03.18 08:15:55.213,1.41177,1.41184,1.50,1.25
2014.03.18 08:15:55.738,1.41177,1.41184,2.44,1.00
2014.03.18 08:15:57.311,1.41179,1.41184,1.00,1.00
2014.03.18 08:15:58.800,1.41179,1.41186,1.00,2.07
2014.03.18 08:15:59.329,1.4118,1.41186,1.00,1.19
2014.03.18 08:15:59.380,1.41178,1.41186,4.32,1.19
2014.03.18 08:15:59.431,1.41178,1.41181,3.57,1.00
2014.03.18 08:15:59.735,1.41174,1.41177,1.19,1.00
2014.03.18 08:15:59.937,1.41172,1.41175,1.25,1.00
2014.03.18 08:16:00.649,1.4117,1.41176,3.57,2.48
2014.03.18 08:16:01.847,1.4117,1.41175,3.57,1.00
2014.03.18 08:16:01.950,1.4117,1.41175,1.00,2.25
2014.03.18 08:16:02.053,1.41168,1.41174,1.00,1.69
2014.03.18 08:16:02.154,1.41165,1.41173,3.57,1.19
2014.03.18 08:16:02.559,1.41167,1.41174,2.10,1.57
2014.03.18 08:16:02.863,1.4117,1.41176,2.44,2.00
2014.03.18 08:16:02.964,1.4117,1.41176,2.44,1.63
2014.03.18 08:16:03.373,1.41165,1.41173,3.19,1.25
2014.03.18 08:16:03.778,1.41165,1.41174,2.44,3.94
2014.03.18 08:16:04.385,1.41166,1.41171,1.69,1.13
2014.03.18 08:16:04.688,1.41161,1.41164,1.00,1.00
2014.03.18 08:16:04.891,1.4116,1.41163,3.38,3.94
2014.03.18 08:16:04.942,1.41159,1.41163,3.00,3.94
2014.03.18 08:16:05.306,1.41158,1.4116,3.38,1.00
2014.03.18 08:16:05.560,1.41155,1.4116,4.32,1.00
2014.03.18 08:16:05.812,1.41153,1.4116,3.19,1.32
2014.03.18 08:16:07.617,1.41155,1.4116,1.50,1.25
2014.03.18 08:16:08.298,1.41154,1.4116,1.25,1.25
2014.03.18 08:16:13.230,1.41154,1.4116,1.69,2.63
2014.03.18 08:16:13.331,1.41158,1.41162,1.50,2.07
2014.03.18 08:16:13.382,1.41154,1.41159,1.25,1.50
2014.03.18 08:16:13.722,1.41154,1.41157,1.25,1.00
2014.03.18 08:16:14.026,1.41151,1.41155,1.25,1.00
2014.03.18 08:16:14.128,1.41149,1.41151,2.25,1.00
2014.03.18 08:16:14.281,1.41149,1.4115,1.00,2.44
2014.03.18 08:16:14.433,1.41143,1.41148,1.69,3.63
2014.03.18 08:16:14.636,1.4114,1.41144,1.50,2.44
2014.03.18 08:16:14.788,1.4114,1.41142,1.50,1.00
2014.03.18 08:16:14.942,1.4114,1.41144,1.13,2.07
2014.03.18 08:16:15.043,1.4114,1.41144,1.72,2.07
2014.03.18 08:16:15.146,1.4114,1.41145,1.32,1.38
2014.03.18 08:16:15.247,1.4114,1.41146,1.32,1.69
2014.03.18 08:16:15.348,1.4114,1.41143,1.32,1.00
2014.03.18 08:16:15.652,1.41135,1.41139,3.75,2.44
2014.03.18 08:16:15.703,1.41135,1.41137,3.75,1.32
2014.03.18 08:16:15.955,1.41132,1.41137,3.94,1.88
2014.03.18 08:16:16.157,1.41131,1.41135,1.00,1.38
2014.03.18 08:16:16.259,1.41131,1.41135,2.10,1.00
2014.03.18 08:16:16.411,1.41133,1.41137,2.07,1.88
2014.03.18 08:16:16.512,1.41137,1.41142,1.00,3.27
2014.03.18 08:16:16.563,1.41139,1.41142,1.50,1.25
2014.03.18 08:16:16.778,1.41139,1.41145,1.69,1.69
2014.03.18 08:16:17.754,1.41138,1.41144,1.19,2.44
2014.03.18 08:16:17.907,1.41138,1.41141,1.19,2.06
2014.03.18 08:16:18.008,1.41135,1.41139,2.63,1.00
2014.03.18 08:16:18.970,1.41133,1.41138,1.57,1.88
2014.03.18 08:16:19.434,1.4113,1.41138,7.69,3.04
2014.03.18 08:16:19.939,1.4113,1.41138,4.69,2.07
2014.03.18 08:16:20.444,1.41129,1.41136,2.07,3.00
2014.03.18 08:16:20.992,1.41129,1.41136,1.25,4.69
2014.03.18 08:16:21.499,1.41133,1.41136,1.00,3.00
2014.03.18 08:16:21.803,1.41133,1.4114,2.29,1.88
2014.03.18 08:16:21.955,1.41133,1.4114,3.00,2.48
2014.03.18 08:16:22.057,1.41133,1.41139,1.38,1.00
2014.03.18 08:16:22.262,1.41133,1.41139,1.00,2.63
2014.03.18 08:16:22.768,1.41131,1.41139,1.69,2.63
2014.03.18 08:16:22.920,1.41131,1.41138,1.69,1.00
2014.03.18 08:16:23.275,1.4113,1.41135,1.63,1.00
2014.03.18 08:16:23.427,1.41132,1.41137,1.38,1.00
2014.03.18 08:16:23.948,1.41131,1.41138,1.91,1.00
2014.03.18 08:16:24.457,1.41132,1.4114,1.91,3.00
2014.03.18 08:16:24.762,1.41138,1.41143,1.00,1.00
2014.03.18 08:16:26.747,1.41138,1.41143,1.38,1.00
2014.03.18 08:16:27.273,1.41138,1.41143,1.00,1.00
2014.03.18 08:16:27.815,1.41138,1.41144,1.38,1.00
2014.03.18 08:16:28.118,1.41142,1.41144,1.00,1.00
2014.03.18 08:16:28.321,1.41143,1.41147,1.00,1.00
2014.03.18 08:16:28.827,1.41144,1.41148,1.00,1.00
2014.03.18 08:16:29.232,1.41146,1.41148,1.00,1.50
2014.03.18 08:16:29.753,1.41143,1.41149,2.29,1.00
2014.03.18 08:16:31.295,1.41145,1.4115,1.00,1.88
2014.03.18 08:16:31.801,1.41145,1.41151,1.00,1.13
2014.03.18 08:16:32.206,1.41147,1.41152,1.00,2.25
2014.03.18 08:16:32.720,1.41146,1.41152,1.00,2.25
2014.03.18 08:16:33.748,1.41145,1.41152,1.25,2.25
2014.03.18 08:16:34.802,1.41145,1.41152,2.07,2.63
2014.03.18 08:16:35.258,1.41145,1.41152,2.07,2.63
2014.03.18 08:16:35.825,1.41145,1.41152,2.07,2.63
2014.03.18 08:16:37.241,1.41145,1.41149,1.19,1.50
2014.03.18 08:16:37.393,1.41145,1.41151,1.19,1.13
2014.03.18 08:16:38.023,1.41145,1.41152,1.19,2.25
2014.03.18 08:16:38.124,1.41148,1.41152,1.00,2.25
2014.03.18 08:16:38.327,1.41151,1.41156,1.00,2.25
2014.03.18 08:16:38.378,1.41154,1.41156,1.00,1.00
2014.03.18 08:16:38.428,1.41154,1.41158,1.00,1.00
2014.03.18 08:16:38.479,1.41154,1.4116,1.00,1.73
2014.03.18 08:16:39.012,1.41154,1.41161,1.00,2.07
2014.03.18 08:16:39.574,1.41154,1.41161,1.00,2.67
2014.03.18 08:16:41.581,1.41153,1.41161,3.75,1.92
2014.03.18 08:16:43.009,1.41154,1.4116,1.00,1.50
2014.03.18 08:16:43.720,1.41154,1.41159,1.00,1.00
2014.03.18 08:16:44.131,1.41154,1.41157,1.00,1.00
2014.03.18 08:16:44.435,1.4115,1.41153,1.38,1.00
2014.03.18 08:16:44.789,1.4115,1.41155,1.00,1.50
2014.03.18 08:16:45.330,1.4115,1.41156,1.00,1.00
2014.03.18 08:16:47.603,1.4115,1.41153,1.00,1.00
2014.03.18 08:16:48.108,1.4115,1.41153,1.00,2.63
2014.03.18 08:16:48.412,1.41148,1.41153,1.00,3.38
2014.03.18 08:16:48.952,1.4115,1.41153,1.50,3.38
2014.03.18 08:16:49.055,1.41149,1.41153,1.00,1.88
2014.03.18 08:16:49.106,1.41151,1.41153,1.00,1.50
2014.03.18 08:16:49.258,1.41152,1.41156,1.00,1.00
2014.03.18 08:16:49.763,1.41151,1.41155,1.00,1.50
2014.03.18 08:16:50.736,1.41151,1.41154,1.00,1.50
2014.03.18 08:16:50.887,1.41149,1.41151,1.50,1.00
2014.03.18 08:16:51.420,1.41148,1.41151,1.19,1.00
2014.03.18 08:16:51.572,1.41146,1.4115,1.00,1.00
2014.03.18 08:16:52.116,1.41146,1.41151,1.13,1.50
2014.03.18 08:16:52.534,1.41148,1.41152,1.00,1.00
2014.03.18 08:16:52.849,1.41151,1.41153,1.00,1.00
2014.03.18 08:16:53.153,1.41153,1.41159,6.19,1.00
2014.03.18 08:16:53.540,1.41156,1.4116,3.25,1.00
2014.03.18 08:16:53.764,1.41156,1.41159,1.50,1.38
2014.03.18 08:16:54.372,1.41156,1.4116,1.50,1.50
2014.03.18 08:16:54.883,1.41156,1.41162,1.50,2.63
2014.03.18 08:16:55.307,1.41156,1.41157,1.00,1.00
2014.03.18 08:16:56.188,1.41154,1.41157,1.00,1.00
2014.03.18 08:16:56.748,1.41154,1.41156,1.00,1.00
2014.03.18 08:16:56.802,1.41154,1.41158,1.00,1.00
2014.03.18 08:16:58.458,1.41155,1.41158,1.00,1.00
2014.03.18 08:16:58.660,1.41155,1.4116,2.07,1.13
2014.03.18 08:16:58.711,1.41158,1.4116,1.00,1.13
2014.03.18 08:16:58.918,1.41158,1.41163,1.00,2.63
2014.03.18 08:16:59.069,1.41158,1.41161,1.00,1.00
2014.03.18 08:16:59.574,1.41157,1.41162,1.50,1.00
2014.03.18 08:17:00.584,1.41157,1.41164,1.50,3.19
2014.03.18 08:17:01.704,1.41158,1.41164,1.00,1.25
2014.03.18 08:17:01.755,1.41158,1.41167,1.69,6.57
2014.03.18 08:17:01.907,1.4116,1.41167,1.39,5.82
2014.03.18 08:17:02.225,1.41163,1.41167,1.00,1.50
2014.03.18 08:17:02.377,1.41163,1.41169,1.00,1.69
2014.03.18 08:17:02.529,1.41165,1.41169,1.19,1.00
2014.03.18 08:17:03.137,1.41165,1.41169,1.19,1.38
2014.03.18 08:17:03.777,1.41163,1.41169,1.69,1.38
2014.03.18 08:17:04.309,1.41163,1.41167,1.69,1.00
2014.03.18 08:17:04.411,1.41163,1.41165,1.69,1.00
2014.03.18 08:17:04.715,1.41161,1.41163,1.19,1.00
2014.03.18 08:17:04.968,1.41161,1.41163,1.19,1.00
2014.03.18 08:17:05.373,1.41159,1.41164,2.07,1.88
2014.03.18 08:17:06.921,1.41161,1.41165,1.19,1.00
2014.03.18 08:17:07.226,1.41164,1.41171,1.69,2.25
2014.03.18 08:17:07.378,1.41166,1.41171,1.00,1.88
2014.03.18 08:17:07.884,1.41166,1.41171,1.69,1.00
2014.03.18 08:17:08.394,1.41166,1.41171,1.69,1.38
2014.03.18 08:17:09.006,1.41166,1.41171,1.69,1.38
2014.03.18 08:17:11.183,1.41166,1.41168,1.69,1.00
2014.03.18 08:17:11.487,1.41165,1.41167,1.00,1.00
2014.03.18 08:17:12.027,1.41164,1.41167,1.00,1.38
2014.03.18 08:17:12.230,1.41163,1.41165,1.00,1.00
2014.03.18 08:17:12.535,1.41162,1.41165,2.25,1.38
2014.03.18 08:17:12.636,1.41162,1.41167,1.69,1.38
2014.03.18 08:17:12.968,1.41163,1.41167,1.25,1.13
2014.03.18 08:17:13.704,1.41163,1.41165,1.00,1.00
2014.03.18 08:17:13.805,1.41161,1.41165,1.00,1.50
2014.03.18 08:17:14.331,1.4116,1.41164,1.25,1.00
2014.03.18 08:17:14.860,1.41161,1.41164,1.00,1.00
2014.03.18 08:17:15.599,1.41161,1.41165,1.00,2.63
2014.03.18 08:17:17.029,1.41161,1.41164,1.00,1.00
2014.03.18 08:17:17.181,1.41159,1.41162,1.19,1.00
2014.03.18 08:17:19.731,1.41157,1.41162,1.19,1.13
2014.03.18 08:17:19.904,1.41157,1.41163,1.19,1.88
2014.03.18 08:17:20.006,1.41157,1.41161,1.19,1.88
2014.03.18 08:17:20.107,1.41155,1.41158,1.00,1.00
2014.03.18 08:17:20.158,1.41152,1.41156,3.57,1.00
2014.03.18 08:17:20.663,1.41152,1.41155,1.19,1.13
2014.03.18 08:17:21.562,1.41152,1.41154,1.19,1.00
2014.03.18 08:17:22.073,1.41152,1.41154,1.00,1.38
2014.03.18 08:17:22.904,1.41151,1.41155,1.04,1.00
2014.03.18 08:17:23.006,1.41153,1.41157,1.04,1.25
2014.03.18 08:17:23.580,1.41154,1.4116,1.69,1.22
2014.03.18 08:17:29.064,1.41154,1.4116,1.69,1.88
2014.03.18 08:17:32.723,1.41155,1.4116,1.69,1.88
2014.03.18 08:17:33.232,1.41156,1.4116,1.69,1.00
2014.03.18 08:17:33.739,1.41156,1.4116,2.44,1.00
2014.03.18 08:17:35.245,1.41154,1.4116,1.69,2.07
2014.03.18 08:17:35.679,1.41153,1.41159,1.69,1.88
2014.03.18 08:17:38.985,1.41153,1.41158,3.07,1.38
2014.03.18 08:17:39.493,1.41153,1.41158,3.07,1.00
2014.03.18 08:17:40.750,1.41155,1.41159,1.05,1.00
2014.03.18 08:17:41.084,1.41157,1.41162,1.00,1.63
2014.03.18 08:17:41.135,1.41157,1.41162,1.00,1.25
2014.03.18 08:17:43.623,1.41157,1.4116,1.19,1.33
2014.03.18 08:17:43.725,1.41153,1.41157,1.69,1.38
2014.03.18 08:17:44.231,1.41153,1.41155,1.19,1.00
2014.03.18 08:17:44.283,1.4115,1.41155,1.69,1.00
2014.03.18 08:17:44.687,1.41148,1.41154,1.25,1.32
2014.03.18 08:17:44.738,1.41148,1.41152,1.25,1.50
2014.03.18 08:17:45.102,1.41146,1.41149,1.57,1.00
2014.03.18 08:17:45.304,1.41146,1.41151,1.57,1.13
2014.03.18 08:17:46.808,1.41144,1.41151,1.63,2.07
2014.03.18 08:17:46.859,1.41144,1.41151,1.32,2.07
2014.03.18 08:17:47.112,1.41144,1.41151,1.92,2.07
2014.03.18 08:17:47.214,1.41145,1.41151,1.13,1.69
2014.03.18 08:17:47.618,1.41147,1.41151,1.25,1.00
2014.03.18 08:17:47.922,1.41147,1.41155,3.94,3.19
2014.03.18 08:17:49.341,1.4115,1.41155,1.00,2.44
2014.03.18 08:17:49.442,1.41151,1.41155,1.25,1.13
2014.03.18 08:17:50.404,1.41151,1.41158,2.07,2.82
2014.03.18 08:17:50.859,1.41152,1.4116,4.32,2.07
2014.03.18 08:17:51.164,1.41158,1.41161,1.13,2.02
2014.03.18 08:17:51.467,1.41158,1.41165,1.38,4.32
2014.03.18 08:17:51.821,1.41161,1.41165,1.00,2.07
2014.03.18 08:17:52.074,1.41154,1.41158,1.19,1.00
2014.03.18 08:17:52.913,1.41154,1.41158,1.57,1.00
2014.03.18 08:17:53.427,1.41154,1.41158,1.19,1.00
2014.03.18 08:17:53.802,1.41153,1.41158,2.07,1.00
2014.03.18 08:17:54.321,1.41152,1.41157,1.19,1.00
2014.03.18 08:17:54.992,1.41151,1.41157,2.07,1.00
2014.03.18 08:17:55.553,1.4115,1.41152,3.38,2.08
2014.03.18 08:17:55.756,1.41148,1.4115,1.25,1.00
2014.03.18 08:17:55.858,1.41148,1.4115,1.25,1.00
2014.03.18 08:17:56.363,1.41146,1.41149,1.00,1.38
2014.03.18 08:17:56.414,1.41146,1.41149,1.19,1.13
2014.03.18 08:17:56.873,1.41147,1.41152,1.69,1.38
2014.03.18 08:17:57.535,1.41148,1.41154,1.32,1.88
2014.03.18 08:17:58.049,1.41148,1.41153,1.54,1.13
2014.03.18 08:17:58.379,1.41147,1.41151,2.07,1.00
2014.03.18 08:17:58.683,1.41146,1.41149,1.69,1.00
2014.03.18 08:17:59.532,1.41146,1.41148,1.19,1.00
2014.03.18 08:17:59.583,1.41145,1.41148,1.00,1.00
2014.03.18 08:17:59.736,1.41143,1.41146,1.00,2.25
2014.03.18 08:17:59.786,1.4114,1.41146,1.32,2.25
2014.03.18 08:17:59.837,1.41139,1.41143,1.32,1.00
2014.03.18 08:17:59.939,1.41138,1.41142,1.50,1.50
2014.03.18 08:18:00.243,1.41135,1.41141,2.44,1.38
2014.03.18 08:18:00.867,1.41134,1.41139,1.69,1.00
2014.03.18 08:18:02.522,1.41133,1.41139,1.19,1.13
2014.03.18 08:18:02.840,1.41133,1.41137,1.19,1.00
2014.03.18 08:18:03.043,1.41131,1.41136,1.00,2.44
2014.03.18 08:18:03.145,1.4113,1.41134,1.32,1.00
2014.03.18 08:18:03.499,1.4113,1.41134,1.32,1.88
2014.03.18 08:18:03.601,1.4113,1.41135,2.07,1.00
2014.03.18 08:18:05.797,1.41133,1.41139,7.35,1.00
2014.03.18 08:18:06.026,1.41145,1.4115,5.73,6.75
2014.03.18 08:18:06.130,1.41143,1.4115,2.63,11.31
2014.03.18 08:18:06.283,1.41145,1.41148,3.19,1.00
2014.03.18 08:18:06.384,1.41143,1.41148,1.00,1.57
2014.03.18 08:18:06.435,1.41141,1.41145,1.25,1.00
2014.03.18 08:18:06.740,1.4114,1.41143,3.38,1.00
2014.03.18 08:18:07.045,1.41139,1.41141,2.63,1.00
2014.03.18 08:18:07.097,1.41135,1.41138,2.07,1.50
2014.03.18 08:18:07.452,1.4113,1.41138,3.94,4.69
2014.03.18 08:18:07.909,1.41129,1.41136,1.69,1.63
2014.03.18 08:18:08.431,1.41129,1.41138,2.44,4.32
2014.03.18 08:18:08.585,1.4113,1.41138,1.19,3.57
2014.03.18 08:18:10.818,1.41132,1.41135,1.00,1.00
2014.03.18 08:18:11.654,1.41129,1.41135,2.82,1.13
2014.03.18 08:18:11.705,1.41129,1.41132,2.07,1.00
2014.03.18 08:18:11.958,1.41127,1.41132,1.25,1.13
2014.03.18 08:18:12.931,1.41129,1.41132,1.00,1.00
2014.03.18 08:18:13.385,1.41127,1.41134,1.69,2.07
2014.03.18 08:18:13.789,1.4113,1.41133,1.00,1.69
2014.03.18 08:18:14.093,1.41131,1.41135,1.00,1.32
2014.03.18 08:18:14.144,1.41132,1.41136,1.50,1.94
2014.03.18 08:18:14.593,1.41134,1.41136,1.00,1.38
2014.03.18 08:18:15.140,1.41134,1.41142,2.44,1.25
2014.03.18 08:18:15.393,1.41134,1.41138,3.94,1.00
2014.03.18 08:18:15.799,1.41135,1.4114,1.25,2.10
2014.03.18 08:18:16.305,1.41137,1.41143,1.00,2.82
2014.03.18 08:18:16.561,1.41137,1.41143,1.50,2.07
2014.03.18 08:18:16.714,1.41138,1.41145,1.19,2.25
2014.03.18 08:18:17.070,1.41138,1.41144,1.69,1.13
2014.03.18 08:18:17.323,1.41137,1.41143,1.50,2.63
2014.03.18 08:18:17.628,1.41136,1.4114,1.25,1.50
2014.03.18 08:18:18.579,1.41137,1.4114,1.00,1.00
2014.03.18 08:18:19.019,1.41138,1.41143,1.69,1.38
2014.03.18 08:18:19.070,1.41138,1.41144,1.69,1.50
2014.03.18 08:18:19.575,1.41138,1.41144,1.19,2.48
2014.03.18 08:18:20.067,1.41138,1.41142,1.19,1.00
2014.03.18 08:18:20.577,1.41137,1.41143,2.82,1.38
2014.03.18 08:18:20.881,1.41144,1.4115,2.88,2.82
2014.03.18 08:18:20.932,1.41147,1.4115,1.00,1.13
2014.03.18 08:18:21.388,1.41147,1.41152,1.35,1.25
2014.03.18 08:18:21.542,1.41146,1.41149,2.25,1.00
2014.03.18 08:18:22.097,1.41148,1.41152,1.00,2.44
2014.03.18 08:18:22.199,1.41148,1.41152,1.00,2.07
2014.03.18 08:18:22.502,1.41149,1.41153,1.00,2.07
2014.03.18 08:18:22.553,1.41146,1.41153,1.00,2.07
2014.03.18 08:18:23.076,1.41146,1.41153,3.19,1.88
2014.03.18 08:18:23.548,1.41146,1.41149,2.44,1.00
2014.03.18 08:18:25.530,1.41146,1.41148,1.19,1.00
2014.03.18 08:18:25.581,1.41143,1.41148,2.10,1.00
2014.03.18 08:18:25.733,1.41143,1.41146,1.00,1.00
2014.03.18 08:18:26.984,1.41141,1.41146,1.19,1.13
2014.03.18 08:18:27.699,1.41142,1.41148,1.25,2.82
2014.03.18 08:18:28.307,1.41142,1.41149,1.60,2.82
2014.03.18 08:18:30.028,1.41144,1.41149,1.00,1.63
2014.03.18 08:18:30.801,1.41145,1.41149,1.00,1.63
2014.03.18 08:18:31.311,1.41145,1.41149,1.00,1.25
2014.03.18 08:18:31.776,1.41141,1.41149,3.75,3.76
2014.03.18 08:18:32.030,1.41142,1.41147,1.88,1.00
2014.03.18 08:18:32.081,1.4114,1.41144,4.50,1.13
2014.03.18 08:18:32.284,1.41139,1.41142,2.44,1.32
2014.03.18 08:18:32.335,1.41142,1.41146,1.00,2.07
2014.03.18 08:18:32.436,1.41139,1.41142,1.92,1.32
2014.03.18 08:18:32.992,1.41139,1.41141,1.00,1.00
2014.03.18 08:18:33.498,1.41139,1.41143,1.32,1.57
2014.03.18 08:18:33.751,1.41138,1.4114,1.69,1.00
2014.03.18 08:18:33.852,1.41135,1.41139,2.44,1.00
2014.03.18 08:18:34.172,1.41135,1.41137,2.44,1.00
2014.03.18 08:18:34.223,1.4113,1.41137,2.82,1.25
2014.03.18 08:18:34.275,1.4113,1.41135,3.42,1.00
2014.03.18 08:18:34.578,1.41133,1.41137,3.00,1.25
2014.03.18 08:18:34.680,1.41134,1.4114,1.25,1.13
2014.03.18 08:18:35.212,1.41135,1.41141,1.13,1.25
2014.03.18 08:18:36.544,1.41135,1.41142,1.88,1.69
2014.03.18 08:18:37.655,1.41133,1.4114,1.88,2.44
2014.03.18 08:18:37.806,1.41133,1.4114,1.00,2.44
2014.03.18 08:18:38.312,1.41135,1.4114,1.00,1.69
2014.03.18 08:18:38.868,1.41135,1.4114,1.38,1.19
2014.03.18 08:18:41.010,1.41135,1.4114,1.00,1.19
2014.03.18 08:18:41.180,1.41135,1.41138,1.00,1.19
2014.03.18 08:18:41.506,1.41129,1.41135,1.00,1.69
2014.03.18 08:18:41.557,1.41131,1.41135,1.00,1.69
2014.03.18 08:18:41.609,1.41131,1.41138,4.19,1.13
2014.03.18 08:18:41.863,1.41139,1.41142,1.73,1.19
2014.03.18 08:18:41.965,1.41141,1.41143,1.00,1.88
2014.03.18 08:18:42.471,1.41142,1.41144,1.13,1.50
2014.03.18 08:18:42.572,1.41142,1.41144,1.13,1.50
2014.03.18 08:18:42.623,1.41143,1.41145,1.00,1.13
2014.03.18 08:18:43.027,1.41144,1.41148,1.88,1.19
2014.03.18 08:18:43.572,1.41144,1.41148,1.00,1.19
2014.03.18 08:18:45.405,1.41144,1.41145,1.00,1.00
2014.03.18 08:18:45.456,1.41142,1.41145,1.13,1.00
2014.03.18 08:18:46.007,1.41141,1.41145,1.05,1.38
2014.03.18 08:18:46.518,1.4114,1.41145,2.07,1.38
2014.03.18 08:18:47.023,1.41141,1.41145,1.00,1.38
2014.03.18 08:18:47.586,1.41141,1.41146,3.00,1.38
2014.03.18 08:18:48.099,1.41141,1.41143,1.13,1.00
2014.03.18 08:18:48.403,1.41139,1.41142,1.25,1.00
2014.03.18 08:18:48.909,1.41139,1.41141,1.25,1.38
2014.03.18 08:18:49.670,1.4114,1.41141,1.00,1.00
2014.03.18 08:18:49.721,1.41135,1.41141,3.45,1.13
2014.03.18 08:18:49.823,1.41135,1.41141,2.25,1.38
2014.03.18 08:18:49.874,1.41137,1.4114,1.00,1.32
2014.03.18 08:18:50.179,1.41131,1.41134,1.00,2.07
2014.03.18 08:18:50.230,1.4113,1.41134,1.50,2.07
2014.03.18 08:18:50.331,1.41128,1.41133,1.00,1.13
2014.03.18 08:18:50.929,1.41126,1.41133,1.19,3.75
2014.03.18 08:18:50.982,1.41126,1.41132,1.00,1.19
2014.03.18 08:18:51.287,1.41121,1.41125,1.50,1.00
2014.03.18 08:18:51.794,1.4112,1.41125,1.69,1.38
2014.03.18 08:18:52.299,1.4112,1.41125,1.69,1.13
2014.03.18 08:18:52.602,1.41124,1.41126,1.00,1.25
2014.03.18 08:18:52.805,1.41124,1.41128,2.25,1.00
2014.03.18 08:18:53.058,1.41126,1.4113,1.00,1.19
2014.03.18 08:18:53.412,1.41124,1.41128,1.50,1.00
2014.03.18 08:18:53.564,1.41117,1.41126,4.95,1.57
2014.03.18 08:18:53.665,1.4112,1.41122,1.88,1.00
2014.03.18 08:18:53.868,1.41117,1.41121,1.50,1.00
2014.03.18 08:18:54.121,1.41116,1.41121,2.44,1.13
2014.03.18 08:18:54.222,1.41116,1.41122,2.44,3.79
2014.03.18 08:18:54.728,1.41116,1.41122,2.07,1.13
2014.03.18 08:18:54.981,1.41116,1.41122,3.19,1.00
2014.03.18 08:18:55.486,1.41119,1.41122,1.00,1.00
2014.03.18 08:18:55.790,1.4112,1.41125,1.00,2.36
2014.03.18 08:18:55.893,1.41121,1.41125,1.00,1.77
2014.03.18 08:18:56.096,1.41118,1.41123,1.32,1.05
2014.03.18 08:18:56.451,1.41119,1.41122,1.00,1.38
2014.03.18 08:18:56.890,1.41118,1.4112,1.25,1.00
2014.03.18 08:18:57.294,1.41116,1.4112,2.63,1.04
2014.03.18 08:18:57.497,1.41117,1.41119,1.50,1.05
2014.03.18 08:18:58.306,1.41117,1.41118,1.00,1.00
2014.03.18 08:18:58.842,1.41117,1.4112,1.00,1.04
2014.03.18 08:18:59.348,1.41118,1.41121,1.69,1.00
2014.03.18 08:18:59.904,1.41118,1.4112,2.44,1.04
2014.03.18 08:19:00.467,1.41116,1.4112,2.44,1.00
2014.03.18 08:19:00.973,1.41116,1.41122,2.44,2.29
2014.03.18 08:19:01.405,1.4112,1.41122,1.00,1.16
2014.03.18 08:19:01.506,1.4112,1.41124,1.00,1.25
2014.03.18 08:19:01.557,1.4112,1.41124,1.00,1.54
2014.03.18 08:19:01.658,1.41118,1.41124,2.82,1.64
2014.03.18 08:19:02.387,1.41119,1.41122,1.00,1.41
2014.03.18 08:19:02.589,1.4112,1.41123,1.00,1.00
2014.03.18 08:19:02.792,1.4112,1.41124,1.00,1.76
2014.03.18 08:19:03.299,1.41118,1.41122,3.19,1.05
2014.03.18 08:19:03.704,1.41116,1.41122,5.07,1.76
2014.03.18 08:19:04.617,1.41116,1.41123,1.69,1.25
2014.03.18 08:19:05.125,1.41118,1.41125,1.00,2.67
2014.03.18 08:19:05.530,1.4112,1.41125,1.00,2.07
2014.03.18 08:19:07.218,1.4112,1.41126,1.41,2.67
2014.03.18 08:19:07.707,1.41123,1.41126,1.00,2.07
2014.03.18 08:19:08.729,1.41121,1.41126,1.00,2.07
2014.03.18 08:19:09.624,1.41121,1.41127,1.50,1.86
2014.03.18 08:19:09.877,1.41123,1.41128,1.00,1.69
2014.03.18 08:19:10.029,1.41124,1.4113,1.69,2.83
2014.03.18 08:19:11.039,1.41124,1.4113,1.19,3.19
2014.03.18 08:19:11.493,1.41123,1.41128,1.69,1.30
2014.03.18 08:19:11.870,1.41123,1.4113,1.69,2.51
2014.03.18 08:19:12.123,1.41123,1.4113,1.69,2.48
2014.03.18 08:19:12.174,1.41122,1.41129,3.19,1.05
2014.03.18 08:19:12.224,1.41122,1.41127,3.19,1.00
2014.03.18 08:19:12.528,1.41122,1.41125,1.00,2.44
2014.03.18 08:19:13.036,1.41123,1.41125,1.00,1.19
2014.03.18 08:19:13.188,1.4112,1.41125,1.00,1.19
2014.03.18 08:19:13.460,1.41119,1.41124,2.25,1.91
2014.03.18 08:19:13.568,1.41118,1.41123,1.00,1.00
2014.03.18 08:19:14.074,1.41118,1.41122,1.00,1.00
2014.03.18 08:19:14.430,1.41114,1.41119,1.32,1.00
2014.03.18 08:19:14.936,1.41115,1.4112,1.00,1.50
2014.03.18 08:19:15.449,1.41115,1.41121,1.00,1.00
2014.03.18 08:19:15.954,1.41116,1.41123,1.25,1.88
2014.03.18 08:19:16.483,1.41115,1.41123,2.07,3.23
2014.03.18 08:19:16.788,1.41115,1.41118,1.69,1.13
2014.03.18 08:19:17.143,1.41119,1.41124,1.00,1.88
2014.03.18 08:19:17.296,1.4112,1.41123,1.00,1.00
2014.03.18 08:19:17.831,1.41121,1.41124,1.25,1.13
2014.03.18 08:19:17.982,1.41121,1.41127,1.25,2.70
2014.03.18 08:19:19.194,1.4112,1.41127,1.69,3.60
2014.03.18 08:19:19.499,1.41122,1.41129,2.48,1.00
2014.03.18 08:19:19.550,1.41123,1.41129,2.07,1.00
2014.03.18 08:19:19.702,1.41124,1.41133,1.69,4.91
2014.03.18 08:19:20.006,1.41124,1.41133,1.69,3.41
2014.03.18 08:19:20.852,1.41125,1.41133,1.19,3.26
2014.03.18 08:19:21.801,1.41125,1.41132,1.19,1.57
2014.03.18 08:19:22.563,1.41125,1.4113,1.19,1.20
2014.03.18 08:19:22.918,1.41124,1.4113,1.25,2.14
2014.03.18 08:19:23.222,1.41124,1.4113,2.07,2.70
2014.03.18 08:19:23.683,1.41125,1.41133,1.57,3.23
2014.03.18 08:19:24.188,1.41125,1.41133,1.57,5.48
2014.03.18 08:19:24.750,1.41124,1.41132,2.82,1.88
2014.03.18 08:19:25.004,1.41124,1.41129,2.07,1.50
2014.03.18 08:19:25.105,1.41124,1.41129,1.25,2.63
2014.03.18 08:19:25.359,1.41123,1.41131,1.19,3.75
2014.03.18 08:19:25.663,1.41123,1.41129,2.07,1.50
2014.03.18 08:19:26.304,1.41124,1.41132,2.07,1.91
2014.03.18 08:19:26.355,1.41124,1.41132,2.07,1.91
2014.03.18 08:19:26.761,1.41124,1.41131,1.25,1.60
2014.03.18 08:19:26.862,1.41124,1.41131,1.63,1.13
2014.03.18 08:19:27.378,1.41126,1.41132,1.13,1.54
2014.03.18 08:19:27.682,1.41126,1.41133,1.13,2.89
2014.03.18 08:19:27.733,1.41126,1.41133,1.13,1.39
2014.03.18 08:19:29.065,1.41126,1.41134,1.32,2.14
2014.03.18 08:19:29.369,1.41128,1.41136,1.00,3.45
2014.03.18 08:19:30.261,1.41128,1.41136,1.69,3.04
2014.03.18 08:19:30.565,1.41133,1.41137,1.00,1.00
2014.03.18 08:19:30.667,1.41134,1.41139,1.00,1.00
2014.03.18 08:19:30.921,1.41134,1.41141,1.50,2.82
2014.03.18 08:19:31.427,1.41133,1.41141,1.50,2.32
2014.03.18 08:19:31.933,1.41132,1.41139,1.69,2.25
2014.03.18 08:19:32.451,1.41131,1.41138,1.32,1.10
2014.03.18 08:19:32.603,1.4113,1.41138,2.44,2.27
2014.03.18 08:19:32.841,1.41131,1.41138,1.25,1.25
2014.03.18 08:19:33.501,1.4113,1.41138,1.19,2.70
2014.03.18 08:19:34.006,1.4113,1.41138,1.19,4.20
2014.03.18 08:19:34.388,1.41129,1.41136,1.69,2.07
2014.03.18 08:19:34.702,1.41129,1.41133,1.69,1.00
2014.03.18 08:19:35.047,1.41132,1.41133,1.00,1.00
2014.03.18 08:19:35.452,1.4113,1.41135,1.00,2.07
2014.03.18 08:19:35.973,1.41129,1.41134,1.00,1.69
2014.03.18 08:19:36.225,1.4113,1.41132,1.00,1.00
2014.03.18 08:19:36.428,1.41128,1.41132,2.25,1.00
2014.03.18 08:19:36.630,1.41126,1.41132,1.00,2.44
2014.03.18 08:19:36.782,1.41126,1.41129,1.00,1.00
2014.03.18 08:19:36.883,1.41125,1.41131,1.00,1.25
2014.03.18 08:19:37.136,1.41127,1.41131,1.00,1.25
2014.03.18 08:19:37.598,1.41129,1.41131,1.00,1.25
2014.03.18 08:19:38.059,1.41129,1.41134,1.00,1.32
2014.03.18 08:19:38.597,1.41129,1.41135,1.38,1.69
2014.03.18 08:19:39.122,1.41132,1.41135,1.00,1.19
2014.03.18 08:19:40.102,1.41131,1.41135,1.00,1.19
2014.03.18 08:19:40.153,1.41129,1.41135,1.50,1.19
2014.03.18 08:19:43.216,1.4113,1.41134,1.00,1.25
2014.03.18 08:19:44.953,1.41132,1.41134,1.00,1.00
2014.03.18 08:19:45.461,1.4113,1.41137,3.57,1.69
2014.03.18 08:19:45.764,1.41129,1.41137,1.25,1.22
2014.03.18 08:19:51.409,1.41128,1.41135,1.69,1.72
2014.03.18 08:19:51.561,1.41128,1.41135,2.07,2.10
2014.03.18 08:19:52.618,1.41127,1.41132,1.00,1.00
2014.03.18 08:19:53.181,1.41127,1.41132,1.38,1.10
2014.03.18 08:19:53.282,1.41127,1.41133,1.38,1.10
2014.03.18 08:19:53.383,1.41127,1.41134,1.63,1.82
2014.03.18 08:19:53.485,1.41127,1.41134,1.63,1.82
2014.03.18 08:19:54.011,1.41127,1.41134,1.63,1.72
2014.03.18 08:19:54.516,1.41128,1.41135,1.69,1.91
2014.03.18 08:19:54.668,1.4113,1.41136,1.25,1.25
2014.03.18 08:19:55.223,1.4113,1.41136,2.44,1.16
2014.03.18 08:19:56.567,1.41128,1.41135,3.75,1.00
2014.03.18 08:19:57.205,1.41128,1.41136,2.82,2.10
2014.03.18 08:20:00.492,1.41128,1.41136,2.82,2.57
2014.03.18 08:20:01.993,1.41129,1.41136,1.19,2.10
2014.03.18 08:20:02.506,1.41129,1.41137,1.69,1.79
2014.03.18 08:20:02.819,1.4113,1.41137,2.44,1.04
2014.03.18 08:20:03.123,1.4113,1.41134,1.19,1.00
2014.03.18 08:20:03.820,1.41129,1.41134,2.67,1.00
2014.03.18 08:20:05.892,1.41133,1.41134,1.00,1.00
2014.03.18 08:20:05.994,1.41134,1.41136,1.00,1.50
2014.03.18 08:20:06.147,1.41135,1.41139,1.19,1.50
2014.03.18 08:20:06.451,1.41137,1.41139,3.19,1.00
2014.03.18 08:20:06.870,1.41138,1.41144,1.85,1.30
2014.03.18 08:20:07.174,1.41143,1.41146,4.69,1.00
2014.03.18 08:20:07.680,1.41144,1.41145,1.00,2.01
2014.03.18 08:20:07.883,1.41143,1.41145,1.50,2.01
2014.03.18 08:20:08.035,1.41143,1.41145,1.00,1.63
2014.03.18 08:20:10.362,1.41143,1.4115,1.38,1.04
2014.03.18 08:20:10.484,1.41143,1.4115,1.00,1.04
2014.03.18 08:20:10.737,1.41143,1.41146,1.00,1.00
2014.03.18 08:20:13.700,1.41142,1.41146,1.19,1.10
