2009.01.08 23:00:03.876,1.2497,1.25035,8.00,8.00
2009.01.08 23:00:10.754,1.24965,1.2503,8.00,8.00
2009.01.08 23:00:13.164,1.2496,1.25025,8.00,8.00
2009.01.08 23:00:14.134,1.24965,1.2503,8.00,8.00
2009.01.08 23:00:32.349,1.24975,1.2504,8.00,8.00
2009.01.08 23:01:03.702,1.2497,1.25035,8.00,8.00
2009.01.08 23:01:27.076,1.24975,1.2504,8.00,8.00
2009.01.08 23:01:45.352,1.2497,1.25035,8.00,8.00
2009.01.08 23:01:49.211,1.2496,1.25025,8.00,8.00
2009.01.08 23:02:15.184,1.24965,1.2503,8.00,8.00
2009.01.08 23:02:15.364,1.2497,1.25035,8.00,8.00
2009.01.08 23:02:15.694,1.24975,1.2504,8.00,8.00
2009.01.08 23:02:25.402,1.2498,1.2504,8.00,8.00
2009.01.08 23:02:37.629,1.24985,1.2505,8.00,8.00
2009.01.08 23:02:59.204,1.24975,1.2504,8.00,8.00
2009.01.08 23:03:01.323,1.2497,1.25025,9.60,8.00
2009.01.08 23:03:02.193,1.24945,1.2502,8.00,8.00
2009.01.08 23:03:10.081,1.2496,1.25015,1.60,8.00
2009.01.08 23:03:10.791,1.2497,1.2502,8.00,2.80
2009.01.08 23:03:10.901,1.2497,1.25035,8.00,8.00
2009.01.08 23:03:57.929,1.2498,1.25035,4.00,8.00
2009.01.08 23:03:58.109,1.24975,1.2504,12.00,8.00
2009.01.08 23:04:00.819,1.24975,1.2504,8.00,8.00
2009.01.08 23:04:01.639,1.2497,1.25035,8.00,8.00
2009.01.08 23:04:14.315,1.2497,1.25035,12.00,8.00
2009.01.08 23:04:14.715,1.24985,1.2505,8.00,8.00
2009.01.08 23:04:44.858,1.24995,1.2506,8.00,8.00
2009.01.08 23:05:01.814,1.24985,1.2505,8.00,8.00
2009.01.08 23:05:37.745,1.24985,1.2505,20.00,8.00
2009.01.08 23:05:37.795,1.24985,1.2505,12.00,8.00
2009.01.08 23:06:03.849,1.24995,1.2505,1.60,8.00
2009.01.08 23:06:04.019,1.24995,1.2506,8.00,8.00
2009.01.08 23:06:04.499,1.24995,1.2506,12.00,8.00
2009.01.08 23:06:11.227,1.24995,1.2506,12.00,9.60
2009.01.08 23:06:11.937,1.24985,1.2505,8.00,8.00
2009.01.08 23:06:14.277,1.24995,1.25055,8.00,8.00
2009.01.08 23:06:16.876,1.24995,1.25055,12.00,8.00
2009.01.08 23:06:17.046,1.25,1.25065,8.00,8.00
2009.01.08 23:06:20.115,1.25,1.2505,8.00,1.00
2009.01.08 23:06:20.465,1.25,1.2505,8.00,3.60
2009.01.08 23:06:20.855,1.25,1.25055,8.00,5.60
2009.01.08 23:06:21.025,1.25,1.25065,8.00,10.80
2009.01.08 23:06:21.365,1.25,1.25065,8.00,8.00
2009.01.08 23:06:31.702,1.25,1.25065,8.00,10.80
2009.01.08 23:06:50.488,1.25005,1.2506,8.00,2.80
2009.01.08 23:06:50.598,1.25005,1.2506,13.60,2.80
2009.01.08 23:06:51.357,1.25005,1.2507,13.60,8.00
2009.01.08 23:07:01.395,1.25005,1.2507,12.00,9.60
2009.01.08 23:07:01.795,1.25005,1.2507,8.00,9.60
2009.01.08 23:07:02.025,1.25,1.25065,8.00,8.00
2009.01.08 23:07:04.284,1.25005,1.2507,8.00,8.00
2009.01.08 23:07:04.344,1.2501,1.2507,8.00,8.00
2009.01.08 23:07:05.095,1.2501,1.25075,8.00,10.80
2009.01.08 23:07:08.203,1.2501,1.25075,8.00,8.00
2009.01.08 23:07:08.323,1.25015,1.25075,8.00,8.00
2009.01.08 23:07:19.321,1.2503,1.2509,8.00,2.80
2009.01.08 23:07:19.971,1.2501,1.25075,8.00,8.00
2009.01.08 23:07:40.596,1.25015,1.25065,8.00,7.20
2009.01.08 23:07:40.776,1.2499,1.2506,12.00,8.00
2009.01.08 23:07:44.695,1.24995,1.2506,13.60,8.00
2009.01.08 23:07:45.485,1.25005,1.2507,8.00,8.00
2009.01.08 23:07:45.595,1.2501,1.2507,8.00,8.00
2009.01.08 23:07:46.275,1.2501,1.25075,8.00,10.80
2009.01.08 23:07:47.024,1.25015,1.2507,8.00,2.80
2009.01.08 23:07:47.504,1.25015,1.2508,8.00,8.00
2009.01.08 23:07:47.854,1.2502,1.25085,8.00,10.80
2009.01.08 23:07:54.662,1.25015,1.25075,8.00,8.00
2009.01.08 23:07:55.462,1.2502,1.25085,8.00,10.80
2009.01.08 23:08:05.060,1.25015,1.25075,8.00,8.00
2009.01.08 23:08:05.540,1.2502,1.25085,8.00,10.80
2009.01.08 23:08:06.110,1.25025,1.25085,8.00,10.80
2009.01.08 23:08:12.218,1.25065,1.25085,4.00,10.80
2009.01.08 23:08:12.708,1.2506,1.251,4.00,4.40
2009.01.08 23:08:13.468,1.25075,1.251,4.00,2.80
2009.01.08 23:08:13.758,1.25035,1.251,17.80,2.80
2009.01.08 23:08:14.158,1.25035,1.251,8.00,2.80
2009.01.08 23:08:14.618,1.2503,1.251,8.00,8.00
2009.01.08 23:08:15.447,1.25035,1.251,8.00,8.00
2009.01.08 23:08:15.847,1.2501,1.25085,16.00,8.00
2009.01.08 23:08:16.027,1.2501,1.25085,8.00,8.00
2009.01.08 23:08:16.377,1.25005,1.25075,8.00,8.00
2009.01.08 23:08:19.596,1.25025,1.25085,8.00,8.00
2009.01.08 23:08:21.616,1.2503,1.25095,8.00,8.00
2009.01.08 23:08:28.814,1.25025,1.2509,8.00,8.00
2009.01.08 23:08:36.312,1.25015,1.2508,17.80,8.00
2009.01.08 23:08:36.852,1.25025,1.2509,8.00,8.00
2009.01.08 23:08:49.649,1.25015,1.2508,8.00,8.00
2009.01.08 23:08:55.708,1.25025,1.2509,8.00,8.00
2009.01.08 23:08:57.977,1.25015,1.2508,8.00,8.00
2009.01.08 23:09:00.146,1.25025,1.2509,8.00,8.00
2009.01.08 23:09:04.276,1.25015,1.2508,8.00,8.00
2009.01.08 23:09:04.985,1.25015,1.2508,16.00,8.00
2009.01.08 23:09:05.765,1.2503,1.25095,2.60,10.80
2009.01.08 23:09:06.305,1.2504,1.25095,8.00,8.00
2009.01.08 23:09:14.245,1.2505,1.251,8.00,8.00
2009.01.08 23:09:15.803,1.2505,1.251,12.00,8.00
2009.01.08 23:09:16.663,1.2505,1.25095,12.00,8.00
2009.01.08 23:09:16.722,1.2505,1.25095,4.00,8.00
2009.01.08 23:09:21.111,1.2505,1.251,4.00,8.00
2009.01.08 23:09:22.011,1.2505,1.251,5.60,8.00
2009.01.08 23:09:22.181,1.2505,1.25105,5.60,10.80
2009.01.08 23:09:24.841,1.2505,1.25105,4.00,10.80
2009.01.08 23:09:25.480,1.2505,1.251,4.00,8.00
2009.01.08 23:09:40.057,1.2505,1.251,5.60,8.00
2009.01.08 23:09:41.327,1.25045,1.251,13.60,2.80
2009.01.08 23:09:41.437,1.2506,1.25115,5.60,11.40
2009.01.08 23:09:41.846,1.2506,1.2511,5.60,8.00
2009.01.08 23:09:46.505,1.25065,1.2511,5.60,8.40
2009.01.08 23:09:58.582,1.25065,1.2511,5.60,11.40
2009.01.08 23:09:59.572,1.2505,1.25105,5.60,10.80
2009.01.08 23:10:00.292,1.2505,1.251,5.60,8.00
2009.01.08 23:10:00.522,1.2505,1.251,4.00,8.00
2009.01.08 23:10:00.912,1.25045,1.25105,13.60,10.80
2009.01.08 23:10:01.312,1.2505,1.251,8.00,2.80
2009.01.08 23:10:03.391,1.25045,1.251,12.00,2.80
2009.01.08 23:10:04.251,1.25045,1.251,20.00,2.80
2009.01.08 23:10:06.040,1.25045,1.251,12.00,2.80
2009.01.08 23:10:10.650,1.25045,1.251,8.00,2.80
2009.01.08 23:10:10.760,1.25045,1.25105,8.00,10.80
2009.01.08 23:10:16.288,1.2503,1.25095,8.00,8.00
2009.01.08 23:10:17.038,1.25045,1.251,12.00,2.80
2009.01.08 23:10:22.947,1.25055,1.251,4.00,2.80
2009.01.08 23:10:23.346,1.25055,1.251,8.00,2.80
2009.01.08 23:10:23.766,1.25045,1.251,12.00,2.80
2009.01.08 23:10:25.906,1.2505,1.251,8.00,2.80
2009.01.08 23:10:30.265,1.2506,1.251,8.00,2.80
2009.01.08 23:10:31.075,1.2506,1.25125,8.00,8.00
2009.01.08 23:10:31.415,1.25065,1.25135,8.00,8.00
2009.01.08 23:10:32.054,1.2506,1.2512,8.00,8.00
2009.01.08 23:10:32.234,1.25055,1.2512,8.00,8.00
2009.01.08 23:10:37.213,1.2506,1.2512,8.00,8.00
2009.01.08 23:10:51.520,1.2505,1.25115,8.00,8.00
2009.01.08 23:11:00.208,1.2506,1.2512,8.00,8.00
2009.01.08 23:11:01.757,1.2505,1.25115,8.00,8.00
2009.01.08 23:11:14.034,1.25055,1.2512,8.00,8.00
2009.01.08 23:11:14.644,1.2505,1.25115,8.00,8.00
2009.01.08 23:11:16.054,1.2506,1.2512,8.00,8.00
2009.01.08 23:11:19.873,1.25045,1.2511,16.00,8.00
2009.01.08 23:11:20.043,1.25045,1.2511,8.00,8.00
2009.01.08 23:11:22.112,1.25045,1.25105,8.00,8.00
2009.01.08 23:11:22.742,1.25045,1.25105,8.00,10.80
2009.01.08 23:11:31.241,1.25045,1.251,8.00,2.80
2009.01.08 23:11:31.300,1.25045,1.251,12.00,2.80
2009.01.08 23:11:36.479,1.2506,1.251,1.60,2.80
2009.01.08 23:11:37.109,1.25055,1.251,13.60,2.80
2009.01.08 23:11:37.409,1.2506,1.25115,12.00,3.40
2009.01.08 23:11:37.759,1.25065,1.25115,4.00,3.40
2009.01.08 23:11:38.778,1.2505,1.25105,24.20,2.80
2009.01.08 23:12:00.733,1.25065,1.25105,4.00,2.80
2009.01.08 23:12:01.743,1.25065,1.25115,4.00,3.40
2009.01.08 23:12:02.543,1.25065,1.25115,4.00,11.40
2009.01.08 23:12:03.002,1.25055,1.2511,13.60,11.40
2009.01.08 23:12:03.243,1.2505,1.251,13.60,2.80
2009.01.08 23:12:03.802,1.25055,1.251,5.60,2.80
2009.01.08 23:12:08.991,1.25055,1.2511,5.60,11.40
2009.01.08 23:12:09.051,1.2505,1.2511,13.60,3.40
2009.01.08 23:12:10.081,1.2506,1.2511,4.00,11.40
2009.01.08 23:12:12.500,1.2506,1.25105,4.00,10.80
2009.01.08 23:12:12.941,1.25055,1.25105,5.60,10.80
2009.01.08 23:12:13.970,1.25055,1.25105,4.00,10.80
2009.01.08 23:12:14.090,1.2505,1.25105,12.00,10.80
2009.01.08 23:12:14.210,1.25045,1.251,20.00,3.00
2009.01.08 23:12:14.799,1.25045,1.25105,12.00,10.80
2009.01.08 23:12:21.478,1.25035,1.251,20.00,8.00
2009.01.08 23:12:21.588,1.25035,1.251,12.00,8.00
2009.01.08 23:12:26.387,1.25035,1.251,8.00,8.00
2009.01.08 23:12:27.237,1.2504,1.251,8.00,8.00
2009.01.08 23:12:34.045,1.25055,1.251,8.00,2.80
2009.01.08 23:12:34.725,1.2512,1.25205,8.00,1.00
2009.01.08 23:12:35.025,1.2512,1.2519,8.00,1.00
2009.01.08 23:12:35.525,1.2513,1.25205,8.00,3.00
2009.01.08 23:12:36.005,1.25155,1.252,8.00,3.60
2009.01.08 23:12:36.524,1.25145,1.252,8.00,4.20
2009.01.08 23:12:37.084,1.2516,1.252,4.00,3.60
2009.01.08 23:12:37.614,1.25165,1.25205,8.00,2.80
2009.01.08 23:12:38.134,1.2516,1.25205,8.00,2.80
2009.01.08 23:12:38.374,1.2516,1.25205,12.00,2.80
2009.01.08 23:12:38.604,1.2516,1.25205,12.00,3.40
2009.01.08 23:12:40.393,1.25165,1.25205,4.00,3.40
2009.01.08 23:12:43.203,1.2515,1.252,4.00,11.60
2009.01.08 23:12:43.373,1.2515,1.252,4.00,11.40
2009.01.08 23:12:43.552,1.2515,1.25195,4.00,8.00
2009.01.08 23:12:44.692,1.2515,1.252,4.00,10.80
2009.01.08 23:12:44.922,1.2514,1.2519,22.60,1.60
2009.01.08 23:12:45.102,1.2514,1.2519,20.00,1.60
2009.01.08 23:12:45.342,1.25145,1.25185,12.00,3.00
2009.01.08 23:12:45.462,1.25145,1.2519,4.00,5.20
2009.01.08 23:12:45.512,1.25135,1.25175,8.00,2.80
2009.01.08 23:12:45.862,1.2513,1.2516,4.00,3.00
2009.01.08 23:12:46.312,1.2513,1.25185,4.00,10.80
2009.01.08 23:12:46.602,1.25135,1.2519,4.00,16.40
2009.01.08 23:12:47.242,1.25125,1.2519,21.60,16.40
2009.01.08 23:12:47.412,1.2513,1.2518,4.00,10.80
2009.01.08 23:12:47.802,1.25125,1.2517,1.60,8.00
2009.01.08 23:12:48.041,1.25115,1.2517,5.60,8.00
2009.01.08 23:12:49.481,1.25105,1.2517,8.00,8.00
2009.01.08 23:12:49.891,1.25105,1.2516,8.00,2.80
2009.01.08 23:12:50.501,1.25105,1.25165,8.00,8.00
2009.01.08 23:12:51.191,1.25115,1.25165,5.60,8.00
2009.01.08 23:12:51.471,1.2512,1.2517,4.00,8.00
2009.01.08 23:12:51.830,1.2512,1.25175,4.00,8.00
2009.01.08 23:12:57.669,1.25115,1.25165,9.60,8.00
2009.01.08 23:12:57.959,1.2511,1.25165,12.00,8.00
2009.01.08 23:12:59.009,1.2511,1.25165,8.00,8.00
2009.01.08 23:13:01.828,1.251,1.25165,12.00,8.00
2009.01.08 23:13:02.188,1.25115,1.2517,4.00,8.00
2009.01.08 23:13:02.358,1.2511,1.2518,12.00,8.00
2009.01.08 23:13:04.807,1.2513,1.25185,4.00,10.80
2009.01.08 23:13:05.687,1.25105,1.25175,8.00,8.00
2009.01.08 23:13:07.377,1.25105,1.2517,8.00,8.00
2009.01.08 23:13:08.237,1.25095,1.2516,21.60,8.00
2009.01.08 23:13:08.397,1.25095,1.2516,20.00,8.00
2009.01.08 23:13:08.686,1.25095,1.2516,12.00,8.00
2009.01.08 23:13:10.286,1.25095,1.2516,8.00,9.60
2009.01.08 23:13:12.456,1.251,1.25165,8.00,8.00
2009.01.08 23:13:15.295,1.25105,1.2517,8.00,8.00
2009.01.08 23:13:23.643,1.2509,1.25155,8.00,8.00
2009.01.08 23:13:24.103,1.2508,1.25145,8.00,8.00
2009.01.08 23:13:24.563,1.25075,1.2514,8.00,8.00
2009.01.08 23:13:24.943,1.2507,1.25135,8.00,8.00
2009.01.08 23:13:26.632,1.25065,1.2513,8.00,8.00
2009.01.08 23:13:28.472,1.25075,1.25135,8.00,8.00
2009.01.08 23:13:34.560,1.2507,1.25135,8.00,8.00
2009.01.08 23:13:35.030,1.25065,1.2513,11.20,8.00
2009.01.08 23:13:35.990,1.25075,1.25135,8.00,8.00
2009.01.08 23:13:37.769,1.25065,1.2513,8.00,8.00
2009.01.08 23:13:39.659,1.2506,1.25115,3.20,8.00
2009.01.08 23:13:40.079,1.25055,1.2512,11.20,8.00
2009.01.08 23:13:40.399,1.25055,1.2512,8.00,8.00
2009.01.08 23:13:44.088,1.2506,1.2512,8.00,8.00
2009.01.08 23:13:44.318,1.25065,1.2513,8.00,8.00
2009.01.08 23:13:46.038,1.25065,1.2513,16.00,8.00
2009.01.08 23:13:46.667,1.25075,1.25135,8.00,11.00
2009.01.08 23:13:47.127,1.25065,1.2513,8.00,8.00
2009.01.08 23:13:52.836,1.25065,1.2513,8.00,11.00
2009.01.08 23:13:58.564,1.25065,1.25125,8.00,3.00
2009.01.08 23:13:58.794,1.25055,1.2512,16.00,8.00
2009.01.08 23:13:59.244,1.25065,1.25125,8.00,3.00
2009.01.08 23:13:59.625,1.2506,1.2512,8.00,8.00
2009.01.08 23:14:02.774,1.25075,1.2512,4.00,8.00
2009.01.08 23:14:03.743,1.25075,1.25135,8.00,3.00
2009.01.08 23:14:06.963,1.25085,1.2514,8.00,3.00
2009.01.08 23:14:08.362,1.25085,1.25135,8.00,3.00
2009.01.08 23:14:08.822,1.2508,1.25135,12.00,3.00
2009.01.08 23:14:13.041,1.2508,1.2513,8.00,3.00
2009.01.08 23:14:13.501,1.25055,1.25125,8.00,8.00
2009.01.08 23:14:13.621,1.25055,1.2512,8.00,8.00
2009.01.08 23:14:14.750,1.2506,1.25125,8.00,11.00
2009.01.08 23:14:14.871,1.2506,1.25125,8.00,8.00
2009.01.08 23:14:16.830,1.25055,1.2512,8.00,8.00
2009.01.08 23:14:17.520,1.25055,1.2512,8.00,11.00
2009.01.08 23:14:27.177,1.2505,1.25105,4.00,8.00
2009.01.08 23:14:27.298,1.2504,1.25105,8.00,11.00
2009.01.08 23:14:27.467,1.2504,1.25105,8.00,8.00
2009.01.08 23:14:30.827,1.25055,1.2511,8.00,3.00
2009.01.08 23:14:30.987,1.25055,1.2512,8.00,8.00
2009.01.08 23:14:31.746,1.25055,1.2512,8.00,11.00
2009.01.08 23:14:34.376,1.25055,1.2512,8.00,8.00
2009.01.08 23:14:35.386,1.25055,1.25115,8.00,3.00
2009.01.08 23:14:38.035,1.2505,1.25115,8.00,11.00
2009.01.08 23:14:38.855,1.25045,1.2511,8.00,8.00
2009.01.08 23:14:44.563,1.25045,1.2511,8.00,11.00
2009.01.08 23:14:49.502,1.25045,1.2511,8.00,8.00
2009.01.08 23:14:51.772,1.25045,1.2511,8.00,11.00
2009.01.08 23:14:52.582,1.2504,1.25105,8.00,8.00
2009.01.08 23:14:52.761,1.25045,1.2511,8.00,8.00
2009.01.08 23:14:59.920,1.25045,1.2511,8.00,11.00
2009.01.08 23:15:00.799,1.2504,1.25105,8.00,8.00
2009.01.08 23:15:01.469,1.25045,1.2511,8.00,8.00
2009.01.08 23:15:08.787,1.2504,1.251,11.20,8.00
2009.01.08 23:15:12.206,1.2504,1.251,8.00,8.00
2009.01.08 23:15:28.763,1.25045,1.2511,8.00,8.00
2009.01.08 23:15:30.552,1.2505,1.25115,8.00,8.00
2009.01.08 23:15:33.831,1.25045,1.2511,8.00,8.00
2009.01.08 23:15:37.570,1.2505,1.25115,8.00,8.00
2009.01.08 23:15:45.369,1.25055,1.2512,8.00,8.00
2009.01.08 23:15:45.789,1.2505,1.25115,8.00,8.00
2009.01.08 23:15:52.577,1.25045,1.25105,8.00,8.00
2009.01.08 23:16:00.135,1.2505,1.25115,8.00,8.00
2009.01.08 23:16:04.944,1.2505,1.25115,12.00,8.00
2009.01.08 23:16:05.164,1.2506,1.25125,8.00,8.00
2009.01.08 23:16:23.609,1.25065,1.2513,8.00,8.00
2009.01.08 23:16:30.198,1.2506,1.25125,8.00,8.00
2009.01.08 23:16:32.227,1.25065,1.2513,8.00,8.00
2009.01.08 23:16:33.387,1.25075,1.2514,8.00,8.00
2009.01.08 23:16:33.907,1.25085,1.2515,8.00,8.00
2009.01.08 23:16:34.137,1.2508,1.25145,8.00,8.00
2009.01.08 23:16:42.255,1.2508,1.2513,8.00,1.60
2009.01.08 23:16:42.717,1.2508,1.25115,8.00,1.00
2009.01.08 23:16:42.775,1.2504,1.2512,12.00,8.00
2009.01.08 23:16:43.295,1.25045,1.2512,8.00,8.00
2009.01.08 23:16:43.695,1.2507,1.2513,8.00,2.80
2009.01.08 23:16:44.324,1.2507,1.25145,8.00,8.00
2009.01.08 23:16:49.763,1.25085,1.2515,8.00,8.00
2009.01.08 23:16:49.943,1.2509,1.25155,8.00,8.00
2009.01.08 23:16:51.963,1.25095,1.25155,8.00,3.00
2009.01.08 23:16:54.082,1.25105,1.25175,8.00,11.60
2009.01.08 23:16:54.142,1.25105,1.2517,8.00,10.80
2009.01.08 23:16:54.532,1.2511,1.2518,8.00,10.80
2009.01.08 23:16:55.612,1.25115,1.2517,8.00,2.80
2009.01.08 23:16:57.661,1.2512,1.2517,8.00,2.80
2009.01.08 23:17:03.550,1.25125,1.2518,13.60,3.40
2009.01.08 23:17:03.720,1.25125,1.25175,13.60,2.80
2009.01.08 23:17:04.129,1.25135,1.2518,5.60,3.40
2009.01.08 23:17:04.240,1.25135,1.25185,5.60,3.40
2009.01.08 23:17:05.759,1.25145,1.25185,4.00,3.40
2009.01.08 23:17:05.939,1.25145,1.25185,4.00,2.80
2009.01.08 23:17:06.449,1.25145,1.25195,5.60,11.40
2009.01.08 23:17:06.729,1.25145,1.25195,4.00,11.40
2009.01.08 23:17:06.899,1.25145,1.2519,4.00,8.00
2009.01.08 23:17:08.448,1.2514,1.25185,5.60,1.00
2009.01.08 23:17:08.739,1.2514,1.25185,5.60,3.40
2009.01.08 23:17:09.328,1.2514,1.25185,1.60,3.40
2009.01.08 23:17:09.798,1.25155,1.25185,4.00,2.80
2009.01.08 23:17:10.318,1.25155,1.2521,4.00,10.80
2009.01.08 23:17:10.838,1.25155,1.25205,4.00,2.80
2009.01.08 23:17:12.468,1.25165,1.25205,4.00,3.40
2009.01.08 23:17:13.857,1.25165,1.2521,4.00,11.40
2009.01.08 23:17:14.097,1.25165,1.252,4.00,2.80
2009.01.08 23:17:14.727,1.25155,1.2521,4.00,11.40
2009.01.08 23:17:14.957,1.2515,1.25205,13.60,10.80
2009.01.08 23:17:15.487,1.2515,1.252,13.60,3.40
2009.01.08 23:17:20.756,1.25145,1.25205,16.20,10.80
2009.01.08 23:17:23.035,1.2515,1.25205,4.20,8.00
2009.01.08 23:17:23.155,1.2515,1.25205,8.20,8.00
2009.01.08 23:17:23.505,1.2515,1.2521,8.20,10.80
2009.01.08 23:17:24.505,1.2516,1.2521,1.60,10.80
2009.01.08 23:17:25.604,1.2516,1.2521,5.60,10.80
2009.01.08 23:17:26.534,1.25165,1.2521,1.60,8.00
2009.01.08 23:17:27.514,1.25175,1.25215,4.00,8.40
2009.01.08 23:17:27.794,1.25185,1.2525,5.60,8.00
2009.01.08 23:17:30.243,1.25185,1.2523,5.60,2.80
2009.01.08 23:17:30.363,1.25185,1.25235,5.60,10.80
2009.01.08 23:17:31.223,1.25185,1.25225,5.60,8.00
2009.01.08 23:17:32.743,1.2518,1.25225,5.60,8.00
2009.01.08 23:17:35.492,1.2519,1.2523,1.60,8.00
2009.01.08 23:17:35.662,1.2519,1.2523,5.60,8.00
2009.01.08 23:17:36.512,1.252,1.2524,4.00,3.40
2009.01.08 23:17:36.932,1.252,1.2524,4.00,2.80
2009.01.08 23:17:37.102,1.25195,1.25245,1.60,11.60
2009.01.08 23:17:37.272,1.25205,1.25245,5.60,8.00
2009.01.08 23:17:37.602,1.25205,1.2524,5.60,8.00
2009.01.08 23:17:38.471,1.25205,1.25235,5.60,8.00
2009.01.08 23:17:42.300,1.25205,1.2523,1.60,8.00
2009.01.08 23:17:42.910,1.25195,1.2523,5.60,8.00
2009.01.08 23:17:43.030,1.25195,1.25225,5.60,8.00
2009.01.08 23:17:44.350,1.25195,1.25225,4.00,8.00
2009.01.08 23:17:44.860,1.2519,1.25225,5.60,8.00
2009.01.08 23:17:45.040,1.252,1.2523,4.00,8.00
2009.01.08 23:17:46.459,1.252,1.25235,4.00,8.00
2009.01.08 23:17:47.679,1.2519,1.25235,5.60,10.80
2009.01.08 23:17:47.899,1.2519,1.2523,1.60,8.00
2009.01.08 23:17:48.359,1.25175,1.2522,5.60,8.00
2009.01.08 23:17:48.639,1.25175,1.25225,5.60,8.00
2009.01.08 23:17:48.699,1.2517,1.25225,8.20,8.00
2009.01.08 23:17:49.219,1.2518,1.25225,8.00,8.00
2009.01.08 23:17:51.188,1.2518,1.25235,8.00,10.80
2009.01.08 23:17:55.737,1.25175,1.2523,16.00,2.80
2009.01.08 23:17:56.317,1.2518,1.2523,8.00,8.00
2009.01.08 23:17:57.477,1.2517,1.2523,13.60,8.00
2009.01.08 23:17:59.266,1.25175,1.25225,5.60,8.00
2009.01.08 23:18:00.086,1.25185,1.25225,4.00,8.00
2009.01.08 23:18:00.956,1.25185,1.2523,4.00,8.00
2009.01.08 23:18:06.014,1.2518,1.2524,12.00,8.00
2009.01.08 23:18:07.324,1.2518,1.2523,12.00,2.80
2009.01.08 23:18:07.604,1.25185,1.2523,4.00,2.80
2009.01.08 23:18:15.112,1.25185,1.2524,4.00,8.00
2009.01.08 23:18:15.223,1.2518,1.2524,12.00,8.00
2009.01.08 23:18:17.512,1.25185,1.2523,4.00,2.80
2009.01.08 23:18:27.010,1.2519,1.2523,1.60,2.80
2009.01.08 23:18:27.129,1.25195,1.2524,4.00,11.40
2009.01.08 23:18:29.189,1.25195,1.2524,5.60,3.40
2009.01.08 23:18:42.396,1.25195,1.2523,4.00,2.80
2009.01.08 23:18:43.036,1.2519,1.2523,4.00,2.80
2009.01.08 23:18:43.376,1.2518,1.25225,4.00,1.60
2009.01.08 23:18:44.056,1.2518,1.2522,4.00,2.80
2009.01.08 23:18:45.035,1.2518,1.2523,4.00,8.00
2009.01.08 23:18:45.205,1.2518,1.25235,5.60,10.80
2009.01.08 23:18:45.725,1.25175,1.2523,13.60,2.80
2009.01.08 23:18:46.435,1.2518,1.2523,8.00,2.80
2009.01.08 23:18:46.955,1.25195,1.2523,5.60,2.80
2009.01.08 23:18:47.255,1.25195,1.25235,5.60,2.80
2009.01.08 23:18:47.495,1.25195,1.2524,5.60,3.40
2009.01.08 23:18:48.595,1.252,1.2524,5.60,2.80
2009.01.08 23:18:49.284,1.252,1.2524,1.60,3.40
2009.01.08 23:18:49.344,1.25185,1.2523,13.60,2.80
2009.01.08 23:18:49.874,1.2519,1.2523,5.60,2.80
2009.01.08 23:18:51.424,1.25185,1.2524,13.60,3.40
2009.01.08 23:18:52.473,1.25185,1.2524,21.60,2.80
2009.01.08 23:18:52.583,1.2519,1.2524,2.60,2.80
2009.01.08 23:18:53.403,1.25185,1.2524,13.60,3.40
2009.01.08 23:18:58.182,1.2519,1.2524,5.60,3.40
2009.01.08 23:19:00.951,1.2519,1.2523,4.00,2.80
2009.01.08 23:19:01.401,1.2518,1.2523,8.00,2.80
2009.01.08 23:19:01.641,1.2518,1.25205,8.00,1.60
2009.01.08 23:19:02.331,1.25195,1.25205,4.00,1.60
2009.01.08 23:19:03.371,1.2518,1.25195,20.00,1.60
2009.01.08 23:19:03.801,1.2518,1.25195,8.00,1.60
2009.01.08 23:19:04.040,1.25175,1.25195,8.00,1.60
2009.01.08 23:19:04.611,1.2518,1.25195,13.60,1.60
2009.01.08 23:19:05.230,1.25185,1.25195,8.00,1.60
2009.01.08 23:19:05.880,1.252,1.2523,4.00,3.00
2009.01.08 23:19:07.250,1.252,1.2524,5.60,3.00
2009.01.08 23:19:11.659,1.2519,1.25195,10.80,1.60
2009.01.08 23:19:12.168,1.252,1.25245,5.60,3.80
2009.01.08 23:19:15.478,1.2519,1.25195,4.00,1.60
2009.01.08 23:19:17.757,1.25185,1.25195,5.60,1.60
2009.01.08 23:19:18.777,1.2519,1.25195,1.60,1.60
2009.01.08 23:19:19.007,1.25165,1.25195,8.00,1.60
2009.01.08 23:19:19.357,1.2516,1.25195,16.00,1.60
2009.01.08 23:19:19.757,1.25165,1.25195,8.00,1.60
2009.01.08 23:19:22.486,1.25165,1.25195,20.00,1.60
2009.01.08 23:19:22.816,1.25165,1.25195,21.60,1.60
2009.01.08 23:19:23.226,1.2517,1.25195,8.00,1.60
2009.01.08 23:19:23.686,1.2518,1.25195,4.00,1.60
2009.01.08 23:19:28.345,1.25195,1.25225,4.00,5.60
2009.01.08 23:19:36.043,1.2519,1.25195,4.00,1.60
2009.01.08 23:19:37.042,1.25185,1.25195,5.60,1.60
2009.01.08 23:19:37.333,1.2519,1.25195,4.00,1.60
2009.01.08 23:19:38.782,1.25185,1.25195,1.60,1.60
2009.01.08 23:19:39.182,1.2516,1.25195,16.00,1.60
2009.01.08 23:19:39.462,1.25165,1.25195,8.00,1.60
2009.01.08 23:19:39.932,1.2516,1.25195,8.00,1.60
2009.01.08 23:19:40.982,1.2516,1.25195,10.60,1.60
2009.01.08 23:19:42.681,1.25165,1.25195,8.00,1.60
2009.01.08 23:19:43.911,1.2516,1.25195,10.60,1.60
2009.01.08 23:19:44.711,1.2516,1.25195,2.60,1.60
2009.01.08 23:19:44.871,1.2516,1.25195,10.60,1.60
2009.01.08 23:19:45.760,1.2517,1.25195,8.00,1.60
2009.01.08 23:19:49.350,1.25185,1.25195,2.60,1.60
2009.01.08 23:19:51.279,1.2518,1.25195,8.00,1.60
2009.01.08 23:19:51.459,1.2517,1.25195,8.00,1.60
2009.01.08 23:19:58.868,1.25165,1.25195,16.00,1.60
2009.01.08 23:20:01.187,1.25165,1.25235,16.00,12.40
2009.01.08 23:20:04.526,1.25165,1.25225,16.00,13.00
2009.01.08 23:20:04.646,1.2516,1.25215,6.60,10.80
2009.01.08 23:20:04.706,1.25165,1.2519,8.00,1.60
2009.01.08 23:20:04.826,1.25165,1.2519,16.00,1.60
2009.01.08 23:20:06.626,1.2518,1.25225,4.00,3.80
2009.01.08 23:20:07.275,1.2517,1.2518,9.60,1.60
2009.01.08 23:20:07.635,1.2516,1.2518,10.60,1.60
2009.01.08 23:20:15.564,1.2516,1.2518,12.20,1.60
2009.01.08 23:20:15.673,1.2517,1.2518,4.00,1.60
2009.01.08 23:20:16.353,1.25165,1.2518,21.60,1.60
2009.01.08 23:20:17.453,1.25165,1.2518,17.60,1.60
2009.01.08 23:20:17.623,1.2517,1.2518,9.60,1.60
2009.01.08 23:20:18.073,1.2517,1.2518,8.00,1.60
2009.01.08 23:20:20.242,1.2516,1.2518,18.60,1.60
2009.01.08 23:20:20.422,1.2516,1.2518,10.60,1.60
2009.01.08 23:20:25.041,1.2516,1.2518,18.60,1.60
2009.01.08 23:20:25.221,1.2517,1.2518,8.00,1.60
2009.01.08 23:20:26.611,1.2516,1.2518,10.60,1.60
2009.01.08 23:20:45.146,1.2517,1.2518,8.00,1.60
2009.01.08 23:20:56.963,1.2516,1.2518,18.60,1.60
2009.01.08 23:20:57.083,1.2516,1.2518,10.60,1.60
2009.01.08 23:21:00.552,1.2516,1.25235,10.60,9.60
2009.01.08 23:21:01.792,1.2517,1.2522,2.60,9.60
2009.01.08 23:21:01.972,1.2518,1.2522,8.00,1.60
2009.01.08 23:21:02.142,1.25185,1.2519,2.60,1.60
2009.01.08 23:21:05.391,1.25185,1.25235,2.60,1.60
2009.01.08 23:21:05.921,1.25185,1.2519,2.60,1.60
2009.01.08 23:21:06.671,1.2517,1.2519,8.00,1.60
2009.01.08 23:21:08.901,1.2516,1.25175,10.60,1.60
2009.01.08 23:21:09.080,1.2516,1.25175,2.60,1.60
2009.01.08 23:21:24.917,1.2515,1.25175,2.60,1.60
2009.01.08 23:21:24.976,1.2516,1.25175,2.60,1.60
2009.01.08 23:21:41.103,1.2515,1.25175,16.00,1.60
2009.01.08 23:21:41.443,1.2515,1.25175,8.00,1.60
2009.01.08 23:21:42.062,1.25135,1.25175,13.60,1.60
2009.01.08 23:22:00.708,1.2514,1.25185,4.00,4.60
2009.01.08 23:22:04.177,1.2514,1.25175,4.00,3.20
2009.01.08 23:22:04.637,1.2513,1.25175,8.00,3.20
2009.01.08 23:22:04.697,1.25105,1.25175,12.00,8.00
2009.01.08 23:22:05.417,1.25105,1.25175,8.00,8.00
2009.01.08 23:22:05.627,1.251,1.2517,8.00,8.00
2009.01.08 23:22:05.907,1.25105,1.2517,11.20,8.00
2009.01.08 23:22:06.267,1.25105,1.2517,8.00,8.00
2009.01.08 23:22:07.646,1.25105,1.25165,8.00,8.00
2009.01.08 23:22:08.786,1.25105,1.25165,8.00,11.00
2009.01.08 23:22:10.985,1.25105,1.2516,4.00,8.00
2009.01.08 23:22:13.825,1.25095,1.2516,13.60,10.80
2009.01.08 23:22:13.995,1.25095,1.2516,12.00,14.00
2009.01.08 23:22:14.174,1.25095,1.2516,12.00,10.80
2009.01.08 23:22:14.615,1.25095,1.25145,12.00,1.60
2009.01.08 23:22:14.724,1.25085,1.25135,11.20,16.40
2009.01.08 23:22:15.244,1.2509,1.2513,8.00,3.00
2009.01.08 23:22:15.594,1.25065,1.2512,8.00,8.00
2009.01.08 23:22:15.894,1.25035,1.25105,8.00,8.00
2009.01.08 23:22:16.224,1.2505,1.25105,4.00,8.00
2009.01.08 23:22:16.504,1.25035,1.25105,12.00,8.00
2009.01.08 23:22:17.074,1.25045,1.25105,8.00,8.00
2009.01.08 23:22:17.994,1.25045,1.2509,8.00,5.60
2009.01.08 23:22:18.164,1.25035,1.2509,4.00,10.80
2009.01.08 23:22:18.733,1.25025,1.25095,21.60,16.40
2009.01.08 23:22:19.174,1.25025,1.25085,20.00,10.80
2009.01.08 23:22:19.586,1.2504,1.2509,4.00,6.40
2009.01.08 23:22:19.983,1.2504,1.25085,4.00,8.00
2009.01.08 23:22:20.843,1.25055,1.25085,4.00,8.00
2009.01.08 23:22:21.423,1.25055,1.25095,4.00,3.00
2009.01.08 23:22:21.653,1.25055,1.2509,4.00,8.00
2009.01.08 23:22:25.712,1.25055,1.251,4.00,17.00
2009.01.08 23:22:27.182,1.25055,1.251,4.00,11.40
2009.01.08 23:22:27.651,1.2506,1.251,4.00,10.80
2009.01.08 23:22:28.121,1.2506,1.25105,4.00,14.00
2009.01.08 23:22:28.581,1.25045,1.25095,20.00,1.00
2009.01.08 23:22:29.691,1.2506,1.25095,4.00,1.00
2009.01.08 23:22:29.971,1.25055,1.2511,13.60,3.40
2009.01.08 23:22:31.360,1.25065,1.25105,4.00,2.80
2009.01.08 23:22:31.660,1.2506,1.25115,13.60,6.00
2009.01.08 23:22:32.300,1.2506,1.2511,13.60,2.80
2009.01.08 23:22:32.580,1.2506,1.2512,24.20,10.80
2009.01.08 23:22:34.500,1.2506,1.25115,16.20,8.00
2009.01.08 23:22:37.839,1.2506,1.25115,14.60,8.00
2009.01.08 23:22:37.949,1.2506,1.25115,16.20,8.00
2009.01.08 23:22:38.409,1.2506,1.2512,16.20,10.80
2009.01.08 23:22:38.799,1.2506,1.2512,14.60,10.80
2009.01.08 23:22:39.039,1.2506,1.2512,16.20,10.80
2009.01.08 23:22:42.927,1.25075,1.2512,4.00,10.80
2009.01.08 23:22:43.048,1.2507,1.25135,13.60,10.80
2009.01.08 23:22:43.227,1.2507,1.25135,13.60,9.60
2009.01.08 23:22:45.177,1.2508,1.25135,4.00,9.60
2009.01.08 23:22:45.417,1.2508,1.25135,4.00,8.00
2009.01.08 23:22:46.747,1.2508,1.25135,12.00,8.00
2009.01.08 23:22:46.987,1.25075,1.25135,20.00,8.00
2009.01.08 23:22:48.036,1.25075,1.25135,20.00,10.80
2009.01.08 23:22:50.486,1.25075,1.25135,16.00,10.80
2009.01.08 23:22:56.524,1.25085,1.25135,4.00,10.80
2009.01.08 23:22:58.224,1.25075,1.25135,12.00,10.80
2009.01.08 23:23:00.243,1.25085,1.25135,4.00,10.80
2009.01.08 23:23:00.813,1.25075,1.25135,17.60,10.80
2009.01.08 23:23:00.933,1.25075,1.25135,16.00,10.80
2009.01.08 23:23:05.452,1.25075,1.25135,16.00,12.40
2009.01.08 23:23:05.902,1.25075,1.25135,16.00,15.60
2009.01.08 23:23:06.072,1.2508,1.2513,8.00,8.00
2009.01.08 23:23:06.182,1.25075,1.2512,16.00,1.60
2009.01.08 23:23:06.352,1.25075,1.25125,8.00,3.00
2009.01.08 23:23:06.462,1.25075,1.25125,5.60,6.00
2009.01.08 23:23:08.271,1.25075,1.2513,5.60,11.00
2009.01.08 23:23:08.492,1.2507,1.2513,13.60,3.00
2009.01.08 23:23:09.471,1.2507,1.25135,13.60,14.00
2009.01.08 23:23:14.920,1.2508,1.25135,4.00,14.00
2009.01.08 23:23:20.049,1.2508,1.25135,4.00,15.60
2009.01.08 23:23:22.938,1.25075,1.25135,12.00,15.60
2009.01.08 23:23:23.698,1.25075,1.25135,13.60,15.60
2009.01.08 23:23:29.047,1.25075,1.25135,12.00,15.60
2009.01.08 23:23:29.157,1.2508,1.25135,4.00,15.60
2009.01.08 23:23:31.216,1.25075,1.25135,12.00,15.60
2009.01.08 23:23:31.436,1.25075,1.2513,12.00,3.00
2009.01.08 23:23:31.546,1.25075,1.2513,12.00,3.60
2009.01.08 23:23:31.716,1.25075,1.2512,13.60,2.80
2009.01.08 23:23:32.116,1.2508,1.2512,5.60,2.80
2009.01.08 23:23:32.296,1.25075,1.25135,13.60,15.60
2009.01.08 23:23:35.825,1.2508,1.25135,4.00,12.40
2009.01.08 23:23:37.615,1.25075,1.25135,13.60,12.40
2009.01.08 23:23:37.854,1.25075,1.25135,13.60,10.80
2009.01.08 23:23:48.032,1.2508,1.25135,5.60,10.80
2009.01.08 23:23:48.672,1.2508,1.25135,4.00,10.80
2009.01.08 23:23:55.330,1.2508,1.25125,4.00,1.60
2009.01.08 23:23:55.550,1.2507,1.25125,12.00,7.20
2009.01.08 23:23:56.140,1.25075,1.25125,4.00,10.80
2009.01.08 23:23:56.260,1.2508,1.25125,4.00,10.80
2009.01.08 23:23:57.010,1.2508,1.2512,4.00,2.80
2009.01.08 23:24:02.748,1.25075,1.2512,1.60,2.80
2009.01.08 23:24:03.038,1.2507,1.25125,8.00,10.80
2009.01.08 23:24:07.267,1.2508,1.25125,4.00,10.80
2009.01.08 23:24:07.717,1.2508,1.2512,4.00,2.80
2009.01.08 23:24:37.030,1.2508,1.25125,4.00,3.40
2009.01.08 23:24:37.600,1.25075,1.25125,5.60,3.40
2009.01.08 23:24:37.770,1.25075,1.25125,5.60,11.40
2009.01.08 23:24:41.779,1.25075,1.2512,4.00,8.00
2009.01.08 23:24:44.548,1.2507,1.2512,1.60,8.00
2009.01.08 23:24:45.008,1.2506,1.2512,22.60,10.80
2009.01.08 23:24:45.178,1.25075,1.2512,4.00,8.00
2009.01.08 23:24:48.827,1.25075,1.25125,1.60,11.40
2009.01.08 23:24:49.407,1.2507,1.2512,4.00,10.80
2009.01.08 23:24:50.877,1.25065,1.2512,6.60,10.80
2009.01.08 23:24:51.337,1.25085,1.2512,4.00,8.00
2009.01.08 23:24:51.457,1.2508,1.2513,4.00,8.00
2009.01.08 23:24:52.786,1.2509,1.2513,4.00,8.40
2009.01.08 23:24:53.206,1.25085,1.2513,1.60,8.40
2009.01.08 23:24:53.516,1.2505,1.2512,24.20,10.80
2009.01.08 23:24:54.636,1.2506,1.2512,27.40,10.80
2009.01.08 23:24:55.106,1.2508,1.2512,4.00,10.80
2009.01.08 23:24:55.226,1.2507,1.25125,5.60,2.00
2009.01.08 23:24:55.846,1.2508,1.25125,4.00,3.40
2009.01.08 23:24:56.686,1.25075,1.25125,12.00,3.40
2009.01.08 23:24:57.895,1.2508,1.25125,5.60,3.40
2009.01.08 23:24:58.915,1.2508,1.25125,5.60,2.80
2009.01.08 23:24:59.035,1.2509,1.25135,4.00,8.00
2009.01.08 23:24:59.775,1.2509,1.25135,4.00,8.40
2009.01.08 23:25:02.884,1.25085,1.2513,4.00,8.00
2009.01.08 23:25:04.703,1.2509,1.2513,4.00,8.00
2009.01.08 23:25:05.323,1.2509,1.25145,4.00,10.80
2009.01.08 23:25:05.733,1.2509,1.2514,4.00,8.00
2009.01.08 23:25:06.123,1.2509,1.2514,4.00,10.80
2009.01.08 23:25:08.083,1.2509,1.2514,4.00,8.00
2009.01.08 23:25:08.303,1.2509,1.25145,4.00,10.80
2009.01.08 23:25:09.002,1.2509,1.2514,10.60,2.80
2009.01.08 23:25:09.642,1.2509,1.2515,18.60,10.80
2009.01.08 23:25:18.060,1.2509,1.2515,18.60,16.40
2009.01.08 23:25:18.171,1.2509,1.2514,2.60,2.80
2009.01.08 23:25:21.789,1.2509,1.25145,2.60,10.80
2009.01.08 23:25:22.389,1.2509,1.25135,2.60,2.80
2009.01.08 23:25:22.679,1.2509,1.25135,6.60,2.80
2009.01.08 23:25:22.789,1.2509,1.2515,14.60,10.80
2009.01.08 23:25:23.299,1.251,1.25155,8.00,12.40
2009.01.08 23:25:23.569,1.251,1.25155,8.00,10.80
2009.01.08 23:25:24.498,1.2509,1.2515,22.60,10.80
2009.01.08 23:25:38.435,1.2509,1.2515,18.60,10.80
2009.01.08 23:25:39.335,1.2509,1.2515,10.60,10.80
2009.01.08 23:25:40.305,1.2509,1.2515,14.60,10.80
2009.01.08 23:25:40.545,1.2509,1.2515,22.60,10.80
2009.01.08 23:25:44.234,1.2509,1.2515,14.60,10.80
2009.01.08 23:25:44.704,1.2509,1.2514,14.60,1.60
2009.01.08 23:25:44.764,1.2509,1.2514,6.60,2.80
2009.01.08 23:25:48.313,1.2509,1.2514,6.60,1.60
2009.01.08 23:25:49.372,1.2509,1.2514,2.60,1.60
2009.01.08 23:25:49.483,1.2509,1.2515,18.60,10.80
2009.01.08 23:25:50.622,1.2509,1.25145,18.60,3.00
2009.01.08 23:25:50.842,1.2509,1.25145,8.00,6.00
2009.01.08 23:25:51.132,1.2509,1.25145,4.00,14.00
2009.01.08 23:25:53.102,1.2509,1.2514,4.00,10.80
2009.01.08 23:25:54.491,1.2509,1.2513,4.00,8.00
2009.01.08 23:25:54.601,1.25085,1.2513,1.60,8.00
2009.01.08 23:25:55.061,1.2509,1.2513,4.00,8.00
2009.01.08 23:25:55.121,1.2509,1.2514,4.00,14.00
2009.01.08 23:25:57.201,1.2509,1.2514,4.00,11.00
2009.01.08 23:25:57.660,1.2509,1.2514,4.00,3.00
2009.01.08 23:25:59.090,1.2509,1.25145,4.00,14.00
2009.01.08 23:26:12.157,1.25095,1.2515,4.00,11.00
2009.01.08 23:26:16.836,1.251,1.2515,9.60,11.00
2009.01.08 23:26:17.006,1.25105,1.25155,4.00,14.20
2009.01.08 23:26:18.646,1.2511,1.25155,4.00,14.20
2009.01.08 23:26:18.886,1.2511,1.25155,4.00,6.20
2009.01.08 23:26:18.945,1.2511,1.25145,4.00,1.60
2009.01.08 23:26:19.125,1.2511,1.2516,4.00,14.00
2009.01.08 23:26:19.755,1.25105,1.2516,12.00,6.00
2009.01.08 23:26:19.935,1.25105,1.2516,12.00,3.00
2009.01.08 23:26:27.214,1.25105,1.2516,8.00,3.00
2009.01.08 23:26:27.443,1.25105,1.2516,9.60,11.00
2009.01.08 23:26:27.553,1.25095,1.2516,12.00,11.00
2009.01.08 23:26:28.823,1.25095,1.2515,12.00,1.60
2009.01.08 23:26:28.943,1.25095,1.25155,8.00,4.60
2009.01.08 23:26:29.363,1.25095,1.25155,12.00,4.60
2009.01.08 23:26:29.583,1.251,1.2515,4.00,3.00
2009.01.08 23:26:29.983,1.25075,1.25135,8.00,5.60
2009.01.08 23:26:30.313,1.25075,1.2513,8.00,8.00
2009.01.08 23:26:30.423,1.25055,1.2512,3.20,8.00
2009.01.08 23:26:31.173,1.2505,1.2512,8.00,8.00
2009.01.08 23:26:31.412,1.25045,1.25115,11.20,8.00
2009.01.08 23:26:33.222,1.2505,1.25115,8.00,8.00
2009.01.08 23:26:33.452,1.25055,1.2512,8.00,8.00
2009.01.08 23:26:35.941,1.2505,1.25115,8.00,8.00
2009.01.08 23:26:38.071,1.25045,1.2511,8.00,8.00
2009.01.08 23:26:44.709,1.2504,1.25105,11.20,8.00
2009.01.08 23:26:44.819,1.2504,1.25105,8.00,11.00
2009.01.08 23:26:45.229,1.2503,1.25095,8.00,8.00
2009.01.08 23:26:45.579,1.25035,1.25095,3.20,8.00
2009.01.08 23:26:45.939,1.2503,1.25095,11.20,8.00
2009.01.08 23:26:47.259,1.2503,1.25095,8.00,8.00
2009.01.08 23:26:49.468,1.2504,1.251,8.00,8.00
2009.01.08 23:26:50.388,1.2503,1.25095,8.00,8.00
2009.01.08 23:26:51.348,1.2503,1.25095,8.00,11.00
2009.01.08 23:26:51.757,1.25025,1.25085,8.00,8.00
2009.01.08 23:26:52.138,1.25015,1.2508,8.00,8.00
2009.01.08 23:26:55.496,1.25015,1.25075,8.00,8.00
2009.01.08 23:26:57.876,1.2503,1.25075,4.80,8.00
2009.01.08 23:26:57.936,1.25045,1.251,8.00,8.00
2009.01.08 23:26:59.016,1.2505,1.2509,8.00,8.00
2009.01.08 23:26:59.416,1.25045,1.2509,8.00,8.00
2009.01.08 23:26:59.825,1.2504,1.2509,2.60,9.60
2009.01.08 23:27:01.315,1.2504,1.25095,10.60,8.00
2009.01.08 23:27:01.595,1.2504,1.25095,2.60,8.00
2009.01.08 23:27:03.045,1.2504,1.25095,10.60,8.00
2009.01.08 23:27:03.275,1.2504,1.25095,2.60,8.00
2009.01.08 23:27:03.735,1.2504,1.25085,2.60,2.80
2009.01.08 23:27:04.394,1.25035,1.2509,3.20,12.00
2009.01.08 23:27:04.755,1.25035,1.2508,3.20,5.60
2009.01.08 23:27:05.164,1.25035,1.25075,3.20,2.80
2009.01.08 23:27:05.724,1.2504,1.2508,2.60,2.80
2009.01.08 23:27:07.874,1.2503,1.25075,8.00,7.20
2009.01.08 23:27:08.453,1.25025,1.2508,10.60,10.80
2009.01.08 23:27:08.804,1.25025,1.25065,10.60,2.80
2009.01.08 23:27:09.273,1.2504,1.25075,2.60,4.40
2009.01.08 23:27:09.993,1.2504,1.2508,2.60,2.80
2009.01.08 23:27:11.583,1.25035,1.2508,2.60,2.80
2009.01.08 23:27:12.332,1.25035,1.25075,2.60,2.80
2009.01.08 23:27:13.822,1.2504,1.25085,2.60,10.80
2009.01.08 23:27:14.752,1.2504,1.2508,2.60,8.40
2009.01.08 23:27:15.152,1.2504,1.25075,2.60,1.60
2009.01.08 23:27:16.452,1.2504,1.2508,2.60,2.80
2009.01.08 23:27:16.971,1.2504,1.2508,2.60,1.60
2009.01.08 23:27:20.950,1.2504,1.25095,2.60,10.80
2009.01.08 23:27:22.140,1.2504,1.25095,8.00,11.40
2009.01.08 23:27:25.489,1.2504,1.25095,2.60,10.80
2009.01.08 23:27:31.238,1.2504,1.25095,5.80,10.80
2009.01.08 23:27:31.818,1.2504,1.2509,13.80,2.80
2009.01.08 23:27:32.038,1.2504,1.25095,13.80,8.00
2009.01.08 23:27:37.327,1.2504,1.251,13.80,9.60
2009.01.08 23:27:38.017,1.2504,1.251,10.60,9.60
2009.01.08 23:27:38.186,1.2505,1.251,8.00,8.00
2009.01.08 23:27:40.566,1.2505,1.25105,8.00,9.60
2009.01.08 23:28:04.670,1.2505,1.25105,12.00,9.60
2009.01.08 23:28:04.960,1.2505,1.25105,12.00,8.00
2009.01.08 23:28:05.710,1.25045,1.25105,20.00,8.00
2009.01.08 23:28:07.709,1.2505,1.25105,12.00,8.00
2009.01.08 23:28:07.819,1.2505,1.25105,8.00,8.00
2009.01.08 23:28:08.219,1.2505,1.25105,8.00,9.60
2009.01.08 23:28:08.509,1.2505,1.25105,8.00,10.80
2009.01.08 23:28:36.532,1.2505,1.25095,8.00,1.60
2009.01.08 23:28:37.462,1.2504,1.251,18.60,9.60
2009.01.08 23:29:13.054,1.2504,1.251,18.60,15.20
2009.01.08 23:29:13.173,1.2504,1.2509,10.60,1.60
2009.01.08 23:29:13.703,1.2504,1.2509,2.60,1.60
2009.01.08 23:29:30.509,1.2504,1.2509,2.60,2.80
2009.01.08 23:29:34.218,1.2504,1.2509,2.60,1.60
2009.01.08 23:29:37.517,1.2504,1.25085,2.60,1.60
2009.01.08 23:29:37.917,1.2504,1.25085,8.00,1.60
2009.01.08 23:29:38.167,1.2504,1.25085,2.60,2.80
2009.01.08 23:29:39.347,1.2504,1.25085,2.60,4.40
2009.01.08 23:29:39.877,1.2504,1.2508,2.60,2.80
2009.01.08 23:29:43.956,1.2504,1.2508,2.60,4.40
2009.01.08 23:29:47.175,1.2504,1.2507,2.60,1.60
2009.01.08 23:29:47.815,1.25035,1.2507,2.60,1.60
2009.01.08 23:29:49.185,1.25035,1.25075,2.60,2.80
2009.01.08 23:29:49.654,1.25035,1.2508,2.60,4.40
2009.01.08 23:29:49.815,1.2504,1.2508,2.60,4.40
2009.01.08 23:29:50.904,1.2504,1.2508,2.60,1.60
2009.01.08 23:29:51.084,1.2504,1.25095,2.60,10.80
2009.01.08 23:29:51.594,1.2504,1.2509,2.60,2.80
2009.01.08 23:29:58.223,1.2504,1.2509,2.60,4.40
2009.01.08 23:30:05.671,1.2504,1.25085,2.60,1.60
2009.01.08 23:30:16.418,1.2504,1.2508,2.60,5.60
2009.01.08 23:30:16.588,1.2504,1.25075,2.60,1.60
2009.01.08 23:30:18.848,1.2504,1.25085,2.60,3.20
2009.01.08 23:30:19.127,1.2504,1.25085,2.60,1.60
2009.01.08 23:30:27.125,1.2504,1.25085,4.20,1.60
2009.01.08 23:30:27.685,1.2505,1.25085,4.00,1.60
2009.01.08 23:30:28.345,1.2505,1.2509,5.60,1.60
2009.01.08 23:30:29.435,1.2505,1.2509,1.60,1.60
2009.01.08 23:30:29.885,1.2504,1.2509,18.60,1.60
2009.01.08 23:30:30.605,1.2504,1.25085,2.60,1.60
2009.01.08 23:30:33.304,1.2505,1.25085,4.00,1.60
2009.01.08 23:30:34.664,1.2505,1.2509,5.60,1.60
2009.01.08 23:30:35.133,1.2505,1.2509,4.00,1.60
2009.01.08 23:30:35.303,1.2504,1.2509,18.60,1.60
2009.01.08 23:30:35.874,1.2504,1.25085,2.60,1.60
2009.01.08 23:30:36.213,1.2504,1.25085,5.80,1.60
2009.01.08 23:30:36.793,1.2504,1.25085,2.60,1.60
2009.01.08 23:30:41.442,1.25045,1.25085,4.00,8.80
2009.01.08 23:30:42.252,1.2504,1.25075,6.60,1.60
2009.01.08 23:30:42.423,1.2504,1.2508,6.60,1.60
2009.01.08 23:30:43.122,1.2504,1.25075,6.60,1.60
2009.01.08 23:30:47.851,1.2504,1.25085,2.60,1.60
2009.01.08 23:31:23.012,1.2504,1.25085,13.60,8.00
2009.01.08 23:31:23.742,1.2504,1.2508,12.00,1.60
2009.01.08 23:31:23.862,1.2503,1.2507,4.00,9.60
2009.01.08 23:31:31.470,1.2503,1.25065,4.00,1.60
2009.01.08 23:31:31.580,1.2503,1.2507,4.00,9.60
2009.01.08 23:31:41.697,1.2503,1.25065,4.00,1.60
2009.01.08 23:31:48.816,1.25035,1.2508,1.60,15.20
2009.01.08 23:31:48.986,1.2504,1.2508,2.60,8.00
2009.01.08 23:31:49.615,1.2504,1.25085,2.60,1.60
2009.01.08 23:31:51.095,1.2504,1.2508,2.60,1.60
2009.01.08 23:32:09.331,1.25055,1.2508,8.00,1.60
2009.01.08 23:32:14.739,1.25045,1.2508,8.00,1.60
2009.01.08 23:32:19.368,1.2504,1.2508,2.60,1.60
2009.01.08 23:32:34.345,1.2502,1.25065,2.60,1.60
2009.01.08 23:32:38.674,1.2502,1.25065,2.60,8.80
2009.01.08 23:32:38.784,1.2502,1.25055,2.60,1.60
2009.01.08 23:32:45.372,1.25015,1.2505,2.60,1.60
2009.01.08 23:32:46.302,1.25015,1.2505,2.60,2.40
2009.01.08 23:32:50.021,1.25015,1.2505,2.60,4.00
2009.01.08 23:32:56.219,1.25015,1.2505,6.60,4.00
2009.01.08 23:32:57.019,1.25015,1.2505,6.60,1.00
2009.01.08 23:33:07.267,1.25015,1.25045,6.60,1.00
2009.01.08 23:33:07.906,1.25015,1.25045,6.60,2.40
2009.01.08 23:33:09.696,1.25015,1.25045,6.60,1.60
2009.01.08 23:33:10.046,1.25015,1.2505,6.60,1.00
2009.01.08 23:33:10.786,1.25015,1.25055,8.20,4.40
2009.01.08 23:33:11.526,1.25015,1.25055,8.20,1.60
2009.01.08 23:33:12.026,1.25015,1.25055,8.20,4.40
2009.01.08 23:33:16.384,1.2502,1.2506,5.60,3.40
2009.01.08 23:33:16.495,1.2502,1.2506,5.60,5.00
2009.01.08 23:33:16.554,1.2502,1.2505,4.00,4.40
2009.01.08 23:33:16.965,1.2502,1.2505,4.00,1.60
2009.01.08 23:33:17.595,1.2502,1.2506,4.00,12.40
2009.01.08 23:33:24.863,1.2503,1.2506,1.00,9.60
2009.01.08 23:33:24.982,1.2503,1.2505,1.00,1.60
2009.01.08 23:33:27.402,1.25035,1.2505,4.00,1.60
2009.01.08 23:33:28.222,1.25035,1.2506,4.00,1.60
2009.01.08 23:33:37.220,1.2503,1.2506,6.60,1.60
2009.01.08 23:33:37.559,1.25035,1.2506,4.00,1.60
2009.01.08 23:33:48.557,1.25025,1.25085,6.60,12.40
2009.01.08 23:33:49.267,1.2503,1.25085,2.60,12.40
2009.01.08 23:33:49.436,1.2503,1.25075,2.60,1.60
2009.01.08 23:33:58.856,1.2503,1.2507,5.80,1.60
2009.01.08 23:34:15.130,1.2503,1.25065,5.80,1.60
2009.01.08 23:34:15.190,1.2503,1.25065,2.60,1.60
2009.01.08 23:34:15.250,1.25025,1.25065,24.20,1.60
2009.01.08 23:34:15.770,1.25025,1.2506,6.60,1.60
2009.01.08 23:34:18.999,1.25025,1.25085,6.60,10.80
2009.01.08 23:34:19.529,1.25035,1.25085,1.00,10.80
2009.01.08 23:34:19.819,1.25025,1.25085,9.80,12.40
2009.01.08 23:34:21.049,1.25025,1.25075,6.60,3.00
2009.01.08 23:34:21.469,1.25025,1.25075,6.60,4.60
2009.01.08 23:34:22.099,1.25025,1.25065,6.60,1.60
2009.01.08 23:34:22.499,1.25025,1.25075,6.60,4.60
2009.01.08 23:34:25.468,1.25025,1.2506,6.60,1.60
2009.01.08 23:34:33.606,1.25025,1.2506,2.60,1.60
2009.01.08 23:34:39.474,1.25025,1.25055,2.60,1.60
2009.01.08 23:35:10.867,1.25025,1.2506,2.60,1.60
2009.01.08 23:35:24.014,1.25025,1.2505,2.60,1.60
2009.01.08 23:35:24.654,1.2503,1.2506,1.60,3.20
2009.01.08 23:35:25.123,1.2502,1.2506,8.80,1.60
2009.01.08 23:35:25.763,1.2503,1.25075,5.80,12.40
2009.01.08 23:35:26.153,1.2503,1.25065,5.80,1.60
2009.01.08 23:35:32.702,1.2503,1.2509,5.80,12.40
2009.01.08 23:35:35.601,1.2503,1.2507,5.80,1.60
2009.01.08 23:35:37.180,1.2503,1.2507,2.60,1.60
2009.01.08 23:35:37.360,1.2503,1.25065,2.60,1.60
2009.01.08 23:35:45.209,1.25025,1.25075,3.40,4.60
2009.01.08 23:35:45.259,1.25025,1.2506,3.40,1.60
2009.01.08 23:35:51.717,1.25025,1.2506,2.60,1.60
2009.01.08 23:35:51.887,1.25025,1.2506,8.20,1.60
2009.01.08 23:35:52.397,1.25025,1.2506,6.60,1.60
2009.01.08 23:35:52.857,1.25025,1.2506,2.60,1.60
2009.01.08 23:35:55.796,1.25025,1.2506,6.60,1.60
2009.01.08 23:35:56.206,1.25025,1.2506,8.20,1.60
2009.01.08 23:35:58.825,1.25025,1.2506,4.20,1.60
2009.01.08 23:35:58.935,1.25025,1.2506,2.60,1.60
2009.01.08 23:35:59.595,1.25025,1.25055,2.60,1.60
2009.01.08 23:36:04.344,1.25025,1.25055,4.20,1.60
2009.01.08 23:36:04.464,1.25025,1.25055,8.20,1.60
2009.01.08 23:36:05.314,1.25025,1.25055,4.20,1.60
2009.01.08 23:36:06.284,1.25025,1.2506,5.80,1.60
2009.01.08 23:36:08.193,1.25025,1.2506,2.60,1.60
2009.01.08 23:36:16.451,1.25025,1.2506,2.60,3.20
2009.01.08 23:36:16.571,1.25015,1.25045,10.60,1.60
2009.01.08 23:36:17.261,1.25015,1.25045,2.60,1.60
2009.01.08 23:36:19.001,1.2501,1.2505,8.00,3.00
2009.01.08 23:36:19.751,1.25,1.2505,2.60,4.60
2009.01.08 23:36:23.129,1.25,1.2504,2.60,1.60
2009.01.08 23:36:26.938,1.25,1.2504,5.80,1.60
2009.01.08 23:36:38.885,1.2501,1.25055,3.20,10.80
2009.01.08 23:36:39.126,1.2501,1.25055,3.20,9.60
2009.01.08 23:36:39.765,1.2501,1.2505,3.20,3.20
2009.01.08 23:36:39.945,1.25005,1.2505,3.20,3.20
2009.01.08 23:36:43.205,1.25005,1.2504,3.20,1.60
2009.01.08 23:36:43.325,1.25,1.2504,2.60,1.60
2009.01.08 23:36:43.435,1.25,1.2504,2.60,3.20
2009.01.08 23:36:43.794,1.25,1.2504,5.80,3.20
2009.01.08 23:36:48.153,1.25,1.2504,5.80,1.60
2009.01.08 23:36:48.273,1.2501,1.25055,3.20,10.80
2009.01.08 23:36:48.903,1.25005,1.2505,3.20,3.20
2009.01.08 23:36:49.303,1.25005,1.25045,3.20,5.60
2009.01.08 23:36:49.474,1.25005,1.2504,3.20,1.60
2009.01.08 23:36:50.083,1.25,1.2504,5.80,3.20
2009.01.08 23:36:57.961,1.25,1.2504,13.80,3.20
2009.01.08 23:37:00.440,1.25,1.2504,5.80,3.20
2009.01.08 23:37:08.648,1.25,1.25035,5.80,1.60
2009.01.08 23:37:14.987,1.25,1.2504,5.80,1.60
2009.01.08 23:37:16.957,1.25,1.2504,3.20,1.60
2009.01.08 23:37:19.416,1.24995,1.2504,19.20,1.60
2009.01.08 23:37:19.466,1.24995,1.2504,20.00,2.80
2009.01.08 23:37:19.586,1.24995,1.2504,11.20,2.80
2009.01.08 23:37:19.816,1.25,1.2504,8.00,2.80
2009.01.08 23:37:19.926,1.2499,1.25035,13.80,2.80
2009.01.08 23:37:21.365,1.24975,1.25035,16.80,14.00
2009.01.08 23:37:21.416,1.24975,1.25035,8.80,14.00
2009.01.08 23:37:41.810,1.24975,1.25025,7.20,1.60
2009.01.08 23:37:41.921,1.24975,1.2503,7.20,9.60
2009.01.08 23:37:45.120,1.24975,1.2503,8.80,8.00
2009.01.08 23:37:45.740,1.2498,1.2503,4.00,3.00
2009.01.08 23:37:45.800,1.2497,1.2503,3.20,11.00
2009.01.08 23:37:45.979,1.24965,1.25025,20.80,3.00
2009.01.08 23:37:51.018,1.24975,1.25025,1.60,3.00
2009.01.08 23:37:51.488,1.2497,1.25025,9.60,3.00
2009.01.08 23:37:51.758,1.24965,1.25025,20.80,3.00
2009.01.08 23:37:52.498,1.24965,1.25025,19.20,3.00
2009.01.08 23:37:53.088,1.24965,1.25025,11.20,11.00
2009.01.08 23:37:59.616,1.24965,1.25025,19.20,11.00
2009.01.08 23:38:01.285,1.2497,1.25025,8.00,3.00
2009.01.08 23:38:03.725,1.24985,1.25035,1.60,6.00
2009.01.08 23:38:03.965,1.24985,1.25045,11.20,3.00
2009.01.08 23:38:05.645,1.24995,1.25045,8.00,3.00
2009.01.08 23:38:05.705,1.24995,1.25055,11.20,6.00
2009.01.08 23:38:06.234,1.24995,1.25055,11.20,14.00
2009.01.08 23:38:06.285,1.24995,1.25055,11.20,11.00
2009.01.08 23:38:08.984,1.24995,1.2505,3.20,8.00
2009.01.08 23:38:09.104,1.2499,1.2505,3.20,11.00
2009.01.08 23:38:11.233,1.24995,1.25055,3.20,12.60
2009.01.08 23:38:16.402,1.25,1.25055,7.20,9.60
2009.01.08 23:38:16.512,1.25,1.2506,11.20,3.00
2009.01.08 23:38:17.712,1.25005,1.2506,8.00,3.00
2009.01.08 23:38:18.002,1.25005,1.25065,11.20,3.00
2009.01.08 23:38:18.232,1.25005,1.2506,3.20,8.00
2009.01.08 23:38:18.821,1.25005,1.25065,11.20,3.00
2009.01.08 23:38:19.871,1.2501,1.2507,3.20,12.60
2009.01.08 23:38:20.051,1.25005,1.2506,8.00,3.00
2009.01.08 23:38:20.281,1.2501,1.2507,3.20,11.00
2009.01.08 23:38:21.701,1.2501,1.2507,11.20,11.00
2009.01.08 23:38:22.781,1.2501,1.2506,11.20,1.60
2009.01.08 23:38:23.130,1.2501,1.25065,8.00,4.60
2009.01.08 23:38:24.590,1.2501,1.25065,8.00,3.00
2009.01.08 23:38:25.360,1.25015,1.2507,3.20,8.00
2009.01.08 23:38:25.530,1.25015,1.25075,11.20,11.00
2009.01.08 23:38:27.290,1.25015,1.25075,11.20,12.60
2009.01.08 23:38:27.849,1.25015,1.2507,3.20,8.00
2009.01.08 23:38:30.919,1.25015,1.25075,11.20,11.00
2009.01.08 23:38:31.089,1.25015,1.2507,3.20,8.00
2009.01.08 23:38:31.679,1.25015,1.25075,11.20,11.00
2009.01.08 23:38:31.858,1.25015,1.2507,3.20,8.00
2009.01.08 23:38:32.148,1.2502,1.2507,3.20,8.00
2009.01.08 23:38:35.138,1.2502,1.2507,7.20,8.00
2009.01.08 23:38:35.717,1.25025,1.2507,3.20,8.00
2009.01.08 23:38:35.947,1.25025,1.25085,11.20,12.60
2009.01.08 23:38:37.627,1.25025,1.25085,11.20,11.00
2009.01.08 23:38:38.027,1.25025,1.25085,11.20,3.00
2009.01.08 23:38:38.207,1.2503,1.2509,3.20,12.60
2009.01.08 23:38:39.717,1.25035,1.25095,3.20,12.60
2009.01.08 23:38:40.926,1.2504,1.25095,3.20,8.00
2009.01.08 23:38:41.036,1.2504,1.251,3.20,12.60
2009.01.08 23:38:41.556,1.2504,1.251,11.20,4.60
2009.01.08 23:38:42.246,1.25055,1.25105,3.20,8.00
2009.01.08 23:38:42.826,1.2505,1.2511,3.20,11.00
2009.01.08 23:38:44.135,1.2505,1.2511,7.20,11.00
2009.01.08 23:38:44.246,1.25055,1.25105,11.20,1.60
2009.01.08 23:38:44.535,1.25055,1.25105,3.20,1.60
2009.01.08 23:38:46.775,1.2506,1.25105,3.20,1.60
2009.01.08 23:38:47.295,1.2506,1.25115,3.20,8.00
2009.01.08 23:38:48.045,1.2506,1.2512,3.20,12.60
2009.01.08 23:38:48.634,1.2506,1.2512,11.20,4.60
2009.01.08 23:38:49.094,1.25065,1.2512,8.00,3.00
2009.01.08 23:38:50.604,1.25065,1.25125,11.20,3.00
2009.01.08 23:38:50.714,1.25065,1.25115,11.20,1.60
2009.01.08 23:38:51.184,1.25065,1.25115,3.20,1.60
2009.01.08 23:38:51.304,1.2508,1.25115,3.20,1.60
2009.01.08 23:38:51.354,1.2508,1.2512,3.20,9.60
2009.01.08 23:38:51.414,1.2507,1.2512,3.20,9.60
2009.01.08 23:38:51.693,1.25065,1.2512,3.20,9.60
2009.01.08 23:38:56.942,1.2506,1.2512,3.20,12.60
2009.01.08 23:38:56.993,1.2506,1.25115,3.20,8.00
2009.01.08 23:38:57.512,1.2506,1.25115,3.20,9.60
2009.01.08 23:38:58.142,1.2506,1.2511,3.20,8.00
2009.01.08 23:38:58.372,1.2507,1.2511,3.20,8.00
2009.01.08 23:38:58.592,1.25055,1.2511,3.20,8.00
2009.01.08 23:38:59.282,1.2505,1.2511,3.20,11.00
2009.01.08 23:39:02.621,1.2505,1.2511,3.20,12.60
2009.01.08 23:39:03.091,1.2505,1.25105,3.20,8.00
2009.01.08 23:39:28.235,1.2505,1.2511,3.20,11.00
2009.01.08 23:39:43.631,1.25045,1.251,3.20,9.60
2009.01.08 23:39:50.609,1.2504,1.251,8.00,9.60
2009.01.08 23:39:57.878,1.2504,1.2509,8.00,1.60
2009.01.08 23:39:57.997,1.25035,1.2509,11.20,1.60
2009.01.08 23:40:00.477,1.25035,1.2508,3.20,1.60
2009.01.08 23:40:00.817,1.25035,1.25085,3.20,9.60
2009.01.08 23:40:01.107,1.2503,1.2508,3.20,9.60
2009.01.08 23:40:02.077,1.2504,1.25085,3.20,8.00
2009.01.08 23:40:04.926,1.2504,1.251,3.20,11.00
2009.01.08 23:40:05.676,1.2504,1.25095,3.20,8.00
2009.01.08 23:40:05.965,1.2504,1.251,3.20,11.00
2009.01.08 23:40:13.064,1.25045,1.25105,11.20,3.00
2009.01.08 23:40:20.242,1.2506,1.2511,8.00,3.00
2009.01.08 23:40:20.953,1.2506,1.25115,8.00,3.00
2009.01.08 23:40:21.412,1.25055,1.25115,3.20,11.00
2009.01.08 23:40:21.752,1.25055,1.25115,11.20,3.00
2009.01.08 23:40:22.811,1.25055,1.25115,11.20,4.60
2009.01.08 23:40:23.331,1.25055,1.2511,3.20,8.00
2009.01.08 23:40:24.991,1.25055,1.2511,11.20,8.00
2009.01.08 23:40:25.501,1.2506,1.2511,11.20,1.60
2009.01.08 23:40:25.551,1.2506,1.2511,3.20,8.00
2009.01.08 23:40:26.191,1.2506,1.25115,3.20,8.00
2009.01.08 23:40:26.532,1.2506,1.2511,3.20,8.00
2009.01.08 23:40:29.380,1.2506,1.25115,3.20,9.60
2009.01.08 23:40:30.050,1.2506,1.25115,3.20,8.00
2009.01.08 23:40:36.538,1.2506,1.2512,11.20,11.80
2009.01.08 23:40:37.158,1.2507,1.2513,3.20,11.00
2009.01.08 23:40:37.708,1.25085,1.2513,1.60,11.00
2009.01.08 23:40:37.828,1.2508,1.2513,9.60,3.00
2009.01.08 23:40:38.178,1.2508,1.25135,9.60,3.00
2009.01.08 23:40:38.688,1.25085,1.2514,8.00,3.00
2009.01.08 23:40:40.547,1.251,1.2514,1.60,3.00
2009.01.08 23:40:41.057,1.2509,1.2514,1.60,3.00
2009.01.08 23:40:41.577,1.2509,1.2514,8.00,3.00
2009.01.08 23:40:41.637,1.25075,1.25135,3.20,11.00
2009.01.08 23:40:42.507,1.25075,1.25135,11.20,11.00
2009.01.08 23:40:43.007,1.25075,1.2513,3.20,8.00
2009.01.08 23:40:46.006,1.25075,1.2512,3.20,8.00
2009.01.08 23:40:46.636,1.2507,1.2513,3.20,11.00
2009.01.08 23:40:49.035,1.25075,1.2513,8.00,3.00
2009.01.08 23:40:51.095,1.2509,1.25135,1.60,8.00
2009.01.08 23:40:51.435,1.2509,1.2514,1.60,3.00
2009.01.08 23:40:51.815,1.2509,1.2513,1.60,3.00
2009.01.08 23:40:52.105,1.25085,1.2513,5.60,3.00
2009.01.08 23:40:52.744,1.25085,1.25135,5.60,3.00
2009.01.08 23:40:53.374,1.2508,1.25125,8.00,1.60
2009.01.08 23:40:53.774,1.25075,1.2511,3.20,1.00
2009.01.08 23:40:54.344,1.25065,1.25125,9.60,3.00
2009.01.08 23:40:54.904,1.2507,1.25125,3.20,8.00
2009.01.08 23:40:55.374,1.25065,1.2512,3.20,8.00
2009.01.08 23:40:55.604,1.2506,1.2512,11.20,11.00
2009.01.08 23:40:56.063,1.25065,1.2512,3.20,8.00
2009.01.08 23:40:56.833,1.2507,1.2512,3.20,8.00
2009.01.08 23:40:59.773,1.2507,1.2513,3.20,12.60
2009.01.08 23:41:00.392,1.25085,1.2513,3.20,9.60
2009.01.08 23:41:01.062,1.2508,1.2513,3.20,9.60
2009.01.08 23:41:24.157,1.2508,1.25115,3.20,1.00
2009.01.08 23:41:24.327,1.25075,1.25115,3.20,2.40
2009.01.08 23:41:24.716,1.25085,1.25115,3.20,1.60
2009.01.08 23:41:24.827,1.25085,1.25135,3.20,8.00
2009.01.08 23:41:25.236,1.2508,1.2513,3.20,9.60
2009.01.08 23:41:28.476,1.25085,1.2513,3.20,2.40
2009.01.08 23:41:29.105,1.25085,1.2514,3.20,8.00
2009.01.08 23:41:29.405,1.25085,1.25145,11.20,3.00
2009.01.08 23:41:30.555,1.25085,1.2514,3.20,8.00
2009.01.08 23:41:32.594,1.25085,1.2514,4.80,8.00
2009.01.08 23:41:33.404,1.25085,1.2514,8.80,8.00
2009.01.08 23:41:33.574,1.2509,1.2515,3.20,13.40
2009.01.08 23:41:33.754,1.2509,1.2515,4.80,11.80
2009.01.08 23:41:34.564,1.2509,1.2515,12.80,3.00
2009.01.08 23:41:36.134,1.2509,1.2515,3.20,13.40
2009.01.08 23:41:37.854,1.2509,1.2515,12.80,3.00
2009.01.08 23:41:42.822,1.2509,1.25145,9.60,3.00
2009.01.08 23:41:43.002,1.25095,1.25145,1.60,3.00
2009.01.08 23:41:44.632,1.251,1.2514,7.20,1.60
2009.01.08 23:41:44.992,1.251,1.25165,7.20,11.80
2009.01.08 23:41:45.521,1.2509,1.25155,11.20,3.00
2009.01.08 23:41:46.791,1.2509,1.25145,3.20,8.00
2009.01.08 23:41:47.181,1.2509,1.2515,11.20,11.00
2009.01.08 23:41:47.531,1.25095,1.2515,9.60,3.00
2009.01.08 23:41:49.261,1.251,1.2515,1.60,3.00
2009.01.08 23:41:49.661,1.2509,1.2514,12.00,3.00
2009.01.08 23:41:50.070,1.25085,1.2514,12.00,3.00
2009.01.08 23:41:50.350,1.25095,1.2514,1.60,4.60
2009.01.08 23:41:51.060,1.25095,1.25135,1.60,3.00
2009.01.08 23:41:51.290,1.251,1.25145,1.60,14.00
2009.01.08 23:41:51.570,1.25105,1.25145,4.00,14.00
2009.01.08 23:41:52.090,1.25105,1.2514,4.00,3.40
2009.01.08 23:41:52.320,1.25105,1.25135,4.00,2.80
2009.01.08 23:41:53.060,1.2512,1.25145,4.00,6.00
2009.01.08 23:41:53.649,1.2512,1.2514,4.00,2.80
2009.01.08 23:41:53.879,1.2511,1.2514,1.60,1.60
2009.01.08 23:41:54.059,1.251,1.2513,5.60,1.60
2009.01.08 23:41:56.109,1.251,1.25135,5.60,4.60
2009.01.08 23:41:56.629,1.2509,1.25125,13.60,1.60
2009.01.08 23:41:56.809,1.25095,1.2513,1.60,9.60
2009.01.08 23:41:57.199,1.25095,1.2513,1.60,18.20
2009.01.08 23:41:57.488,1.2508,1.25115,4.00,2.80
2009.01.08 23:41:58.408,1.25075,1.25115,13.60,2.80
2009.01.08 23:41:58.689,1.2508,1.25115,3.20,10.80
2009.01.08 23:41:59.139,1.251,1.2512,4.00,8.00
2009.01.08 23:41:59.258,1.2509,1.25145,4.00,2.80
2009.01.08 23:41:59.828,1.2509,1.25155,4.00,13.60
2009.01.08 23:42:00.278,1.251,1.25155,4.00,10.80
2009.01.08 23:42:00.508,1.25105,1.25155,5.60,10.80
2009.01.08 23:42:00.678,1.25105,1.2515,5.60,2.80
2009.01.08 23:42:01.028,1.25105,1.2515,1.60,2.80
2009.01.08 23:42:01.198,1.25105,1.25155,1.60,10.80
2009.01.08 23:42:02.997,1.251,1.25145,4.00,1.60
2009.01.08 23:42:03.237,1.2509,1.25145,9.60,1.60
2009.01.08 23:42:03.907,1.2509,1.2515,9.60,9.60
2009.01.08 23:42:04.377,1.25105,1.25155,1.60,10.80
2009.01.08 23:42:07.906,1.25105,1.2515,1.60,13.60
2009.01.08 23:42:08.146,1.25105,1.2515,1.60,8.00
2009.01.08 23:42:08.646,1.25105,1.25155,1.60,10.80
2009.01.08 23:42:17.224,1.2509,1.2515,9.60,9.60
2009.01.08 23:42:17.574,1.251,1.2515,1.60,9.60
2009.01.08 23:42:18.254,1.251,1.25145,5.60,1.60
2009.01.08 23:42:18.494,1.251,1.2515,5.60,9.60
2009.01.08 23:42:21.663,1.25105,1.2515,4.00,9.60
2009.01.08 23:42:22.123,1.25095,1.25145,13.60,1.60
2009.01.08 23:42:22.302,1.251,1.25145,5.60,1.60
2009.01.08 23:42:22.922,1.251,1.2515,5.60,9.60
2009.01.08 23:42:23.802,1.2511,1.2515,1.60,8.00
2009.01.08 23:42:24.274,1.2511,1.2515,5.60,8.00
2009.01.08 23:42:24.512,1.25105,1.25155,8.80,10.80
2009.01.08 23:42:25.172,1.25115,1.2517,4.00,8.00
2009.01.08 23:42:25.522,1.2511,1.25175,12.00,10.80
2009.01.08 23:42:25.932,1.25115,1.2517,4.00,8.00
2009.01.08 23:42:26.162,1.25105,1.25155,16.80,1.60
2009.01.08 23:42:26.702,1.2511,1.2516,4.00,9.60
2009.01.08 23:42:27.001,1.25115,1.2516,4.00,9.60
2009.01.08 23:42:27.531,1.25105,1.25165,8.00,8.00
2009.01.08 23:42:27.761,1.25105,1.2517,9.60,8.00
2009.01.08 23:42:28.401,1.2512,1.25175,3.20,10.80
2009.01.08 23:42:28.571,1.2511,1.25175,8.00,8.00
2009.01.08 23:42:29.331,1.25105,1.2517,12.80,8.00
2009.01.08 23:42:34.490,1.25105,1.2516,11.20,1.60
2009.01.08 23:42:34.719,1.25105,1.25165,3.20,9.60
2009.01.08 23:42:35.300,1.25105,1.25165,4.80,8.00
2009.01.08 23:42:35.520,1.25105,1.2515,8.00,8.40
2009.01.08 23:42:36.039,1.251,1.2516,8.00,9.20
2009.01.08 23:42:36.449,1.251,1.25145,8.00,2.80
2009.01.08 23:42:36.669,1.251,1.2515,8.00,9.60
2009.01.08 23:42:40.998,1.251,1.25145,8.00,1.60
2009.01.08 23:42:41.758,1.251,1.2514,8.00,1.60
2009.01.08 23:42:49.528,1.2509,1.25125,10.60,1.60
2009.01.08 23:42:50.106,1.25075,1.25115,16.00,5.60
2009.01.08 23:42:50.516,1.25085,1.25155,7.20,11.60
2009.01.08 23:42:50.686,1.25095,1.2515,1.60,8.00
2009.01.08 23:42:51.225,1.25095,1.2515,5.60,8.00
2009.01.08 23:42:51.486,1.2509,1.2516,13.60,8.00
2009.01.08 23:42:52.106,1.2509,1.25155,13.60,8.00
2009.01.08 23:43:01.353,1.2509,1.2514,9.60,1.60
2009.01.08 23:43:01.533,1.25095,1.2514,1.60,1.60
2009.01.08 23:43:09.011,1.25085,1.25135,8.00,1.60
2009.01.08 23:43:09.761,1.2508,1.2514,3.20,9.60
2009.01.08 23:43:20.928,1.2508,1.25135,3.20,8.00
2009.01.08 23:43:22.528,1.2508,1.25145,11.20,8.00
2009.01.08 23:43:24.657,1.2508,1.25145,8.00,9.60
2009.01.08 23:43:25.167,1.25075,1.2514,20.80,8.00
2009.01.08 23:43:26.867,1.25075,1.25125,20.80,1.60
2009.01.08 23:43:27.377,1.25075,1.25125,12.80,1.60
2009.01.08 23:43:28.347,1.2509,1.25135,1.60,8.00
2009.01.08 23:43:29.036,1.2509,1.2514,1.60,10.80
2009.01.08 23:43:29.546,1.2509,1.25135,1.60,2.80
2009.01.08 23:43:30.126,1.2509,1.25145,1.60,10.80
2009.01.08 23:43:31.506,1.2508,1.25135,12.00,1.60
2009.01.08 23:43:31.676,1.25075,1.2514,20.80,9.60
2009.01.08 23:43:33.525,1.25085,1.25135,8.00,1.60
2009.01.08 23:43:33.936,1.251,1.2514,1.60,4.40
2009.01.08 23:43:34.225,1.2509,1.2513,5.60,1.60
2009.01.08 23:43:34.345,1.2509,1.2513,5.60,3.20
2009.01.08 23:43:34.905,1.2509,1.25135,5.60,10.80
2009.01.08 23:43:38.654,1.25085,1.2514,1.60,8.00
2009.01.08 23:43:39.344,1.2508,1.25145,12.80,10.80
2009.01.08 23:43:39.524,1.25085,1.2515,8.00,8.00
2009.01.08 23:43:39.634,1.25085,1.2515,11.20,8.00
2009.01.08 23:43:39.854,1.25085,1.2515,8.00,8.00
2009.01.08 23:43:40.494,1.2508,1.25145,11.20,8.00
2009.01.08 23:43:40.904,1.2508,1.25145,8.00,8.00
2009.01.08 23:43:41.014,1.25075,1.25135,20.80,8.00
2009.01.08 23:43:42.843,1.2508,1.25145,8.00,10.80
2009.01.08 23:43:43.313,1.25075,1.25135,20.80,8.00
2009.01.08 23:43:47.572,1.2508,1.25145,8.00,10.80
2009.01.08 23:43:47.752,1.25075,1.25135,20.80,8.00
2009.01.08 23:43:47.982,1.2508,1.25145,8.00,10.80
2009.01.08 23:43:48.842,1.25075,1.25135,20.80,8.00
2009.01.08 23:43:49.022,1.2508,1.25145,8.00,10.80
2009.01.08 23:43:49.592,1.25075,1.25135,20.80,8.00
2009.01.08 23:43:49.821,1.2508,1.25145,8.00,10.80
2009.01.08 23:43:50.851,1.25075,1.25135,20.80,8.00
2009.01.08 23:43:51.071,1.2508,1.25145,8.00,10.80
2009.01.08 23:43:51.351,1.25075,1.25135,20.80,8.00
2009.01.08 23:43:51.872,1.2508,1.25135,8.00,1.60
2009.01.08 23:43:52.041,1.2508,1.25145,8.00,10.80
2009.01.08 23:43:52.851,1.2508,1.25135,8.00,1.60
2009.01.08 23:43:52.911,1.25075,1.25135,20.80,8.00
2009.01.08 23:43:53.081,1.2508,1.25145,8.00,10.80
2009.01.08 23:43:53.560,1.25075,1.25135,20.80,8.00
2009.01.08 23:43:54.120,1.2508,1.25145,8.00,10.80
2009.01.08 23:43:54.460,1.2508,1.25135,8.00,1.60
2009.01.08 23:43:54.700,1.25075,1.25135,20.80,8.00
2009.01.08 23:43:55.350,1.2508,1.25145,8.00,10.80
2009.01.08 23:43:55.510,1.25075,1.25135,20.80,8.00
2009.01.08 23:43:56.470,1.2508,1.25135,8.00,1.60
2009.01.08 23:43:56.640,1.25075,1.25135,20.80,8.00
2009.01.08 23:43:57.180,1.2508,1.25145,8.00,10.80
2009.01.08 23:43:57.360,1.2508,1.25135,8.00,1.60
2009.01.08 23:43:57.539,1.25075,1.25135,20.80,8.00
2009.01.08 23:43:58.049,1.2508,1.25145,8.00,10.80
2009.01.08 23:43:58.399,1.2508,1.25135,8.00,1.60
2009.01.08 23:43:58.689,1.25075,1.25135,20.80,8.00
2009.01.08 23:43:59.279,1.2508,1.25145,8.00,10.80
2009.01.08 23:43:59.979,1.2508,1.25135,8.00,1.60
2009.01.08 23:44:00.509,1.2508,1.25145,8.00,10.80
2009.01.08 23:44:00.629,1.25075,1.25135,20.80,8.00
2009.01.08 23:44:01.199,1.2508,1.25145,8.00,10.80
2009.01.08 23:44:01.309,1.25075,1.25135,20.80,8.00
2009.01.08 23:44:01.889,1.2508,1.25145,8.00,10.80
2009.01.08 23:44:02.748,1.25075,1.25135,20.80,8.00
2009.01.08 23:44:02.988,1.2508,1.25135,8.00,1.60
2009.01.08 23:44:03.458,1.2508,1.25145,8.00,10.80
2009.01.08 23:44:03.738,1.25075,1.25135,20.80,8.00
2009.01.08 23:44:04.028,1.2508,1.25145,8.00,10.80
2009.01.08 23:44:04.668,1.25075,1.25135,20.80,8.00
2009.01.08 23:44:04.838,1.25075,1.25135,17.60,8.00
2009.01.08 23:44:05.238,1.2508,1.25145,8.00,10.80
2009.01.08 23:44:05.458,1.25075,1.25135,17.60,8.00
2009.01.08 23:44:06.048,1.2508,1.25145,8.00,10.80
2009.01.08 23:44:06.227,1.25075,1.25135,17.60,8.00
2009.01.08 23:44:14.096,1.2508,1.25125,8.00,8.00
2009.01.08 23:44:14.535,1.2508,1.2512,8.00,8.00
2009.01.08 23:44:18.534,1.2507,1.2512,10.60,9.60
2009.01.08 23:44:19.234,1.2507,1.25115,10.60,8.00
2009.01.08 23:44:19.864,1.2507,1.25115,2.60,8.00
2009.01.08 23:44:20.894,1.2507,1.25115,10.60,8.00
2009.01.08 23:44:21.004,1.2508,1.25115,1.60,8.00
2009.01.08 23:44:21.464,1.2508,1.25115,4.00,2.80
2009.01.08 23:44:22.054,1.2508,1.2512,8.00,8.00
2009.01.08 23:44:23.923,1.2508,1.2512,9.60,8.00
2009.01.08 23:44:24.623,1.25075,1.2512,16.00,4.40
2009.01.08 23:44:24.743,1.2508,1.25125,8.00,10.80
2009.01.08 23:44:25.153,1.2508,1.2512,8.00,8.00
2009.01.08 23:44:25.333,1.2508,1.25115,8.00,8.00
2009.01.08 23:44:29.692,1.2508,1.2512,8.00,8.00
2009.01.08 23:44:31.961,1.2508,1.25115,8.00,8.00
2009.01.08 23:44:35.720,1.2508,1.2512,8.00,8.00
2009.01.08 23:44:35.840,1.2508,1.25115,8.00,8.00
2009.01.08 23:44:37.270,1.2507,1.25115,10.60,8.00
2009.01.08 23:44:37.840,1.2507,1.25115,10.60,9.60
2009.01.08 23:44:38.190,1.2507,1.25115,10.60,8.00
2009.01.08 23:44:38.760,1.2508,1.25115,8.00,8.00
2009.01.08 23:44:38.939,1.2507,1.25115,10.60,9.60
2009.01.08 23:44:42.169,1.2507,1.25115,10.60,8.00
2009.01.08 23:44:43.039,1.2508,1.2512,8.00,8.00
2009.01.08 23:44:43.089,1.2508,1.25125,8.00,8.00
2009.01.08 23:44:43.759,1.2508,1.2512,8.00,8.00
2009.01.08 23:44:45.898,1.2508,1.2512,9.60,8.00
2009.01.08 23:44:46.008,1.25075,1.25125,17.60,8.00
2009.01.08 23:44:46.468,1.25075,1.2513,17.60,8.00
2009.01.08 23:44:48.027,1.25085,1.2514,8.00,8.00
2009.01.08 23:44:48.717,1.2509,1.25145,8.00,8.00
2009.01.08 23:44:49.507,1.2508,1.25135,8.00,8.00
2009.01.08 23:44:49.907,1.2508,1.25135,8.00,9.60
2009.01.08 23:44:50.367,1.25075,1.25125,16.00,8.00
2009.01.08 23:44:50.727,1.25075,1.2513,16.00,8.00
2009.01.08 23:45:07.273,1.2508,1.25125,8.00,8.00
2009.01.08 23:45:09.652,1.25075,1.2513,16.00,8.00
2009.01.08 23:45:12.961,1.25085,1.2513,4.00,8.00
2009.01.08 23:45:13.661,1.25085,1.2513,5.60,8.00
2009.01.08 23:45:13.891,1.25085,1.2514,8.00,8.00
2009.01.08 23:45:15.191,1.25085,1.2514,8.00,9.60
2009.01.08 23:45:15.831,1.2508,1.25135,8.00,8.00
2009.01.08 23:45:18.270,1.2508,1.25135,8.00,10.80
2009.01.08 23:45:21.039,1.25075,1.25125,16.00,8.00
2009.01.08 23:45:25.698,1.25075,1.2513,16.00,8.00
2009.01.08 23:45:26.158,1.25075,1.25125,16.00,8.00
2009.01.08 23:45:26.278,1.25075,1.2513,16.00,8.00
2009.01.08 23:45:33.626,1.2509,1.2513,4.80,8.00
2009.01.08 23:45:33.746,1.25105,1.2513,8.00,2.80
2009.01.08 23:45:34.696,1.25105,1.2514,8.00,1.60
2009.01.08 23:45:35.276,1.2511,1.2514,5.60,8.00
2009.01.08 23:45:35.956,1.25115,1.2514,4.00,8.00
2009.01.08 23:45:36.886,1.2511,1.2514,5.60,8.00
2009.01.08 23:45:37.506,1.2511,1.2514,12.00,8.00
2009.01.08 23:45:37.865,1.25105,1.2514,20.00,1.60
2009.01.08 23:45:38.155,1.25105,1.25155,16.00,10.80
2009.01.08 23:45:39.365,1.251,1.2514,8.00,2.80
2009.01.08 23:45:39.535,1.2509,1.2514,8.00,2.80
2009.01.08 23:45:41.894,1.25095,1.2513,8.00,2.80
2009.01.08 23:45:42.814,1.251,1.2513,8.00,2.80
2009.01.08 23:45:43.694,1.251,1.2514,5.60,4.20
2009.01.08 23:45:43.814,1.25105,1.25145,1.60,3.40
2009.01.08 23:45:44.104,1.251,1.25145,9.60,3.40
2009.01.08 23:45:44.164,1.25105,1.25135,4.00,2.80
2009.01.08 23:45:49.393,1.25105,1.25145,5.60,3.40
2009.01.08 23:45:49.912,1.251,1.25145,9.60,4.80
2009.01.08 23:45:50.092,1.25095,1.2513,8.00,2.80
2009.01.08 23:45:50.782,1.251,1.2513,8.00,2.80
2009.01.08 23:45:52.602,1.25095,1.2513,8.00,2.80
2009.01.08 23:45:53.901,1.251,1.2513,8.00,2.80
2009.01.08 23:45:58.061,1.25095,1.2513,8.00,2.80
2009.01.08 23:46:03.679,1.2511,1.25145,4.00,3.40
2009.01.08 23:46:04.189,1.25105,1.25145,12.00,3.40
2009.01.08 23:46:04.369,1.25105,1.25145,8.00,3.40
2009.01.08 23:46:04.999,1.251,1.25135,8.00,2.80
2009.01.08 23:46:05.679,1.25095,1.2513,8.00,2.80
2009.01.08 23:46:24.314,1.251,1.2514,8.00,3.40
2009.01.08 23:46:37.072,1.25105,1.2514,13.60,1.20
2009.01.08 23:46:39.220,1.25115,1.2514,5.60,1.20
2009.01.08 23:46:42.180,1.25105,1.2514,13.60,1.20
2009.01.08 23:46:52.427,1.25105,1.2514,12.00,1.20
2009.01.08 23:46:52.597,1.25105,1.2514,12.00,1.00
2009.01.08 23:46:53.207,1.2511,1.2515,8.00,5.00
2009.01.08 23:46:54.637,1.2511,1.25145,8.00,1.20
2009.01.08 23:46:54.977,1.2512,1.2516,8.00,2.80
2009.01.08 23:46:55.617,1.25135,1.25175,5.60,8.00
2009.01.08 23:46:55.797,1.25135,1.25175,8.00,1.60
2009.01.08 23:46:59.416,1.2513,1.25175,8.00,8.00
2009.01.08 23:47:00.065,1.2512,1.25175,8.00,8.00
2009.01.08 23:47:02.365,1.2512,1.25175,9.60,8.00
2009.01.08 23:47:02.535,1.25125,1.2518,8.00,8.00
2009.01.08 23:47:03.485,1.25125,1.2518,9.60,8.00
2009.01.08 23:47:04.005,1.2514,1.2518,5.60,8.00
2009.01.08 23:47:04.174,1.25135,1.25175,13.60,1.60
2009.01.08 23:47:05.865,1.25145,1.25175,8.00,1.60
2009.01.08 23:47:06.094,1.2514,1.25175,13.60,1.60
2009.01.08 23:47:10.953,1.2514,1.25175,12.00,1.60
2009.01.08 23:47:11.003,1.2514,1.25175,8.00,1.60
2009.01.08 23:47:11.713,1.25125,1.2518,16.00,8.00
2009.01.08 23:47:15.062,1.2513,1.2517,8.00,8.00
2009.01.08 23:47:19.061,1.25125,1.2517,16.00,2.80
2009.01.08 23:47:20.071,1.2514,1.2518,5.60,3.40
2009.01.08 23:47:20.341,1.2514,1.25185,5.60,9.60
2009.01.08 23:47:20.810,1.2514,1.25175,4.00,1.60
2009.01.08 23:47:21.220,1.25135,1.25175,8.00,1.60
2009.01.08 23:47:21.331,1.25125,1.2518,21.60,8.00
2009.01.08 23:47:21.450,1.25125,1.2518,17.60,8.00
2009.01.08 23:47:21.740,1.25125,1.2518,16.00,8.00
2009.01.08 23:47:23.670,1.2513,1.2517,8.00,8.00
2009.01.08 23:47:24.430,1.2513,1.25165,8.00,8.00
2009.01.08 23:47:24.839,1.2512,1.2516,2.60,10.80
2009.01.08 23:47:25.010,1.2512,1.25145,1.00,1.60
2009.01.08 23:47:25.360,1.25115,1.25145,8.00,1.60
2009.01.08 23:47:25.879,1.2511,1.2515,8.00,8.00
2009.01.08 23:47:26.429,1.2511,1.25155,8.00,8.00
2009.01.08 23:47:26.879,1.25105,1.2516,16.00,8.00
2009.01.08 23:47:27.059,1.2511,1.25165,8.00,8.00
2009.01.08 23:47:28.269,1.25105,1.2516,16.00,8.00
2009.01.08 23:47:28.938,1.2511,1.2515,8.00,8.00
2009.01.08 23:47:29.269,1.25105,1.25155,16.00,8.00
2009.01.08 23:47:34.017,1.25105,1.25155,17.60,8.00
2009.01.08 23:47:34.957,1.25105,1.2516,17.60,8.00
2009.01.08 23:47:35.367,1.25105,1.25155,16.00,8.00
2009.01.08 23:47:45.764,1.2511,1.2515,8.00,8.00
2009.01.08 23:47:50.953,1.25115,1.2515,4.00,8.00
2009.01.08 23:47:51.473,1.25115,1.2516,5.60,8.00
2009.01.08 23:47:54.652,1.25115,1.2516,3.20,8.00
2009.01.08 23:47:55.002,1.2513,1.2516,4.00,8.00
2009.01.08 23:47:55.472,1.25125,1.25185,8.00,11.20
2009.01.08 23:47:55.712,1.25105,1.25165,5.60,8.00
2009.01.08 23:47:59.741,1.25125,1.25165,5.60,8.00
2009.01.08 23:48:00.371,1.25125,1.25165,1.60,8.00
2009.01.08 23:48:00.491,1.25115,1.25165,13.60,8.00
2009.01.08 23:48:00.671,1.25115,1.25165,9.60,8.00
2009.01.08 23:48:00.850,1.25115,1.25165,8.00,8.00
2009.01.08 23:48:01.921,1.2511,1.25165,8.00,8.00
2009.01.08 23:48:04.080,1.25115,1.2517,8.00,8.00
2009.01.08 23:48:06.180,1.2511,1.25165,8.00,8.00
2009.01.08 23:48:12.198,1.25105,1.2516,19.20,8.00
2009.01.08 23:48:12.798,1.25105,1.2515,11.20,8.00
2009.01.08 23:48:15.707,1.2511,1.2515,8.00,8.00
2009.01.08 23:48:45.120,1.2511,1.25145,8.00,8.00
2009.01.08 23:48:45.280,1.2511,1.2515,8.00,8.00
2009.01.08 23:48:46.040,1.25105,1.2515,11.20,8.00
2009.01.08 23:49:39.687,1.2512,1.2515,4.80,8.00
2009.01.08 23:49:40.527,1.2513,1.25175,8.80,1.60
2009.01.08 23:49:41.027,1.2514,1.25185,1.00,2.00
2009.01.08 23:49:41.586,1.25105,1.25175,8.00,8.00
2009.01.08 23:49:42.056,1.251,1.25165,8.00,8.00
2009.01.08 23:49:42.586,1.25105,1.25155,19.20,8.00
2009.01.08 23:49:43.496,1.25105,1.2515,11.20,8.00
2009.01.08 23:49:44.256,1.2511,1.2515,2.60,8.00
2009.01.08 23:49:44.376,1.2512,1.25155,8.00,8.00
2009.01.08 23:49:50.484,1.2512,1.25155,5.80,8.00
2009.01.08 23:49:51.004,1.2512,1.25155,2.60,8.00
2009.01.08 23:49:51.294,1.2513,1.25155,8.00,8.00
2009.01.08 23:49:51.524,1.2512,1.25155,8.00,8.00
2009.01.08 23:49:54.993,1.2512,1.2516,8.00,8.00
2009.01.08 23:50:00.902,1.25105,1.2516,19.20,8.00
2009.01.08 23:50:01.551,1.2511,1.25165,8.00,8.00
2009.01.08 23:50:05.661,1.25105,1.2516,19.20,8.00
2009.01.08 23:50:06.291,1.2511,1.25165,8.00,8.00
2009.01.08 23:50:10.969,1.2511,1.25165,11.20,8.00
2009.01.08 23:50:11.259,1.25125,1.2517,8.00,2.80
2009.01.08 23:50:11.929,1.2514,1.25175,8.00,1.60
2009.01.08 23:50:12.269,1.25145,1.25175,8.00,1.60
2009.01.08 23:50:12.589,1.25155,1.25175,8.00,1.60
2009.01.08 23:50:14.009,1.25165,1.25175,3.20,1.60
2009.01.08 23:50:14.579,1.2518,1.25235,8.00,4.40
2009.01.08 23:50:14.749,1.25145,1.2519,16.00,1.60
2009.01.08 23:50:15.098,1.25145,1.2519,8.00,1.60
2009.01.08 23:50:17.228,1.25145,1.25175,8.00,1.60
2009.01.08 23:50:17.668,1.2513,1.25185,8.00,9.60
2009.01.08 23:50:22.047,1.25125,1.2518,8.00,8.00
2009.01.08 23:50:24.846,1.25125,1.2517,8.00,2.80
2009.01.08 23:50:27.195,1.25125,1.2518,8.00,8.00
2009.01.08 23:50:35.893,1.25115,1.2517,16.00,8.00
2009.01.08 23:50:36.563,1.25115,1.2517,8.00,8.00
2009.01.08 23:50:41.922,1.2511,1.25165,8.00,8.00
2009.01.08 23:50:46.011,1.25115,1.2517,8.00,8.00
2009.01.08 23:51:02.787,1.2512,1.25175,8.00,8.00
2009.01.08 23:51:17.093,1.25115,1.2517,8.00,8.00
2009.01.08 23:51:24.522,1.25125,1.2518,8.00,8.00
2009.01.08 23:51:27.511,1.25135,1.2518,8.00,8.00
2009.01.08 23:51:27.611,1.25135,1.25175,8.00,1.60
2009.01.08 23:51:28.311,1.25145,1.25175,8.00,1.60
2009.01.08 23:51:28.781,1.25135,1.25175,17.80,1.60
2009.01.08 23:51:28.950,1.2513,1.25185,8.00,9.60
2009.01.08 23:51:30.380,1.25125,1.2518,8.00,8.00
2009.01.08 23:51:32.930,1.2513,1.25185,8.00,9.60
2009.01.08 23:51:37.888,1.25125,1.2518,8.00,8.00
2009.01.08 23:51:38.458,1.2512,1.25175,8.00,8.00
2009.01.08 23:51:44.327,1.25125,1.2518,8.00,8.00
2009.01.08 23:52:02.942,1.2512,1.25175,8.00,8.00
2009.01.08 23:52:13.640,1.25125,1.2518,8.00,8.00
2009.01.08 23:52:14.309,1.2512,1.25175,8.00,8.00
2009.01.08 23:52:15.889,1.2513,1.25175,3.20,8.00
2009.01.08 23:52:16.389,1.25145,1.25175,1.60,8.00
2009.01.08 23:52:17.069,1.25155,1.25175,16.00,1.60
2009.01.08 23:52:17.599,1.25165,1.25175,8.00,1.60
2009.01.08 23:52:18.808,1.2517,1.25175,2.60,1.60
2009.01.08 23:52:21.098,1.25155,1.25175,18.60,1.60
2009.01.08 23:52:21.458,1.25155,1.25175,10.60,1.60
2009.01.08 23:52:21.638,1.2517,1.25175,2.60,1.60
2009.01.08 23:52:54.340,1.2519,1.25235,4.00,2.80
2009.01.08 23:52:54.680,1.2519,1.2525,5.60,10.80
2009.01.08 23:52:55.089,1.2519,1.2525,5.60,9.60
2009.01.08 23:52:57.739,1.25185,1.2519,6.00,1.40
2009.01.08 23:52:58.099,1.25165,1.2519,10.60,1.40
2009.01.08 23:52:58.329,1.25165,1.2519,2.60,1.40
2009.01.08 23:52:59.399,1.25185,1.25205,4.00,2.20
2009.01.08 23:52:59.629,1.2517,1.25175,16.10,1.40
2009.01.08 23:52:59.968,1.2517,1.25175,16.20,1.40
2009.01.08 23:53:00.678,1.2517,1.25175,8.20,1.40
2009.01.08 23:53:00.858,1.2517,1.25175,11.60,1.40
2009.01.08 23:53:05.667,1.25165,1.25175,5.60,1.40
2009.01.08 23:53:06.457,1.2518,1.252,4.00,2.20
2009.01.08 23:53:07.667,1.25155,1.25175,9.60,1.40
2009.01.08 23:53:09.536,1.2516,1.25175,8.00,1.40
2009.01.08 23:53:09.706,1.25155,1.25175,21.60,1.40
2009.01.08 23:53:10.456,1.25155,1.25175,12.00,1.40
2009.01.08 23:53:11.226,1.2516,1.25175,4.00,1.40
2009.01.08 23:53:11.346,1.25155,1.25175,21.60,1.40
2009.01.08 23:53:15.145,1.2517,1.25175,5.60,1.40
2009.01.08 23:53:16.025,1.2517,1.25175,6.80,1.40
2009.01.08 23:53:18.014,1.25175,1.2521,5.60,2.80
2009.01.08 23:53:18.354,1.2517,1.25175,13.60,1.40
2009.01.08 23:53:20.013,1.25175,1.2523,8.00,7.60
2009.01.08 23:53:21.913,1.2517,1.25175,8.00,1.40
2009.01.08 23:53:22.303,1.2516,1.25175,8.00,1.40
2009.01.08 23:53:22.983,1.25165,1.25175,8.00,1.40
2009.01.08 23:53:24.033,1.25165,1.25175,9.60,1.40
2009.01.08 23:53:26.872,1.25165,1.25175,8.00,1.40
2009.01.08 23:53:27.482,1.2516,1.25175,13.60,1.40
2009.01.08 23:53:29.291,1.25165,1.25175,5.60,1.40
2009.01.08 23:53:30.901,1.25175,1.2521,1.60,6.80
2009.01.08 23:53:31.021,1.2518,1.2521,4.00,6.80
2009.01.08 23:53:31.831,1.2517,1.25175,15.60,1.40
2009.01.08 23:53:34.300,1.25165,1.25175,9.60,1.40
2009.01.08 23:53:45.008,1.2516,1.25175,13.60,1.40
2009.01.08 23:53:45.987,1.2516,1.25175,12.00,1.40
2009.01.08 23:53:46.267,1.2516,1.25175,8.00,1.40
2009.01.08 23:53:46.787,1.25155,1.25175,17.60,1.40
2009.01.08 23:53:47.587,1.2516,1.25175,8.00,1.40
2009.01.08 23:53:47.937,1.2515,1.25175,24.20,1.40
2009.01.08 23:53:48.617,1.2516,1.25175,9.60,1.40
2009.01.08 23:53:48.837,1.25165,1.25175,4.00,1.40
2009.01.08 23:53:52.537,1.25155,1.25175,8.00,1.40
2009.01.08 23:53:53.046,1.2515,1.25175,24.20,1.40
2009.01.08 23:53:53.106,1.2515,1.25175,14.60,1.40
2009.01.08 23:53:54.635,1.2516,1.25175,5.60,1.40
2009.01.08 23:53:55.385,1.25165,1.25175,4.00,1.40
2009.01.08 23:53:59.714,1.25165,1.25175,5.60,1.40
2009.01.08 23:54:01.264,1.25165,1.25175,4.00,1.40
2009.01.08 23:54:01.794,1.2515,1.25175,8.00,1.40
2009.01.08 23:54:02.243,1.25145,1.25175,21.60,1.40
2009.01.08 23:54:02.953,1.25165,1.25175,4.00,1.40
2009.01.08 23:54:03.073,1.2516,1.25175,1.60,1.40
2009.01.08 23:54:03.493,1.2515,1.25175,12.00,1.40
2009.01.08 23:54:03.953,1.2515,1.25175,13.60,1.40
2009.01.08 23:54:05.413,1.25155,1.25175,9.60,1.40
2009.01.08 23:54:05.822,1.2517,1.25175,4.00,1.40
2009.01.08 23:54:07.672,1.2517,1.25175,1.60,1.40
2009.01.08 23:54:07.792,1.25165,1.25175,1.60,1.40
2009.01.08 23:54:07.852,1.25155,1.25175,9.60,1.40
2009.01.08 23:54:11.491,1.25165,1.25175,5.60,1.40
2009.01.08 23:54:19.459,1.25165,1.25175,4.00,1.40
2009.01.08 23:54:19.929,1.2516,1.25175,1.60,1.40
2009.01.08 23:54:20.489,1.25155,1.25175,5.60,1.40
2009.01.08 23:54:24.238,1.25155,1.25175,9.60,1.40
2009.01.08 23:54:26.628,1.25165,1.25175,5.60,1.40
2009.01.08 23:54:32.446,1.25165,1.25175,4.00,1.40
2009.01.08 23:54:35.715,1.25165,1.25175,5.60,1.40
2009.01.08 23:54:37.595,1.25165,1.25175,4.00,1.40
2009.01.08 23:54:39.014,1.25165,1.25175,5.60,1.40
2009.01.08 23:54:40.105,1.25175,1.2521,1.60,7.60
2009.01.08 23:54:40.394,1.2517,1.25175,7.60,1.40
2009.01.08 23:54:41.364,1.25165,1.25175,12.00,1.40
2009.01.08 23:54:41.544,1.2517,1.25175,4.00,1.40
2009.01.08 23:54:43.123,1.2518,1.2521,1.60,2.80
2009.01.08 23:54:43.704,1.25155,1.25175,9.60,1.40
2009.01.08 23:54:44.123,1.2515,1.25175,9.60,1.40
2009.01.08 23:54:52.891,1.2517,1.25175,4.00,1.40
2009.01.08 23:54:53.011,1.25165,1.25175,1.60,1.40
2009.01.08 23:54:53.071,1.2516,1.25175,12.00,1.40
2009.01.08 23:54:53.461,1.2516,1.25175,8.00,1.40
2009.01.08 23:54:53.641,1.25155,1.25175,9.60,1.40
2009.01.08 23:55:01.559,1.2516,1.25175,1.60,1.40
2009.01.08 23:55:03.299,1.2517,1.25175,4.00,1.40
2009.01.08 23:55:04.039,1.2516,1.25175,4.00,1.40
2009.01.08 23:55:04.918,1.2517,1.25175,4.00,1.40
2009.01.08 23:55:05.148,1.2517,1.25175,5.60,1.40
2009.01.08 23:55:05.438,1.2517,1.25175,1.60,1.40
2009.01.08 23:55:05.618,1.2516,1.25175,13.60,1.40
2009.01.08 23:55:05.798,1.2516,1.25175,5.60,1.40
2009.01.08 23:55:06.438,1.2516,1.25175,1.60,1.40
2009.01.08 23:55:09.977,1.25155,1.25175,5.60,1.40
2009.01.08 23:55:12.127,1.2516,1.25175,1.60,1.40
2009.01.08 23:55:15.745,1.2516,1.25175,5.60,1.40
2009.01.08 23:55:16.965,1.2516,1.25175,1.60,1.40
2009.01.08 23:55:18.325,1.2515,1.25175,9.60,1.40
2009.01.08 23:55:18.915,1.25155,1.25175,4.00,1.40
2009.01.08 23:55:19.095,1.2516,1.25175,1.60,1.40
2009.01.08 23:55:21.884,1.25155,1.25175,5.60,1.40
2009.01.08 23:55:25.533,1.2516,1.25175,1.60,1.40
2009.01.08 23:55:29.472,1.2517,1.25175,4.00,1.40
2009.01.08 23:55:30.452,1.25165,1.25175,1.60,1.40
2009.01.08 23:55:30.622,1.2517,1.25175,5.60,1.40
2009.01.08 23:55:31.512,1.2516,1.25175,9.60,1.40
2009.01.08 23:55:32.092,1.25155,1.25175,5.60,1.40
2009.01.08 23:55:33.122,1.2516,1.25175,1.60,1.40
2009.01.08 23:55:33.811,1.2516,1.25175,5.60,1.40
2009.01.08 23:55:34.281,1.2516,1.25175,1.60,2.20
2009.01.08 23:55:34.611,1.2515,1.25175,5.60,2.20
2009.01.08 23:55:35.601,1.25165,1.25175,4.00,1.40
2009.01.08 23:55:36.171,1.25165,1.25175,1.60,1.40
2009.01.08 23:55:36.581,1.2516,1.25175,5.60,1.40
2009.01.08 23:55:36.870,1.2516,1.25175,1.60,1.40
2009.01.08 23:55:48.578,1.25165,1.25175,4.00,1.40
2009.01.08 23:55:48.858,1.25165,1.25175,5.60,1.40
2009.01.08 23:55:56.836,1.25195,1.25215,4.00,1.90
2009.01.08 23:55:57.815,1.2518,1.2521,4.00,2.60
2009.01.08 23:55:59.835,1.2517,1.25175,4.00,1.40
2009.01.08 23:56:00.295,1.25165,1.25175,4.00,1.40
2009.01.08 23:56:01.664,1.2515,1.25175,5.60,1.40
2009.01.08 23:56:02.115,1.2515,1.25175,1.60,1.40
2009.01.08 23:56:02.294,1.2514,1.25175,13.60,1.40
2009.01.08 23:56:02.704,1.2514,1.25175,5.60,1.40
2009.01.08 23:56:04.254,1.25155,1.25175,5.60,1.40
2009.01.08 23:56:04.544,1.25145,1.25175,5.60,1.40
2009.01.08 23:56:13.292,1.25155,1.25175,4.00,1.40
2009.01.08 23:56:13.801,1.25155,1.25175,5.60,1.40
2009.01.08 23:56:14.031,1.25155,1.25175,4.00,1.40
2009.01.08 23:56:14.871,1.2516,1.25175,1.60,1.40
2009.01.08 23:56:15.971,1.2516,1.25175,9.60,1.40
2009.01.08 23:56:17.121,1.25155,1.25175,5.60,1.40
2009.01.08 23:56:17.881,1.25155,1.25175,3.20,1.40
2009.01.08 23:56:18.940,1.25155,1.25175,12.80,1.40
2009.01.08 23:56:21.680,1.2516,1.25175,7.20,1.40
2009.01.08 23:56:21.790,1.2516,1.25175,8.80,1.40
2009.01.08 23:56:22.739,1.25165,1.25175,5.60,1.40
2009.01.08 23:56:33.517,1.2517,1.25175,1.60,1.40
2009.01.08 23:56:34.157,1.25175,1.25205,4.00,2.80
2009.01.08 23:56:38.156,1.2517,1.25175,5.60,1.40
2009.01.08 23:56:38.666,1.25175,1.25205,4.00,3.20
2009.01.08 23:56:41.175,1.25165,1.25175,5.60,1.40
2009.01.08 23:56:43.035,1.2517,1.25175,6.80,1.40
2009.01.08 23:57:04.339,1.25165,1.25175,5.60,1.40
2009.01.08 23:57:07.409,1.25165,1.25175,13.60,1.40
2009.01.08 23:57:07.798,1.2518,1.25205,4.00,1.90
2009.01.08 23:57:09.318,1.2517,1.25175,11.60,1.40
2009.01.08 23:57:10.028,1.25175,1.2521,4.00,3.50
2009.01.08 23:57:10.258,1.25165,1.25175,5.60,1.40
2009.01.08 23:57:11.517,1.2517,1.25175,8.00,1.40
2009.01.08 23:57:11.688,1.25165,1.25175,5.60,1.40
2009.01.08 23:57:13.057,1.25175,1.252,4.00,2.80
2009.01.08 23:57:13.227,1.2517,1.25175,7.60,1.40
2009.01.08 23:57:14.397,1.25165,1.25175,7.60,1.40
2009.01.08 23:57:14.807,1.25165,1.25175,5.60,1.40
2009.01.08 23:57:16.466,1.25175,1.252,1.60,2.80
2009.01.08 23:57:16.877,1.25175,1.252,5.60,2.80
2009.01.08 23:57:17.866,1.2518,1.2521,5.60,2.00
2009.01.08 23:57:18.366,1.25185,1.25205,4.00,1.90
2009.01.08 23:57:21.005,1.25165,1.25175,12.40,1.40
2009.01.08 23:57:21.875,1.2519,1.2521,4.00,1.90
2009.01.08 23:57:22.165,1.25165,1.25175,6.60,1.40
2009.01.08 23:57:22.625,1.2517,1.25175,4.00,1.40
2009.01.08 23:57:23.575,1.2518,1.2521,1.60,3.50
2009.01.08 23:57:24.135,1.2518,1.2522,5.60,4.20
2009.01.08 23:57:24.475,1.25185,1.2522,5.60,1.20
2009.01.08 23:57:24.764,1.25185,1.2522,5.60,1.00
2009.01.08 23:57:25.414,1.2519,1.2521,1.60,1.00
2009.01.08 23:57:25.694,1.25195,1.2521,4.00,1.00
2009.01.08 23:57:25.874,1.25195,1.25215,4.00,1.00
2009.01.08 23:57:27.024,1.25195,1.2523,4.00,4.20
2009.01.08 23:57:31.663,1.25195,1.25225,5.60,2.40
2009.01.08 23:57:32.125,1.25195,1.25225,5.60,1.60
2009.01.08 23:57:32.413,1.25195,1.25225,5.60,2.40
2009.01.08 23:57:32.992,1.252,1.25225,5.60,2.40
2009.01.08 23:57:35.753,1.252,1.25225,4.00,2.40
2009.01.08 23:57:36.341,1.25195,1.25225,4.00,2.40
2009.01.08 23:57:36.452,1.25195,1.2523,4.00,4.20
2009.01.08 23:57:38.691,1.2519,1.2523,1.60,4.20
2009.01.08 23:57:38.811,1.25185,1.2522,5.60,2.80
2009.01.08 23:57:39.201,1.25185,1.2522,4.00,2.80
2009.01.08 23:57:39.481,1.2519,1.2522,1.60,2.80
2009.01.08 23:57:40.171,1.2519,1.2523,1.60,4.20
2009.01.08 23:57:40.340,1.2519,1.2523,5.60,4.20
2009.01.08 23:57:42.710,1.2519,1.2523,5.60,7.20
2009.01.08 23:57:43.271,1.2519,1.2523,5.60,4.20
2009.01.08 23:57:43.670,1.2519,1.2523,5.60,3.40
2009.01.08 23:57:45.339,1.2519,1.25225,5.60,2.80
2009.01.08 23:57:45.509,1.2519,1.2523,5.60,3.60
2009.01.08 23:57:46.469,1.2519,1.25225,5.60,1.60
2009.01.08 23:57:46.989,1.2519,1.2522,5.60,1.00
2009.01.08 23:57:47.389,1.2519,1.25215,4.00,2.40
2009.01.08 23:57:48.849,1.2519,1.25215,4.00,1.60
2009.01.08 23:57:49.209,1.252,1.2522,4.00,1.00
2009.01.08 23:57:49.798,1.25195,1.2522,1.60,1.00
2009.01.08 23:57:50.368,1.2519,1.2522,5.60,1.00
2009.01.08 23:57:54.487,1.2519,1.25215,4.00,2.40
2009.01.08 23:57:55.417,1.25185,1.25215,5.60,1.60
2009.01.08 23:57:55.827,1.25175,1.2523,4.00,3.80
2009.01.08 23:57:57.067,1.25175,1.25225,4.00,3.00
2009.01.08 23:57:58.306,1.25175,1.25225,4.00,1.00
2009.01.08 23:58:00.786,1.25175,1.25215,5.60,2.40
2009.01.08 23:58:01.536,1.25175,1.25205,4.00,1.60
2009.01.08 23:58:01.765,1.2517,1.25205,5.60,1.60
2009.01.08 23:58:02.525,1.25175,1.2521,5.60,2.80
2009.01.08 23:58:02.805,1.25175,1.25215,5.60,2.40
2009.01.08 23:58:03.495,1.25175,1.25215,5.60,1.00
2009.01.08 23:58:03.885,1.25175,1.25225,5.60,6.00
2009.01.08 23:58:03.995,1.25175,1.25225,5.60,4.60
2009.01.08 23:58:05.674,1.25175,1.2522,5.60,1.60
2009.01.08 23:58:25.770,1.25165,1.25215,1.60,1.60
2009.01.08 23:58:27.099,1.25165,1.2521,1.60,1.60
2009.01.08 23:58:27.279,1.25165,1.2521,1.60,2.40
2009.01.08 23:58:28.409,1.2516,1.252,5.60,2.40
2009.01.08 23:58:29.029,1.2516,1.252,1.60,2.40
2009.01.08 23:58:29.209,1.25155,1.252,1.60,2.40
2009.01.08 23:58:32.158,1.25145,1.2519,8.80,2.40
2009.01.08 23:58:32.378,1.2515,1.2519,5.60,2.40
2009.01.08 23:58:34.388,1.2515,1.2519,5.60,1.60
2009.01.08 23:58:34.567,1.25155,1.252,1.60,3.60
2009.01.08 23:58:35.207,1.25155,1.252,1.60,2.40
2009.01.08 23:58:46.474,1.25155,1.252,1.60,1.00
2009.01.08 23:58:47.184,1.25155,1.252,1.60,2.40
2009.01.08 23:58:47.304,1.25155,1.252,1.60,1.00
2009.01.08 23:58:47.424,1.25155,1.252,5.60,1.00
2009.01.08 23:58:47.934,1.25155,1.2521,1.60,3.60
2009.01.08 23:58:48.044,1.25155,1.252,1.60,2.40
2009.01.08 23:58:48.804,1.25155,1.252,5.60,1.60
2009.01.08 23:58:48.974,1.25155,1.252,1.60,2.40
2009.01.08 23:58:49.494,1.25155,1.2521,5.60,2.40
2009.01.08 23:58:50.544,1.25155,1.252,5.60,1.60
2009.01.08 23:58:50.714,1.25155,1.2521,5.60,2.40
2009.01.08 23:59:41.461,1.25155,1.252,5.60,1.60
2009.01.08 23:59:42.151,1.25155,1.252,1.60,2.40
2009.01.08 23:59:52.369,1.25155,1.252,1.60,1.00
