2011.06.27 21:00:00.155,1.15541,1.15615,2.25,1.50
2011.06.27 21:00:00.757,1.15541,1.15615,2.25,1.50
2011.06.27 21:00:01.094,1.15541,1.15615,2.25,2.25
2011.06.27 21:00:01.204,1.15541,1.15615,2.25,1.50
2011.06.27 21:00:01.535,1.15541,1.15615,2.25,2.25
2011.06.27 21:00:02.574,1.15542,1.15618,1.50,2.25
2011.06.27 21:00:04.548,1.15544,1.15618,1.50,2.25
2011.06.27 21:00:04.654,1.15546,1.15622,1.50,2.25
2011.06.27 21:00:12.384,1.1555,1.15624,1.50,2.25
2011.06.27 21:00:12.604,1.1555,1.15624,1.50,1.50
2011.06.27 21:00:12.824,1.15547,1.15589,1.50,1.50
2011.06.27 21:00:12.934,1.15528,1.1559,1.50,1.50
2011.06.27 21:00:13.044,1.15528,1.15604,1.50,1.50
2011.06.27 21:00:15.784,1.15527,1.15601,3.00,1.50
2011.06.27 21:00:23.154,1.15523,1.15597,1.50,1.50
2011.06.27 21:00:29.254,1.15526,1.15597,1.50,1.50
2011.06.27 21:00:29.364,1.15527,1.15603,1.50,1.50
2011.06.27 21:00:31.525,1.15526,1.15598,1.50,1.50
2011.06.27 21:00:31.634,1.15522,1.15598,1.50,1.50
2011.06.27 21:00:34.744,1.15528,1.15602,1.50,1.50
2011.06.27 21:00:35.185,1.15526,1.156,1.50,1.50
2011.06.27 21:00:37.944,1.15528,1.15602,1.50,1.50
2011.06.27 21:01:04.154,1.15526,1.15597,1.50,1.50
2011.06.27 21:01:04.264,1.15523,1.15597,1.50,1.50
2011.06.27 21:01:11.344,1.15515,1.15589,1.50,1.50
2011.06.27 21:01:29.105,1.15506,1.15582,1.50,1.50
2011.06.27 21:01:33.276,1.15506,1.15575,1.50,1.50
2011.06.27 21:01:33.384,1.15499,1.15573,1.50,1.50
2011.06.27 21:01:35.054,1.15495,1.15569,1.50,1.50
2011.06.27 21:01:35.484,1.15499,1.15573,1.50,1.50
2011.06.27 21:01:38.415,1.15496,1.15569,1.50,1.50
2011.06.27 21:01:38.995,1.15495,1.15569,1.50,1.50
2011.06.27 21:01:39.775,1.15493,1.15567,1.50,1.50
2011.06.27 21:01:41.527,1.15498,1.1557,1.50,1.50
2011.06.27 21:01:41.634,1.15498,1.15574,1.50,1.50
2011.06.27 21:01:42.255,1.15495,1.15569,1.50,1.50
2011.06.27 21:01:49.359,1.15498,1.15574,1.50,1.50
2011.06.27 21:01:54.796,1.15498,1.1556,1.50,1.50
2011.06.27 21:01:54.904,1.15483,1.15559,1.50,1.50
2011.06.27 21:02:10.503,1.15483,1.15559,2.25,1.50
2011.06.27 21:02:16.100,1.15503,1.15559,2.25,1.50
2011.06.27 21:02:16.316,1.15503,1.15561,2.25,1.50
2011.06.27 21:02:21.237,1.15503,1.15559,2.25,1.50
2011.06.27 21:02:39.128,1.15503,1.15561,2.25,1.50
2011.06.27 21:02:39.236,1.15503,1.1557,2.25,1.50
2011.06.27 21:02:39.829,1.15502,1.1557,2.25,1.50
2011.06.27 21:02:45.766,1.15502,1.15573,2.25,1.50
2011.06.27 21:02:45.877,1.15502,1.15575,2.25,1.50
2011.06.27 21:02:47.810,1.15499,1.15575,2.25,1.50
2011.06.27 21:02:51.000,1.15502,1.15575,2.25,1.50
2011.06.27 21:02:58.366,1.15502,1.15571,2.25,1.50
2011.06.27 21:02:58.809,1.15502,1.15563,2.25,1.50
2011.06.27 21:03:00.716,1.15502,1.15567,2.25,1.50
2011.06.27 21:03:16.686,1.15505,1.15567,1.50,1.50
2011.06.27 21:03:16.796,1.15506,1.15582,1.50,1.50
2011.06.27 21:03:44.066,1.15516,1.1559,1.50,1.50
2011.06.27 21:03:47.089,1.15514,1.15586,1.50,1.50
2011.06.27 21:03:47.196,1.15515,1.15588,1.50,1.50
2011.06.27 21:03:47.306,1.15515,1.15591,1.50,1.50
2011.06.27 21:04:47.209,1.15513,1.15593,1.50,1.50
2011.06.27 21:04:47.538,1.15508,1.15599,2.25,2.25
2011.06.27 21:04:50.206,1.15517,1.15593,1.50,1.50
2011.06.27 21:04:53.357,1.15514,1.15588,1.50,1.50
2011.06.27 21:05:01.327,1.15516,1.1559,1.50,1.50
2011.06.27 21:05:05.667,1.15519,1.15593,1.50,1.50
2011.06.27 21:05:05.777,1.15519,1.15595,1.50,1.50
2011.06.27 21:05:05.888,1.15516,1.1559,1.50,1.50
2011.06.27 21:05:06.788,1.15517,1.1559,2.25,1.50
2011.06.27 21:05:06.898,1.1552,1.15596,1.50,1.50
2011.06.27 21:05:08.157,1.15524,1.15598,1.50,1.50
2011.06.27 21:05:09.877,1.15552,1.15598,2.25,1.50
2011.06.27 21:05:15.619,1.15552,1.15607,2.25,1.50
2011.06.27 21:05:19.188,1.15552,1.15602,2.25,1.50
2011.06.27 21:05:19.527,1.15552,1.15599,2.25,1.50
2011.06.27 21:05:21.570,1.15552,1.15596,2.25,1.50
2011.06.27 21:05:23.308,1.15553,1.15603,2.25,1.50
2011.06.27 21:05:40.858,1.15553,1.15599,2.25,1.50
2011.06.27 21:05:43.888,1.15553,1.15602,2.25,1.50
2011.06.27 21:05:43.998,1.15553,1.15604,2.25,1.50
2011.06.27 21:05:47.138,1.15553,1.15607,2.25,2.25
2011.06.27 21:05:47.687,1.15553,1.15608,2.25,1.50
2011.06.27 21:05:56.707,1.15553,1.15607,2.25,1.50
2011.06.27 21:06:01.938,1.15553,1.15605,2.25,1.50
2011.06.27 21:06:02.488,1.15552,1.15605,2.25,1.50
2011.06.27 21:06:07.129,1.15552,1.15601,2.25,1.50
2011.06.27 21:06:24.398,1.15552,1.15608,3.00,2.25
2011.06.27 21:06:24.836,1.15557,1.15608,2.25,2.25
2011.06.27 21:06:26.047,1.15557,1.156,2.25,2.25
2011.06.27 21:06:34.766,1.15558,1.15607,2.25,2.25
2011.06.27 21:06:59.026,1.1557,1.15609,2.25,2.25
2011.06.27 21:07:22.927,1.15567,1.15608,2.25,2.25
2011.06.27 21:07:27.307,1.15568,1.15609,2.25,2.25
2011.06.27 21:07:44.407,1.1557,1.15626,2.25,2.25
2011.06.27 21:08:26.057,1.1557,1.15623,2.25,2.25
2011.06.27 21:08:37.127,1.15569,1.15622,2.25,2.25
2011.06.27 21:08:52.478,1.15569,1.15609,2.25,3.46
2011.06.27 21:08:53.317,1.15567,1.15609,2.25,3.46
2011.06.27 21:08:54.178,1.15567,1.15609,3.00,1.84
2011.06.27 21:08:54.397,1.15576,1.15609,2.25,1.84
2011.06.27 21:08:54.837,1.15576,1.15621,2.25,2.25
2011.06.27 21:08:55.057,1.15576,1.15612,2.25,2.45
2011.06.27 21:08:55.628,1.15576,1.15611,2.25,2.63
2011.06.27 21:08:58.153,1.15576,1.15612,2.25,1.46
2011.06.27 21:08:58.815,1.15576,1.15611,2.25,2.74
2011.06.27 21:09:02.685,1.15576,1.15612,2.25,2.01
2011.06.27 21:09:02.907,1.15567,1.15612,2.25,2.01
2011.06.27 21:09:05.128,1.15567,1.15612,3.00,1.20
2011.06.27 21:09:05.544,1.15575,1.15612,2.25,1.20
2011.06.27 21:09:30.087,1.15575,1.15611,2.25,1.55
2011.06.27 21:09:33.011,1.15575,1.15625,2.25,2.25
2011.06.27 21:09:33.337,1.15575,1.15622,2.25,1.30
2011.06.27 21:09:44.787,1.15575,1.15625,2.25,2.25
2011.06.27 21:09:45.007,1.15575,1.15621,2.25,1.25
2011.06.27 21:09:51.627,1.15575,1.15612,2.25,1.50
2011.06.27 21:10:01.917,1.15575,1.15611,2.25,1.50
2011.06.27 21:10:02.028,1.15575,1.15614,2.25,1.50
2011.06.27 21:10:02.687,1.15576,1.15614,2.25,1.50
2011.06.27 21:10:11.277,1.15576,1.15613,2.25,1.54
2011.06.27 21:10:13.228,1.15576,1.15614,2.25,1.29
2011.06.27 21:10:13.558,1.15584,1.15614,2.25,1.29
2011.06.27 21:10:13.777,1.15575,1.15623,2.25,1.63
2011.06.27 21:10:14.678,1.15575,1.15614,2.25,1.04
2011.06.27 21:10:14.787,1.15568,1.15614,2.85,1.04
2011.06.27 21:10:17.436,1.15575,1.15614,2.25,1.04
2011.06.27 21:10:18.538,1.15575,1.15613,2.25,1.06
2011.06.27 21:10:18.757,1.15567,1.15613,2.25,1.06
2011.06.27 21:10:19.307,1.15567,1.15617,2.25,1.53
2011.06.27 21:10:20.418,1.15567,1.1562,2.25,3.90
2011.06.27 21:10:20.527,1.15575,1.1562,2.25,3.90
2011.06.27 21:10:22.528,1.15568,1.15618,2.25,1.65
2011.06.27 21:10:23.087,1.15568,1.15618,2.25,1.74
2011.06.27 21:10:25.917,1.15568,1.15604,3.00,1.05
2011.06.27 21:10:30.228,1.15571,1.15608,1.43,1.05
2011.06.27 21:10:30.448,1.15582,1.15608,3.00,1.05
2011.06.27 21:10:30.558,1.15583,1.15612,3.00,1.05
2011.06.27 21:10:30.778,1.15567,1.15607,3.00,1.05
2011.06.27 21:10:31.438,1.15575,1.1561,1.50,1.05
2011.06.27 21:10:31.987,1.15584,1.15611,3.00,1.05
2011.06.27 21:10:33.088,1.15584,1.15608,2.25,1.05
2011.06.27 21:10:33.198,1.15574,1.15608,1.50,1.05
2011.06.27 21:10:33.978,1.15572,1.15608,3.00,1.05
2011.06.27 21:10:34.198,1.15571,1.15607,3.00,1.05
2011.06.27 21:10:36.407,1.15571,1.15604,3.00,1.05
2011.06.27 21:10:39.347,1.15571,1.15612,3.00,1.05
2011.06.27 21:10:39.457,1.15571,1.15616,3.00,1.43
2011.06.27 21:10:39.677,1.15571,1.15608,3.00,1.24
2011.06.27 21:10:39.787,1.15571,1.15607,3.00,1.13
2011.06.27 21:10:40.007,1.15571,1.15598,3.00,1.13
2011.06.27 21:10:40.520,1.15571,1.15607,3.00,1.19
2011.06.27 21:10:40.628,1.15571,1.15597,3.00,1.05
2011.06.27 21:10:41.398,1.15569,1.15598,3.00,1.05
2011.06.27 21:10:44.218,1.15569,1.15597,2.25,1.05
2011.06.27 21:10:44.328,1.1555,1.15587,2.25,3.00
2011.06.27 21:10:44.657,1.15548,1.15587,3.00,3.00
2011.06.27 21:10:45.278,1.15548,1.15587,3.00,3.00
2011.06.27 21:10:45.876,1.15552,1.15584,1.35,1.35
2011.06.27 21:10:46.318,1.15547,1.15583,2.10,1.50
2011.06.27 21:10:46.928,1.15545,1.15583,4.35,1.50
2011.06.27 21:10:47.148,1.15548,1.15583,1.50,1.50
2011.06.27 21:10:47.258,1.15548,1.15596,2.25,1.65
2011.06.27 21:10:47.478,1.15556,1.15598,1.43,1.05
2011.06.27 21:10:51.158,1.15557,1.15598,1.50,1.05
2011.06.27 21:10:51.597,1.15557,1.15597,2.25,1.05
2011.06.27 21:10:52.288,1.15557,1.15597,2.25,1.05
2011.06.27 21:10:55.337,1.15557,1.15598,2.25,1.05
2011.06.27 21:10:55.778,1.15557,1.15599,2.25,1.05
2011.06.27 21:10:55.888,1.15557,1.15599,2.25,1.05
2011.06.27 21:10:57.288,1.15559,1.15599,3.00,1.20
2011.06.27 21:10:57.655,1.15559,1.15599,3.00,1.20
2011.06.27 21:11:00.689,1.15557,1.15594,1.50,1.50
2011.06.27 21:11:01.018,1.15557,1.15594,1.50,1.50
2011.06.27 21:11:03.379,1.15557,1.15587,1.50,1.50
2011.06.27 21:11:05.538,1.15554,1.15586,1.20,3.00
2011.06.27 21:11:05.868,1.15548,1.15586,1.50,3.00
2011.06.27 21:11:06.418,1.15548,1.15586,1.50,3.00
2011.06.27 21:11:07.518,1.15548,1.15586,1.50,3.00
2011.06.27 21:11:08.328,1.15548,1.15586,1.50,3.00
2011.06.27 21:11:09.810,1.1555,1.15586,1.50,3.00
2011.06.27 21:11:10.138,1.1555,1.15586,1.50,3.00
2011.06.27 21:11:10.687,1.15559,1.1559,3.00,1.05
2011.06.27 21:11:11.158,1.15559,1.1559,3.00,1.05
2011.06.27 21:11:11.488,1.15551,1.1559,3.00,3.00
2011.06.27 21:11:12.048,1.15551,1.15586,3.00,1.50
2011.06.27 21:11:15.611,1.15554,1.15587,1.50,3.00
2011.06.27 21:11:15.718,1.15559,1.1559,3.00,1.05
2011.06.27 21:11:15.938,1.15559,1.1559,3.00,1.05
2011.06.27 21:11:16.617,1.15559,1.1559,3.00,1.05
2011.06.27 21:11:17.190,1.15559,1.1559,3.00,1.05
2011.06.27 21:11:17.738,1.15547,1.15587,2.25,3.00
2011.06.27 21:11:18.288,1.15547,1.15587,2.25,3.00
2011.06.27 21:11:25.488,1.1555,1.1558,3.00,1.05
2011.06.27 21:11:25.707,1.1555,1.1558,3.00,1.05
2011.06.27 21:11:29.359,1.1555,1.1558,3.00,1.05
2011.06.27 21:11:29.688,1.1555,1.1558,3.00,1.05
2011.06.27 21:11:31.883,1.1555,1.15589,3.00,1.05
2011.06.27 21:11:32.319,1.1555,1.15567,3.00,1.18
2011.06.27 21:11:32.758,1.1555,1.1558,3.00,1.05
2011.06.27 21:11:37.768,1.1555,1.15579,3.00,1.05
2011.06.27 21:11:38.395,1.15548,1.15579,1.50,1.05
2011.06.27 21:11:44.328,1.15544,1.15579,1.20,3.00
2011.06.27 21:11:44.548,1.1554,1.15569,3.00,1.05
2011.06.27 21:11:47.378,1.1554,1.15571,3.00,1.05
2011.06.27 21:11:50.058,1.15547,1.15574,1.50,1.05
2011.06.27 21:11:50.608,1.15547,1.15575,3.75,1.05
2011.06.27 21:11:51.218,1.15547,1.15576,3.75,1.05
2011.06.27 21:11:51.787,1.15547,1.15575,3.75,1.05
2011.06.27 21:11:52.368,1.15547,1.15576,3.75,1.05
2011.06.27 21:11:58.398,1.15547,1.15577,3.75,1.05
2011.06.27 21:11:59.088,1.15547,1.15574,3.75,1.05
2011.06.27 21:11:59.307,1.15547,1.15578,3.75,1.05
2011.06.27 21:11:59.418,1.15547,1.1558,3.75,1.05
2011.06.27 21:11:59.638,1.15547,1.1558,3.75,1.05
2011.06.27 21:12:06.670,1.15548,1.15581,1.50,1.05
2011.06.27 21:12:07.568,1.15546,1.15581,1.50,1.80
2011.06.27 21:12:07.898,1.15546,1.15581,1.50,1.80
2011.06.27 21:12:08.227,1.15546,1.15581,1.50,1.80
2011.06.27 21:12:08.668,1.15546,1.15581,1.50,1.80
2011.06.27 21:12:08.888,1.15546,1.15581,1.50,1.80
2011.06.27 21:12:09.719,1.15544,1.15581,3.00,1.80
2011.06.27 21:12:09.938,1.15544,1.15581,3.00,1.80
2011.06.27 21:12:10.049,1.15544,1.15576,3.00,1.28
2011.06.27 21:12:10.598,1.15544,1.15577,3.00,1.28
2011.06.27 21:12:14.359,1.15544,1.15575,3.00,1.05
2011.06.27 21:12:14.618,1.15544,1.15572,3.00,1.05
2011.06.27 21:12:14.796,1.15544,1.15576,3.00,1.28
2011.06.27 21:12:14.908,1.15544,1.15576,3.00,1.28
2011.06.27 21:12:15.128,1.15544,1.15576,3.00,1.28
2011.06.27 21:12:18.799,1.15544,1.15576,3.00,1.28
2011.06.27 21:12:19.440,1.15541,1.15574,3.00,1.43
2011.06.27 21:12:19.569,1.15541,1.15575,3.00,2.18
2011.06.27 21:12:23.339,1.15541,1.15574,3.00,1.43
2011.06.27 21:12:23.559,1.15541,1.15575,2.25,1.50
2011.06.27 21:12:23.669,1.15542,1.15575,2.10,1.50
2011.06.27 21:12:23.998,1.15548,1.15575,1.35,1.50
2011.06.27 21:12:27.018,1.15548,1.15577,1.35,1.50
2011.06.27 21:12:28.278,1.15548,1.15577,1.35,1.50
2011.06.27 21:12:28.829,1.15548,1.15575,1.35,1.43
2011.06.27 21:12:29.378,1.15548,1.15576,1.35,1.43
2011.06.27 21:12:32.239,1.15548,1.15575,1.35,1.43
2011.06.27 21:12:34.169,1.15548,1.15574,1.35,1.43
2011.06.27 21:12:34.759,1.15548,1.15575,1.35,1.20
2011.06.27 21:12:37.248,1.15548,1.15575,1.35,1.20
2011.06.27 21:12:43.308,1.15548,1.15577,1.35,1.28
2011.06.27 21:12:43.979,1.15548,1.15575,1.50,1.28
2011.06.27 21:12:44.089,1.15548,1.15575,1.50,2.03
2011.06.27 21:12:44.418,1.15548,1.15579,1.50,1.51
2011.06.27 21:12:53.769,1.15547,1.15579,1.50,1.51
2011.06.27 21:12:58.683,1.15547,1.15578,1.50,1.51
2011.06.27 21:13:14.809,1.15548,1.15578,1.50,1.51
2011.06.27 21:13:14.919,1.15548,1.15579,1.50,1.51
2011.06.27 21:13:22.580,1.15547,1.15572,1.50,1.51
2011.06.27 21:13:22.800,1.15548,1.1557,1.50,1.36
2011.06.27 21:13:23.392,1.15548,1.1557,1.50,1.36
2011.06.27 21:13:28.339,1.15548,1.1557,1.50,1.36
2011.06.27 21:13:28.779,1.15548,1.1558,1.50,2.26
2011.06.27 21:13:28.999,1.15548,1.15579,1.50,1.51
2011.06.27 21:13:31.199,1.15548,1.15579,1.50,1.51
2011.06.27 21:13:31.429,1.15548,1.15579,1.50,1.51
2011.06.27 21:13:33.099,1.15548,1.15579,1.50,1.51
2011.06.27 21:13:33.649,1.15548,1.1558,1.50,2.26
2011.06.27 21:13:48.930,1.15548,1.15579,1.50,2.26
2011.06.27 21:13:49.259,1.15548,1.15579,1.50,2.26
2011.06.27 21:13:54.539,1.15548,1.15579,1.50,2.26
2011.06.27 21:13:57.990,1.15547,1.15579,2.25,2.26
2011.06.27 21:13:58.142,1.15547,1.15579,2.25,2.26
2011.06.27 21:13:59.660,1.15547,1.15574,2.25,1.51
2011.06.27 21:13:59.880,1.15547,1.15576,2.25,2.26
2011.06.27 21:14:05.241,1.15547,1.15576,2.25,2.26
2011.06.27 21:14:05.350,1.15547,1.15576,2.25,2.26
2011.06.27 21:14:05.459,1.15547,1.15574,2.25,1.51
2011.06.27 21:14:05.899,1.15547,1.15573,2.25,1.51
2011.06.27 21:14:06.451,1.15546,1.15568,1.50,1.51
2011.06.27 21:14:06.779,1.15546,1.1557,1.50,2.26
2011.06.27 21:14:07.346,1.15546,1.15569,1.50,1.51
2011.06.27 21:14:19.509,1.15531,1.15562,2.18,1.51
2011.06.27 21:14:19.620,1.15521,1.15562,1.50,1.51
2011.06.27 21:14:19.840,1.15546,1.15568,1.50,1.28
2011.06.27 21:14:19.949,1.15546,1.15568,1.50,1.28
2011.06.27 21:14:20.280,1.15546,1.15568,1.50,1.51
2011.06.27 21:14:20.870,1.15546,1.1557,1.50,1.51
2011.06.27 21:14:21.090,1.15548,1.15572,2.25,1.51
2011.06.27 21:14:22.979,1.15548,1.15572,2.25,2.26
2011.06.27 21:14:23.090,1.15548,1.1557,2.25,1.51
2011.06.27 21:14:23.201,1.15548,1.1557,1.50,1.36
2011.06.27 21:14:23.529,1.15548,1.15569,1.50,1.36
2011.06.27 21:14:23.859,1.15546,1.1557,1.50,1.96
2011.06.27 21:14:25.179,1.15546,1.1557,1.50,1.96
2011.06.27 21:14:26.939,1.15548,1.1557,1.50,2.03
2011.06.27 21:14:32.740,1.15548,1.1557,1.50,1.51
2011.06.27 21:14:34.200,1.15548,1.15572,1.50,1.51
2011.06.27 21:14:34.640,1.15548,1.15584,1.50,3.00
2011.06.27 21:14:35.021,1.15548,1.15584,1.50,3.00
2011.06.27 21:14:35.573,1.15546,1.1557,1.50,1.50
2011.06.27 21:14:35.789,1.15546,1.1557,1.50,2.26
2011.06.27 21:14:37.229,1.15546,1.1557,1.50,2.26
2011.06.27 21:14:37.339,1.15546,1.1557,1.50,2.26
2011.06.27 21:14:37.912,1.15546,1.15569,1.50,1.51
2011.06.27 21:14:47.189,1.15546,1.1557,1.50,2.26
2011.06.27 21:14:50.179,1.15546,1.15569,1.50,1.51
2011.06.27 21:14:50.289,1.15546,1.15569,1.50,1.51
2011.06.27 21:14:50.399,1.15546,1.15569,1.50,1.51
2011.06.27 21:14:51.969,1.15546,1.15569,1.50,1.51
2011.06.27 21:14:52.299,1.15546,1.15569,1.50,1.51
2011.06.27 21:14:54.321,1.15546,1.15569,1.50,1.51
2011.06.27 21:15:01.690,1.15543,1.15563,2.25,1.22
2011.06.27 21:15:05.632,1.15534,1.15557,1.13,1.22
2011.06.27 21:15:05.851,1.15522,1.15556,3.00,1.22
2011.06.27 21:15:06.180,1.15538,1.1557,4.35,3.46
2011.06.27 21:15:06.290,1.15538,1.1557,4.35,3.46
2011.06.27 21:15:06.399,1.15538,1.1557,4.35,2.71
2011.06.27 21:15:08.041,1.15538,1.1557,4.35,2.71
2011.06.27 21:15:10.040,1.15538,1.1557,4.35,2.71
2011.06.27 21:15:10.590,1.15539,1.15569,2.25,1.28
2011.06.27 21:15:13.259,1.15539,1.15569,2.25,1.28
2011.06.27 21:15:14.812,1.15539,1.15569,2.25,1.28
2011.06.27 21:15:15.140,1.15542,1.1557,1.50,1.88
2011.06.27 21:15:16.120,1.15543,1.1557,1.50,2.63
2011.06.27 21:15:16.231,1.15545,1.1557,1.50,2.70
2011.06.27 21:15:17.881,1.15545,1.15568,1.50,1.35
2011.06.27 21:15:20.370,1.15546,1.1557,1.50,1.95
2011.06.27 21:15:20.700,1.15546,1.15568,1.50,1.43
2011.06.27 21:15:22.919,1.15545,1.1557,1.50,2.03
2011.06.27 21:15:30.299,1.15545,1.15567,1.50,1.43
2011.06.27 21:15:31.260,1.15545,1.15567,1.50,1.28
2011.06.27 21:15:35.263,1.15546,1.15568,1.50,1.28
2011.06.27 21:15:35.829,1.15546,1.15568,2.25,1.43
2011.06.27 21:15:36.379,1.15546,1.15569,1.50,1.43
2011.06.27 21:15:36.931,1.15545,1.15567,2.25,1.43
2011.06.27 21:16:06.347,1.15545,1.15567,1.50,1.43
2011.06.27 21:16:12.379,1.15545,1.15565,1.50,1.43
2011.06.27 21:16:17.919,1.15545,1.15565,1.50,1.43
2011.06.27 21:16:19.632,1.15545,1.15561,1.50,1.13
2011.06.27 21:16:22.030,1.15545,1.15561,1.50,1.13
2011.06.27 21:16:22.578,1.15545,1.15561,1.50,1.13
2011.06.27 21:16:30.919,1.15545,1.15561,1.50,1.13
2011.06.27 21:16:31.602,1.15545,1.15561,1.50,1.13
2011.06.27 21:16:46.469,1.15545,1.15566,1.50,1.13
2011.06.27 21:16:47.929,1.15546,1.15562,1.50,1.13
2011.06.27 21:16:50.269,1.15546,1.15563,1.50,1.13
2011.06.27 21:16:50.930,1.15546,1.15563,1.50,1.13
2011.06.27 21:16:51.259,1.15546,1.1557,1.50,2.26
2011.06.27 21:16:51.481,1.15547,1.15571,1.50,1.50
2011.06.27 21:16:58.120,1.15547,1.15571,1.50,1.50
2011.06.27 21:17:04.139,1.15545,1.15571,1.50,2.26
2011.06.27 21:17:51.367,1.15543,1.1557,1.50,1.51
2011.06.27 21:18:00.431,1.15548,1.1557,1.50,1.51
2011.06.27 21:18:00.761,1.15566,1.15574,2.25,1.51
2011.06.27 21:18:00.872,1.15566,1.1558,2.25,1.50
2011.06.27 21:18:00.981,1.1557,1.15584,2.25,1.13
2011.06.27 21:18:06.111,1.1556,1.1558,1.50,1.50
2011.06.27 21:18:06.331,1.1557,1.1558,2.25,1.50
2011.06.27 21:18:06.660,1.1557,1.1558,1.50,1.50
2011.06.27 21:18:06.770,1.1557,1.15584,2.25,1.13
2011.06.27 21:18:07.781,1.15573,1.15591,1.50,2.25
2011.06.27 21:18:07.892,1.15559,1.15579,1.50,1.50
2011.06.27 21:18:08.111,1.15548,1.1558,1.50,1.50
2011.06.27 21:18:08.222,1.15548,1.15582,1.50,3.00
2011.06.27 21:18:08.550,1.15548,1.15584,1.50,3.00
2011.06.27 21:18:13.061,1.15548,1.1557,1.50,1.13
2011.06.27 21:18:13.641,1.15547,1.15569,1.50,1.50
2011.06.27 21:18:17.590,1.15547,1.1557,1.50,1.50
2011.06.27 21:18:17.921,1.15548,1.15575,1.50,1.50
2011.06.27 21:18:18.470,1.15548,1.15576,1.50,2.25
2011.06.27 21:18:18.911,1.15571,1.15578,2.25,1.50
2011.06.27 21:18:19.241,1.15574,1.1559,1.50,4.13
2011.06.27 21:18:21.381,1.15571,1.1558,2.25,1.13
2011.06.27 21:18:34.431,1.15558,1.15573,1.50,1.13
2011.06.27 21:18:34.652,1.15548,1.15572,2.25,1.50
2011.06.27 21:18:34.872,1.15548,1.15571,1.50,1.50
2011.06.27 21:18:35.419,1.15548,1.15571,1.50,1.50
2011.06.27 21:18:42.400,1.15548,1.15575,1.50,2.25
2011.06.27 21:18:42.511,1.15548,1.15575,2.25,1.50
2011.06.27 21:18:42.622,1.15551,1.15584,1.50,1.50
2011.06.27 21:18:42.732,1.15551,1.15584,1.50,1.50
2011.06.27 21:18:43.282,1.15557,1.15585,2.25,1.50
2011.06.27 21:18:46.060,1.15554,1.15584,1.50,1.50
2011.06.27 21:18:48.681,1.15554,1.15585,1.50,1.50
2011.06.27 21:18:49.338,1.15554,1.15584,1.50,1.50
2011.06.27 21:18:50.330,1.15554,1.15584,1.50,1.50
2011.06.27 21:18:50.879,1.15548,1.15581,3.00,3.00
2011.06.27 21:18:56.640,1.1556,1.15584,1.50,1.50
2011.06.27 21:18:56.970,1.15571,1.15584,2.25,1.50
2011.06.27 21:19:12.690,1.15569,1.15578,2.25,1.13
2011.06.27 21:19:28.530,1.15559,1.15578,1.50,1.13
2011.06.27 21:19:28.640,1.1557,1.15579,2.25,1.13
2011.06.27 21:19:30.351,1.15565,1.15578,1.50,1.13
2011.06.27 21:19:30.461,1.15566,1.15578,1.50,1.13
2011.06.27 21:19:33.310,1.15565,1.15578,1.50,1.13
2011.06.27 21:19:36.160,1.15566,1.15574,1.50,1.50
2011.06.27 21:19:36.709,1.15566,1.15578,1.50,1.13
2011.06.27 21:19:45.041,1.15558,1.15578,2.25,1.13
2011.06.27 21:19:48.881,1.15558,1.15584,2.25,1.50
2011.06.27 21:19:57.022,1.15569,1.15591,1.35,1.50
2011.06.27 21:19:57.131,1.15569,1.15599,1.35,1.13
2011.06.27 21:19:57.240,1.15569,1.15601,1.35,4.28
2011.06.27 21:19:57.460,1.15573,1.15601,1.50,1.50
2011.06.27 21:20:01.882,1.15569,1.15601,1.35,1.88
2011.06.27 21:20:07.181,1.15569,1.156,1.35,1.50
2011.06.27 21:20:07.730,1.15576,1.15597,1.50,1.50
2011.06.27 21:20:25.650,1.15576,1.15598,2.25,1.50
2011.06.27 21:20:29.260,1.15576,1.15597,2.25,1.13
2011.06.27 21:20:32.310,1.15576,1.15598,1.50,1.50
2011.06.27 21:20:43.251,1.15573,1.15597,1.50,1.50
2011.06.27 21:20:46.511,1.1557,1.15582,2.25,1.13
2011.06.27 21:20:49.311,1.1557,1.15583,2.25,1.13
2011.06.27 21:20:50.111,1.1557,1.15593,2.25,3.00
2011.06.27 21:20:50.222,1.1557,1.15596,3.00,1.50
2011.06.27 21:20:51.981,1.15573,1.15596,1.50,1.50
2011.06.27 21:20:52.223,1.15573,1.15588,1.50,1.13
2011.06.27 21:20:52.740,1.1557,1.15588,3.00,1.13
2011.06.27 21:20:58.261,1.1557,1.1559,3.00,1.50
2011.06.27 21:21:07.369,1.15567,1.1559,1.50,1.50
2011.06.27 21:21:11.650,1.15568,1.15593,1.50,1.50
2011.06.27 21:21:11.762,1.15571,1.15597,1.50,4.50
2011.06.27 21:21:11.871,1.15571,1.15597,1.50,3.75
2011.06.27 21:21:12.090,1.15577,1.15609,1.50,1.51
2011.06.27 21:21:12.200,1.15579,1.15609,1.50,1.51
2011.06.27 21:21:12.751,1.15577,1.15608,1.50,1.51
2011.06.27 21:21:13.081,1.15576,1.15605,1.50,1.51
2011.06.27 21:21:13.190,1.15576,1.15604,1.50,1.51
2011.06.27 21:21:13.300,1.15576,1.15604,1.50,1.51
2011.06.27 21:21:13.800,1.15576,1.15604,1.50,1.51
2011.06.27 21:21:14.132,1.15574,1.15605,1.50,1.51
2011.06.27 21:21:14.240,1.15574,1.15605,1.50,1.51
2011.06.27 21:21:14.790,1.15574,1.15605,1.50,1.51
2011.06.27 21:21:15.010,1.15574,1.15605,1.50,1.51
2011.06.27 21:21:15.450,1.15574,1.15602,1.50,1.28
2011.06.27 21:21:19.461,1.15574,1.156,1.50,2.03
2011.06.27 21:21:19.793,1.15561,1.15582,1.50,1.13
2011.06.27 21:21:19.902,1.15563,1.15584,1.50,1.13
2011.06.27 21:21:20.231,1.15561,1.15584,1.50,1.13
2011.06.27 21:21:21.171,1.15561,1.15581,1.50,1.51
2011.06.27 21:21:21.830,1.15562,1.15574,1.50,1.13
2011.06.27 21:21:21.940,1.15558,1.15574,3.00,1.13
2011.06.27 21:21:22.051,1.15558,1.15583,3.00,1.51
2011.06.27 21:21:22.161,1.15566,1.15589,1.50,1.51
2011.06.27 21:21:24.379,1.15564,1.15589,2.18,1.51
2011.06.27 21:21:24.601,1.15564,1.15582,1.50,1.51
2011.06.27 21:21:25.161,1.15562,1.15582,1.50,1.51
2011.06.27 21:21:29.680,1.15561,1.15582,1.43,1.51
2011.06.27 21:21:30.231,1.1556,1.15582,1.50,1.51
2011.06.27 21:21:30.941,1.1556,1.15582,1.50,1.51
2011.06.27 21:21:31.490,1.1556,1.15582,1.50,1.51
2011.06.27 21:21:32.040,1.1556,1.15582,1.50,1.51
2011.06.27 21:21:32.511,1.15558,1.15578,1.50,1.51
2011.06.27 21:21:32.622,1.15558,1.15579,1.50,1.51
2011.06.27 21:21:32.942,1.15559,1.15579,1.50,1.51
2011.06.27 21:21:33.271,1.15559,1.15582,2.25,1.51
2011.06.27 21:21:33.860,1.15559,1.15582,2.25,1.51
2011.06.27 21:21:34.410,1.15559,1.15586,2.25,1.88
2011.06.27 21:21:36.614,1.15559,1.15589,2.25,1.50
2011.06.27 21:21:36.831,1.15559,1.15589,2.25,1.50
2011.06.27 21:21:37.681,1.15559,1.15589,2.25,1.50
2011.06.27 21:21:40.053,1.15559,1.15589,3.00,1.50
2011.06.27 21:21:40.381,1.15564,1.15589,2.25,1.50
2011.06.27 21:21:52.160,1.15564,1.15588,1.50,1.50
2011.06.27 21:21:53.611,1.15564,1.15578,1.50,1.13
2011.06.27 21:21:53.721,1.15564,1.15582,1.50,1.50
2011.06.27 21:21:53.831,1.15559,1.15582,1.50,1.50
2011.06.27 21:22:00.621,1.15554,1.1558,3.00,1.50
2011.06.27 21:22:00.841,1.15554,1.1558,2.25,1.50
2011.06.27 21:22:01.170,1.15547,1.1558,1.50,1.50
2011.06.27 21:22:01.640,1.15547,1.15566,1.50,2.54
2011.06.27 21:22:14.542,1.15546,1.15568,2.25,1.52
2011.06.27 21:22:15.312,1.15546,1.15566,2.25,1.10
2011.06.27 21:22:28.761,1.15549,1.15566,1.50,1.10
2011.06.27 21:22:29.091,1.15551,1.15566,1.50,1.13
2011.06.27 21:22:29.421,1.1555,1.15565,1.50,1.13
2011.06.27 21:22:30.330,1.15546,1.15565,3.00,1.13
2011.06.27 21:22:32.641,1.15549,1.15576,1.50,3.00
2011.06.27 21:22:32.970,1.15549,1.15579,1.50,1.50
2011.06.27 21:22:34.962,1.15549,1.15581,1.50,3.00
2011.06.27 21:22:35.289,1.15549,1.15583,2.25,1.51
2011.06.27 21:22:38.369,1.15549,1.15583,2.25,1.51
2011.06.27 21:22:38.690,1.15549,1.15583,2.25,1.51
2011.06.27 21:22:39.161,1.15549,1.15583,2.25,2.26
2011.06.27 21:22:39.491,1.15551,1.15572,1.50,1.13
2011.06.27 21:22:41.730,1.15549,1.15572,1.50,1.13
2011.06.27 21:23:00.639,1.15546,1.15572,1.50,1.13
2011.06.27 21:23:15.380,1.15546,1.15568,1.50,1.51
2011.06.27 21:23:15.929,1.15545,1.15568,1.50,1.51
2011.06.27 21:23:21.877,1.15545,1.15568,1.50,1.51
2011.06.27 21:23:22.106,1.15545,1.15568,1.50,1.51
2011.06.27 21:23:23.200,1.15545,1.15567,1.50,1.50
2011.06.27 21:23:23.310,1.15545,1.15571,1.50,1.13
2011.06.27 21:23:24.110,1.15545,1.15571,1.50,1.13
2011.06.27 21:23:26.380,1.15545,1.15572,1.50,1.13
2011.06.27 21:23:27.940,1.15545,1.15571,1.50,1.50
2011.06.27 21:23:28.270,1.15545,1.15572,1.50,1.13
2011.06.27 21:23:32.662,1.15541,1.15559,1.50,1.13
2011.06.27 21:23:34.990,1.15538,1.15559,1.50,1.13
2011.06.27 21:23:35.211,1.15542,1.15559,2.25,1.13
2011.06.27 21:23:37.973,1.15542,1.15568,2.25,1.50
2011.06.27 21:23:43.912,1.15544,1.15558,1.50,1.13
2011.06.27 21:23:45.563,1.15542,1.15565,2.25,3.00
2011.06.27 21:23:45.673,1.15542,1.15568,2.25,1.50
2011.06.27 21:23:50.080,1.15544,1.15563,1.50,1.13
2011.06.27 21:23:51.023,1.15542,1.1556,2.25,1.13
2011.06.27 21:23:57.601,1.15542,1.15558,2.25,1.13
2011.06.27 21:23:58.211,1.15542,1.15555,2.25,1.51
2011.06.27 21:24:03.182,1.15542,1.15558,2.25,1.13
2011.06.27 21:24:03.733,1.15542,1.15562,2.25,1.13
2011.06.27 21:24:06.031,1.15542,1.15559,2.25,1.13
2011.06.27 21:24:13.973,1.15542,1.15561,2.25,1.50
2011.06.27 21:24:15.051,1.15542,1.15568,2.25,1.51
2011.06.27 21:24:15.161,1.15542,1.15568,2.25,1.51
2011.06.27 21:24:15.494,1.15542,1.15558,2.25,1.50
2011.06.27 21:24:15.712,1.15542,1.15567,2.25,1.51
2011.06.27 21:24:15.822,1.15542,1.15567,3.00,1.51
2011.06.27 21:24:19.472,1.15542,1.15569,3.00,3.00
2011.06.27 21:24:21.811,1.15542,1.15567,3.00,1.88
2011.06.27 21:24:21.922,1.15542,1.15568,2.25,1.50
2011.06.27 21:24:24.873,1.15542,1.15564,2.25,1.88
2011.06.27 21:24:27.251,1.15542,1.15563,2.25,1.50
2011.06.27 21:24:27.800,1.15542,1.15563,2.25,1.51
2011.06.27 21:24:35.107,1.15534,1.15564,1.50,2.63
2011.06.27 21:24:40.299,1.15534,1.15564,1.50,3.38
2011.06.27 21:24:40.519,1.15534,1.15564,1.50,3.38
2011.06.27 21:24:41.710,1.15534,1.15564,1.50,3.38
2011.06.27 21:24:41.819,1.15534,1.15564,1.50,3.38
2011.06.27 21:24:44.361,1.15533,1.15557,2.25,1.13
2011.06.27 21:24:44.910,1.15533,1.15557,2.25,1.13
2011.06.27 21:24:47.221,1.15533,1.15564,2.25,1.51
2011.06.27 21:24:47.331,1.15538,1.15565,1.50,3.75
2011.06.27 21:24:47.660,1.15538,1.15567,1.50,1.88
2011.06.27 21:24:48.170,1.15538,1.15566,1.50,1.50
2011.06.27 21:24:48.501,1.15538,1.15564,1.50,1.13
2011.06.27 21:24:49.049,1.15541,1.15564,1.50,1.13
2011.06.27 21:24:50.161,1.15541,1.15564,1.50,1.13
2011.06.27 21:24:50.492,1.15547,1.15564,1.50,1.13
2011.06.27 21:24:51.832,1.15547,1.15567,1.50,1.13
2011.06.27 21:25:18.521,1.15546,1.15556,1.50,1.13
2011.06.27 21:25:20.982,1.15546,1.15566,2.25,1.13
2011.06.27 21:25:29.391,1.15547,1.15566,2.25,1.13
2011.06.27 21:25:45.401,1.15547,1.15565,2.25,1.13
2011.06.27 21:25:51.221,1.15547,1.15566,2.25,1.13
2011.06.27 21:26:03.401,1.15547,1.15575,2.25,3.00
2011.06.27 21:26:03.512,1.1555,1.15575,1.50,2.25
2011.06.27 21:26:03.731,1.15556,1.15586,1.50,3.01
2011.06.27 21:26:03.840,1.15559,1.15586,1.50,2.26
2011.06.27 21:26:04.403,1.15559,1.15586,1.50,2.26
2011.06.27 21:26:05.761,1.15559,1.15583,1.50,1.13
2011.06.27 21:26:06.200,1.15556,1.1558,1.50,1.50
2011.06.27 21:26:12.702,1.15556,1.15575,1.50,1.13
2011.06.27 21:26:40.461,1.15557,1.15575,1.50,1.13
2011.06.27 21:26:59.210,1.15557,1.15574,1.50,1.13
2011.06.27 21:27:00.712,1.15557,1.15575,1.50,1.13
2011.06.27 21:27:09.422,1.15554,1.15563,1.50,1.13
2011.06.27 21:27:10.467,1.15557,1.15575,1.50,2.63
2011.06.27 21:27:12.931,1.15557,1.15575,1.50,1.13
2011.06.27 21:27:13.483,1.15552,1.15565,1.50,1.13
2011.06.27 21:27:16.131,1.1555,1.15566,1.50,1.13
2011.06.27 21:27:16.352,1.15551,1.15565,1.50,1.13
2011.06.27 21:27:16.461,1.1555,1.15565,1.50,1.13
2011.06.27 21:27:21.431,1.1555,1.15566,1.50,1.13
2011.06.27 21:27:22.201,1.15548,1.15557,1.50,1.13
2011.06.27 21:27:22.532,1.15542,1.15566,1.50,1.88
2011.06.27 21:27:28.022,1.15541,1.15568,2.25,2.25
2011.06.27 21:27:28.132,1.15543,1.15569,1.50,1.50
2011.06.27 21:27:28.681,1.15544,1.15571,1.50,2.25
2011.06.27 21:27:30.741,1.15544,1.1557,1.50,1.50
2011.06.27 21:27:30.851,1.15544,1.1557,1.50,2.26
2011.06.27 21:27:31.601,1.15544,1.1557,1.50,1.51
2011.06.27 21:27:33.381,1.15544,1.1557,1.50,1.51
2011.06.27 21:27:33.603,1.15544,1.1557,1.50,1.51
2011.06.27 21:27:34.151,1.15544,1.1557,1.50,1.51
2011.06.27 21:27:34.373,1.15549,1.15571,1.50,1.50
2011.06.27 21:27:40.873,1.15544,1.1557,1.50,1.50
2011.06.27 21:27:51.882,1.15544,1.15569,1.50,1.50
2011.06.27 21:27:52.435,1.15545,1.15568,1.50,1.50
2011.06.27 21:27:55.392,1.15545,1.15568,1.50,1.50
2011.06.27 21:27:55.957,1.15545,1.15568,1.50,1.50
2011.06.27 21:27:58.652,1.15545,1.15566,1.50,1.88
2011.06.27 21:28:17.263,1.15545,1.15569,1.50,2.25
2011.06.27 21:28:17.373,1.15545,1.15569,1.50,2.25
2011.06.27 21:28:23.161,1.15545,1.15571,1.50,1.50
2011.06.27 21:28:23.601,1.15545,1.15573,1.50,3.75
2011.06.27 21:28:23.711,1.15545,1.15573,1.50,3.75
2011.06.27 21:28:24.264,1.15541,1.15571,1.50,3.00
2011.06.27 21:28:24.371,1.15541,1.15571,1.50,3.00
2011.06.27 21:28:24.591,1.15541,1.1557,1.50,1.50
2011.06.27 21:28:25.631,1.15541,1.1557,1.50,1.50
2011.06.27 21:28:43.402,1.15541,1.15566,1.50,1.13
2011.06.27 21:28:43.951,1.15541,1.15566,1.50,1.13
2011.06.27 21:29:11.722,1.15541,1.15566,1.50,1.88
2011.06.27 21:29:12.271,1.15541,1.15566,1.50,1.13
2011.06.27 21:29:13.761,1.15541,1.15566,1.50,1.88
2011.06.27 21:29:14.311,1.15541,1.15565,1.50,1.88
2011.06.27 21:29:15.071,1.15541,1.15565,1.50,1.13
2011.06.27 21:29:15.951,1.15541,1.15565,1.50,1.13
2011.06.27 21:29:16.473,1.15541,1.15565,1.50,1.13
2011.06.27 21:29:19.141,1.15541,1.15565,1.50,1.13
2011.06.27 21:29:19.582,1.15533,1.15561,1.35,1.51
2011.06.27 21:29:20.215,1.15533,1.15561,1.35,1.51
2011.06.27 21:29:20.661,1.15533,1.1556,1.35,1.13
2011.06.27 21:29:21.211,1.15533,1.1556,1.35,1.13
2011.06.27 21:29:22.323,1.15532,1.15545,1.35,1.13
2011.06.27 21:29:22.996,1.15533,1.15551,1.35,1.50
2011.06.27 21:29:23.333,1.15533,1.15562,1.35,1.51
2011.06.27 21:29:23.443,1.15533,1.15562,1.35,1.51
2011.06.27 21:29:23.861,1.15533,1.15563,1.35,1.13
2011.06.27 21:29:24.781,1.15533,1.1556,1.35,3.01
2011.06.27 21:29:25.661,1.15532,1.1556,1.50,3.61
2011.06.27 21:29:25.772,1.15532,1.15543,1.50,1.13
2011.06.27 21:29:25.883,1.1553,1.15552,1.50,1.50
2011.06.27 21:29:25.993,1.15532,1.15559,1.50,1.88
2011.06.27 21:29:28.791,1.15533,1.15559,1.50,1.35
2011.06.27 21:29:29.122,1.15532,1.1556,1.50,1.35
2011.06.27 21:29:43.602,1.15541,1.15565,1.50,1.20
2011.06.27 21:29:43.822,1.15542,1.15568,1.50,2.03
2011.06.27 21:29:44.041,1.15542,1.15568,1.50,2.03
2011.06.27 21:29:46.473,1.15542,1.15567,1.50,1.28
2011.06.27 21:29:46.801,1.1554,1.15551,1.88,1.13
2011.06.27 21:29:56.632,1.15536,1.15551,1.13,1.13
2011.06.27 21:29:56.852,1.15532,1.15551,1.50,1.13
2011.06.27 21:29:56.961,1.15531,1.15551,1.50,1.13
2011.06.27 21:30:05.003,1.15531,1.15556,1.50,3.00
2011.06.27 21:30:05.113,1.15532,1.15559,1.50,1.35
2011.06.27 21:30:05.731,1.15533,1.15562,1.50,3.00
2011.06.27 21:30:34.953,1.15535,1.15562,3.00,1.51
2011.06.27 21:30:35.281,1.15538,1.15564,1.50,1.13
2011.06.27 21:30:43.042,1.15538,1.15565,1.50,1.13
2011.06.27 21:30:43.615,1.15538,1.15565,1.50,1.13
2011.06.27 21:30:44.503,1.15539,1.15564,1.50,1.13
2011.06.27 21:30:59.132,1.15539,1.15564,1.50,1.13
2011.06.27 21:30:59.572,1.15539,1.15565,1.50,1.51
2011.06.27 21:31:15.454,1.15539,1.15565,1.50,1.51
2011.06.27 21:31:15.963,1.15541,1.15569,1.50,1.88
2011.06.27 21:31:28.432,1.15546,1.15569,2.85,1.51
2011.06.27 21:31:28.982,1.15546,1.15571,2.10,1.13
2011.06.27 21:31:29.311,1.15548,1.15571,1.50,1.88
2011.06.27 21:31:32.833,1.15549,1.15573,1.50,1.50
2011.06.27 21:31:33.052,1.15551,1.15576,1.50,1.50
2011.06.27 21:31:33.161,1.15552,1.15576,1.50,1.50
2011.06.27 21:31:33.493,1.15565,1.15577,2.25,3.00
2011.06.27 21:31:34.152,1.15556,1.15577,1.50,3.00
2011.06.27 21:31:34.701,1.15553,1.15577,1.80,3.00
2011.06.27 21:31:42.442,1.15554,1.15579,1.05,1.88
2011.06.27 21:32:04.241,1.15554,1.15579,1.05,1.88
2011.06.27 21:32:06.991,1.15554,1.15579,1.05,1.88
2011.06.27 21:32:07.322,1.15554,1.15579,1.05,1.88
2011.06.27 21:32:11.411,1.15554,1.15577,1.05,1.13
2011.06.27 21:32:58.901,1.15557,1.15578,1.50,1.50
2011.06.27 21:32:59.122,1.15557,1.15585,1.50,2.63
2011.06.27 21:32:59.232,1.15557,1.15585,1.88,2.63
2011.06.27 21:32:59.671,1.15557,1.15585,1.88,2.63
2011.06.27 21:33:00.432,1.15557,1.15585,1.88,2.63
2011.06.27 21:33:00.762,1.15565,1.15586,2.25,2.26
2011.06.27 21:33:01.311,1.15568,1.15586,2.25,1.50
2011.06.27 21:33:03.092,1.15569,1.15586,1.50,1.50
2011.06.27 21:33:06.573,1.15569,1.15587,1.50,1.50
2011.06.27 21:33:06.794,1.15572,1.1559,1.50,2.25
2011.06.27 21:33:06.902,1.15573,1.15599,1.50,1.50
2011.06.27 21:33:07.124,1.15572,1.15598,2.25,1.50
2011.06.27 21:33:07.342,1.15576,1.15597,1.50,3.00
2011.06.27 21:33:07.832,1.15576,1.15597,1.50,3.00
2011.06.27 21:33:09.433,1.15576,1.15591,1.50,1.13
2011.06.27 21:33:12.164,1.15576,1.15591,1.50,2.25
2011.06.27 21:33:21.782,1.15576,1.15591,1.50,2.25
2011.06.27 21:33:23.163,1.15572,1.15581,1.50,1.13
2011.06.27 21:33:23.494,1.15568,1.15577,1.50,1.13
2011.06.27 21:33:24.633,1.15576,1.15586,1.50,3.75
2011.06.27 21:33:25.183,1.15576,1.15586,1.50,2.25
2011.06.27 21:33:25.292,1.15576,1.1559,1.50,2.25
2011.06.27 21:33:30.694,1.15575,1.15585,1.50,1.13
2011.06.27 21:33:30.804,1.15568,1.15585,1.50,1.13
2011.06.27 21:33:31.023,1.15565,1.15585,2.25,1.13
2011.06.27 21:33:31.802,1.15565,1.15583,2.25,1.13
2011.06.27 21:33:33.122,1.15565,1.15585,2.25,1.13
2011.06.27 21:33:43.083,1.15565,1.15583,2.25,1.50
2011.06.27 21:33:43.303,1.15565,1.15583,2.25,1.13
2011.06.27 21:33:44.952,1.15565,1.1558,2.25,1.13
2011.06.27 21:33:45.388,1.15565,1.15583,2.25,1.13
2011.06.27 21:33:45.613,1.15565,1.1558,2.25,1.13
2011.06.27 21:33:45.833,1.15565,1.15585,2.25,3.75
2011.06.27 21:33:46.714,1.15565,1.15577,2.25,1.13
2011.06.27 21:34:00.619,1.15553,1.15577,1.80,1.13
2011.06.27 21:34:10.481,1.15553,1.15577,1.80,1.13
2011.06.27 21:34:13.171,1.15553,1.15577,1.80,1.13
2011.06.27 21:34:13.733,1.15553,1.15577,1.80,1.13
2011.06.27 21:34:17.482,1.15553,1.15577,1.80,1.13
2011.06.27 21:34:20.002,1.15553,1.15578,1.80,1.13
2011.06.27 21:34:26.367,1.15554,1.15581,1.50,1.13
2011.06.27 21:34:26.813,1.15555,1.15577,1.50,1.13
2011.06.27 21:34:26.922,1.15554,1.15577,1.80,1.13
2011.06.27 21:34:30.461,1.15554,1.15577,1.05,1.13
2011.06.27 21:34:34.472,1.15554,1.15578,1.05,1.13
2011.06.27 21:34:37.123,1.15555,1.15577,1.50,1.13
2011.06.27 21:34:45.371,1.15553,1.15578,1.05,1.13
2011.06.27 21:34:45.591,1.15554,1.15578,1.05,1.13
2011.06.27 21:34:48.464,1.15554,1.15577,1.05,1.13
2011.06.27 21:34:52.133,1.15553,1.15572,1.05,1.13
2011.06.27 21:34:54.292,1.15553,1.15572,1.05,1.13
2011.06.27 21:35:01.452,1.15553,1.15572,1.05,1.13
2011.06.27 21:35:01.672,1.15554,1.15576,1.05,1.13
2011.06.27 21:35:10.264,1.15554,1.15572,1.05,1.13
2011.06.27 21:35:17.586,1.15554,1.15566,1.05,1.13
2011.06.27 21:35:34.071,1.15554,1.15566,2.25,1.13
2011.06.27 21:35:39.942,1.15554,1.15569,2.25,1.13
2011.06.27 21:35:45.543,1.15553,1.15582,2.93,1.50
2011.06.27 21:35:45.653,1.15553,1.15582,2.55,1.50
2011.06.27 21:35:45.983,1.15554,1.15571,1.05,1.13
2011.06.27 21:35:46.092,1.15554,1.15571,1.05,1.13
2011.06.27 21:35:59.193,1.15553,1.15571,1.05,1.13
2011.06.27 21:36:00.661,1.15553,1.15573,2.93,1.13
2011.06.27 21:36:04.482,1.15554,1.15582,2.55,3.00
2011.06.27 21:36:04.592,1.15555,1.15581,1.50,1.50
2011.06.27 21:36:08.581,1.15556,1.1558,2.25,1.50
2011.06.27 21:36:08.692,1.15556,1.15569,2.25,1.13
2011.06.27 21:36:09.022,1.15553,1.15569,1.05,1.13
2011.06.27 21:36:10.021,1.15553,1.15569,1.05,1.13
2011.06.27 21:36:10.571,1.15553,1.15569,1.05,1.13
2011.06.27 21:36:10.922,1.15553,1.15579,1.05,1.88
2011.06.27 21:36:11.032,1.15553,1.15579,1.05,1.88
2011.06.27 21:36:11.660,1.15553,1.15583,2.55,3.01
2011.06.27 21:36:30.442,1.15553,1.15583,2.55,3.00
2011.06.27 21:36:31.874,1.15553,1.15581,2.55,1.50
2011.06.27 21:36:33.201,1.15554,1.15581,1.05,1.50
2011.06.27 21:36:42.384,1.15564,1.15593,1.50,1.51
2011.06.27 21:36:42.605,1.15571,1.15595,1.50,3.00
2011.06.27 21:36:42.712,1.15573,1.15602,1.50,1.51
2011.06.27 21:36:43.260,1.15573,1.15602,1.50,1.51
2011.06.27 21:36:57.352,1.15579,1.15602,1.13,1.51
2011.06.27 21:36:57.572,1.15584,1.1561,1.50,1.50
2011.06.27 21:36:57.682,1.15585,1.1561,1.50,1.13
2011.06.27 21:36:59.462,1.15585,1.1561,1.50,1.13
2011.06.27 21:37:00.012,1.15585,1.15611,1.50,1.13
2011.06.27 21:37:00.123,1.15585,1.15611,1.50,1.50
2011.06.27 21:37:00.232,1.15585,1.15611,1.50,2.18
2011.06.27 21:37:00.562,1.15574,1.15604,2.25,3.00
2011.06.27 21:37:01.110,1.15574,1.15603,1.50,1.51
2011.06.27 21:37:01.992,1.15569,1.156,1.50,1.51
2011.06.27 21:37:02.322,1.15569,1.156,1.50,1.51
2011.06.27 21:37:02.871,1.15569,1.156,1.50,1.51
2011.06.27 21:37:03.203,1.15571,1.15601,2.25,1.51
2011.06.27 21:37:06.112,1.15571,1.15601,1.50,1.51
2011.06.27 21:37:06.674,1.15571,1.15601,1.50,1.51
2011.06.27 21:37:08.341,1.15571,1.15601,1.50,1.51
2011.06.27 21:37:08.861,1.15571,1.15601,1.50,1.51
2011.06.27 21:37:10.253,1.1557,1.156,2.25,1.51
2011.06.27 21:37:10.583,1.15566,1.15593,1.88,1.51
2011.06.27 21:37:11.133,1.15564,1.15593,1.50,1.13
2011.06.27 21:37:11.352,1.15564,1.15591,1.50,1.50
2011.06.27 21:37:11.902,1.15559,1.1559,2.25,1.51
2011.06.27 21:37:15.202,1.15559,1.15592,2.25,1.51
2011.06.27 21:37:15.532,1.15567,1.15592,1.50,1.88
2011.06.27 21:37:20.003,1.15567,1.15589,1.50,1.13
2011.06.27 21:37:20.333,1.15559,1.15589,1.50,1.51
2011.06.27 21:37:20.882,1.15558,1.15589,2.25,1.51
2011.06.27 21:37:21.324,1.15558,1.15589,1.50,1.51
2011.06.27 21:37:21.853,1.15558,1.15588,1.50,1.51
2011.06.27 21:37:22.202,1.15558,1.15589,1.50,1.51
2011.06.27 21:37:24.763,1.15564,1.15589,1.35,1.51
2011.06.27 21:37:28.842,1.1556,1.15587,1.35,1.51
2011.06.27 21:37:34.752,1.15563,1.15587,1.50,1.51
2011.06.27 21:37:35.301,1.15564,1.1559,2.18,2.26
2011.06.27 21:37:35.852,1.1556,1.15588,1.20,1.51
2011.06.27 21:37:45.432,1.1556,1.15588,1.35,1.51
2011.06.27 21:37:50.273,1.15559,1.15588,1.43,1.51
2011.06.27 21:37:50.803,1.15559,1.15589,1.43,2.26
2011.06.27 21:37:51.023,1.15559,1.15589,1.43,1.51
2011.06.27 21:37:51.774,1.15565,1.15589,3.00,1.51
2011.06.27 21:37:51.993,1.15565,1.1559,2.25,1.50
2011.06.27 21:38:04.174,1.15565,1.15588,2.25,1.50
2011.06.27 21:38:04.283,1.15565,1.1559,3.00,3.00
2011.06.27 21:38:04.394,1.15557,1.15589,1.95,2.63
2011.06.27 21:38:04.813,1.15553,1.15577,1.58,1.50
2011.06.27 21:38:05.143,1.15571,1.1559,2.25,3.01
2011.06.27 21:38:05.253,1.15571,1.1559,2.25,2.25
2011.06.27 21:38:15.393,1.15569,1.1559,1.50,1.50
2011.06.27 21:38:15.942,1.15569,1.1559,1.50,1.50
2011.06.27 21:38:16.442,1.1557,1.1559,2.25,1.50
2011.06.27 21:38:21.482,1.15566,1.1559,1.50,1.50
2011.06.27 21:38:34.433,1.15568,1.15591,1.50,1.13
2011.06.27 21:38:52.960,1.15567,1.15591,3.00,1.13
2011.06.27 21:38:58.752,1.15567,1.15591,3.68,1.13
2011.06.27 21:39:11.372,1.15568,1.15591,2.25,1.13
2011.06.27 21:39:13.132,1.15568,1.15597,2.25,1.51
2011.06.27 21:39:13.243,1.15569,1.15598,2.25,2.26
2011.06.27 21:39:14.743,1.15569,1.15597,2.85,3.76
2011.06.27 21:39:15.073,1.15568,1.15593,1.28,1.51
2011.06.27 21:39:15.733,1.15569,1.15596,1.35,1.51
2011.06.27 21:39:15.953,1.15569,1.15596,1.35,1.50
2011.06.27 21:39:16.282,1.15569,1.15598,1.35,2.26
2011.06.27 21:39:35.593,1.15568,1.15597,2.10,2.26
2011.06.27 21:39:35.812,1.15567,1.15594,1.35,1.51
2011.06.27 21:39:36.369,1.15567,1.15594,1.28,1.51
2011.06.27 21:39:36.702,1.1557,1.15596,1.20,1.51
2011.06.27 21:39:36.922,1.1557,1.15598,1.20,2.63
2011.06.27 21:39:53.983,1.15569,1.15598,2.70,1.51
2011.06.27 21:39:55.553,1.1557,1.15598,1.50,2.26
2011.06.27 21:39:55.773,1.15569,1.15596,1.20,2.26
2011.06.27 21:39:56.102,1.15569,1.15596,1.28,2.26
2011.06.27 21:39:56.493,1.15573,1.15596,2.25,1.51
2011.06.27 21:39:56.712,1.15578,1.156,1.50,1.13
2011.06.27 21:39:56.823,1.15578,1.156,1.50,1.13
2011.06.27 21:39:57.732,1.15578,1.15601,1.50,1.13
2011.06.27 21:40:00.903,1.15578,1.15601,1.50,1.13
2011.06.27 21:40:18.793,1.15577,1.15597,2.10,1.13
2011.06.27 21:40:19.311,1.15577,1.15597,2.10,1.13
2011.06.27 21:40:29.342,1.15577,1.15603,2.10,1.88
2011.06.27 21:40:30.644,1.15577,1.15599,2.10,1.50
2011.06.27 21:40:32.983,1.15577,1.15599,2.10,1.50
2011.06.27 21:41:19.061,1.15578,1.156,2.63,1.50
2011.06.27 21:41:38.809,1.15578,1.15599,1.50,1.50
2011.06.27 21:41:39.033,1.15578,1.15603,3.38,1.51
2011.06.27 21:41:39.145,1.15578,1.15605,3.38,3.01
2011.06.27 21:41:39.253,1.15578,1.15605,3.38,2.26
2011.06.27 21:41:45.302,1.15578,1.15605,2.25,1.51
2011.06.27 21:41:46.689,1.15578,1.15605,2.25,1.51
2011.06.27 21:41:56.942,1.15578,1.15604,2.25,2.26
2011.06.27 21:41:58.352,1.15579,1.15604,2.25,2.26
2011.06.27 21:42:00.912,1.15578,1.15604,2.63,2.26
2011.06.27 21:42:17.462,1.15578,1.15603,2.25,1.51
2011.06.27 21:42:24.022,1.15579,1.15604,2.25,1.51
2011.06.27 21:42:27.302,1.15579,1.15603,2.25,1.13
2011.06.27 21:42:46.154,1.15578,1.15603,3.00,1.88
2011.06.27 21:42:46.752,1.15579,1.15604,2.25,1.51
2011.06.27 21:42:46.971,1.15579,1.15608,2.25,2.26
2011.06.27 21:42:57.323,1.15579,1.15606,2.25,2.25
2011.06.27 21:42:57.432,1.15579,1.15606,2.25,1.50
2011.06.27 21:42:57.982,1.15579,1.15607,2.25,2.26
2011.06.27 21:43:03.423,1.15579,1.15607,2.25,1.51
2011.06.27 21:43:04.348,1.15579,1.15608,1.50,1.51
2011.06.27 21:43:04.793,1.15573,1.15602,1.50,1.51
2011.06.27 21:43:05.547,1.15573,1.15606,1.50,1.51
2011.06.27 21:43:05.773,1.15578,1.15608,1.50,1.51
2011.06.27 21:43:05.883,1.15579,1.15608,2.25,1.51
2011.06.27 21:43:06.528,1.15579,1.15608,2.25,1.51
2011.06.27 21:43:06.866,1.15579,1.1561,2.25,1.51
2011.06.27 21:43:07.412,1.15583,1.15612,1.50,1.51
2011.06.27 21:43:07.963,1.15583,1.15612,1.50,1.51
2011.06.27 21:43:08.523,1.15582,1.15608,1.50,1.50
2011.06.27 21:43:11.782,1.1558,1.15608,2.25,1.50
2011.06.27 21:43:11.893,1.15578,1.15608,2.25,1.51
2011.06.27 21:43:12.793,1.15578,1.15605,2.25,1.50
2011.06.27 21:43:13.124,1.15578,1.15598,1.50,2.25
2011.06.27 21:43:14.332,1.15575,1.15597,1.50,2.25
2011.06.27 21:43:27.006,1.15578,1.15606,1.50,1.50
2011.06.27 21:43:27.113,1.15578,1.15608,1.50,1.51
2011.06.27 21:43:27.222,1.15578,1.15609,1.50,1.51
2011.06.27 21:43:27.555,1.15573,1.15596,1.50,1.50
2011.06.27 21:43:27.773,1.1557,1.15596,1.50,1.50
2011.06.27 21:43:28.422,1.1557,1.15596,1.50,2.25
2011.06.27 21:43:28.533,1.15572,1.15596,2.25,2.25
2011.06.27 21:43:28.862,1.15575,1.15596,1.50,1.50
2011.06.27 21:43:33.994,1.15575,1.15596,1.50,1.50
2011.06.27 21:43:34.215,1.15579,1.15603,1.50,2.63
2011.06.27 21:43:34.542,1.15579,1.15603,1.50,1.50
2011.06.27 21:43:34.653,1.1558,1.15603,1.50,1.50
2011.06.27 21:43:34.982,1.15583,1.15603,1.50,1.50
2011.06.27 21:43:35.983,1.15581,1.15603,1.50,1.50
2011.06.27 21:43:36.532,1.15581,1.15604,1.50,1.50
2011.06.27 21:43:37.402,1.15577,1.15604,2.25,1.50
2011.06.27 21:43:38.543,1.15576,1.15604,2.25,1.50
2011.06.27 21:43:43.839,1.15576,1.15604,2.25,1.50
2011.06.27 21:43:44.433,1.15576,1.15602,2.25,1.50
2011.06.27 21:43:47.113,1.15576,1.15605,1.50,2.25
2011.06.27 21:43:49.233,1.15577,1.15604,1.50,1.50
2011.06.27 21:43:49.782,1.15578,1.15602,1.50,1.50
2011.06.27 21:43:50.493,1.1558,1.15602,1.50,1.50
2011.06.27 21:43:51.063,1.1558,1.15602,1.50,2.25
2011.06.27 21:43:51.623,1.1558,1.15602,1.50,1.50
2011.06.27 21:43:52.063,1.15578,1.15602,3.00,1.50
2011.06.27 21:43:52.612,1.15578,1.15602,2.25,1.50
2011.06.27 21:43:54.133,1.15582,1.15602,1.50,1.50
2011.06.27 21:43:55.203,1.15585,1.15603,1.88,1.50
2011.06.27 21:43:55.423,1.15589,1.15611,2.25,2.25
2011.06.27 21:43:55.973,1.15589,1.15615,2.25,1.50
2011.06.27 21:43:57.083,1.1559,1.15616,1.50,1.50
2011.06.27 21:43:57.302,1.15588,1.15616,1.50,1.51
2011.06.27 21:43:58.008,1.15588,1.15616,1.50,1.51
2011.06.27 21:43:58.903,1.15584,1.15614,1.50,1.51
2011.06.27 21:43:59.014,1.15585,1.15614,1.50,1.51
2011.06.27 21:43:59.343,1.15585,1.15615,2.25,1.50
2011.06.27 21:44:00.035,1.15586,1.15613,1.50,1.50
2011.06.27 21:44:11.527,1.15586,1.15612,3.38,1.50
2011.06.27 21:44:28.802,1.15586,1.15613,1.50,1.50
2011.06.27 21:44:29.024,1.15586,1.15611,1.50,1.50
2011.06.27 21:44:29.793,1.15586,1.15611,1.50,2.25
2011.06.27 21:44:35.263,1.15584,1.15613,1.35,1.51
2011.06.27 21:44:35.727,1.15584,1.15614,1.35,2.26
2011.06.27 21:44:40.663,1.1559,1.15614,1.35,1.50
2011.06.27 21:44:41.172,1.1559,1.15614,1.35,1.50
2011.06.27 21:44:43.065,1.15584,1.15613,2.25,1.51
2011.06.27 21:44:43.282,1.15584,1.15613,1.50,1.51
2011.06.27 21:45:01.402,1.15586,1.15613,1.50,2.26
2011.06.27 21:45:01.696,1.15588,1.15613,1.50,1.51
2011.06.27 21:45:04.623,1.15588,1.15614,1.50,2.26
2011.06.27 21:45:05.296,1.15588,1.15613,1.50,1.51
2011.06.27 21:45:06.523,1.15588,1.15614,1.35,2.26
2011.06.27 21:45:06.852,1.15588,1.15614,1.35,1.50
2011.06.27 21:45:08.262,1.15588,1.15615,1.35,1.50
2011.06.27 21:45:30.151,1.15588,1.15614,2.10,1.50
2011.06.27 21:45:30.485,1.15588,1.15612,1.35,2.25
2011.06.27 21:45:32.834,1.15591,1.15618,1.35,2.26
2011.06.27 21:45:33.584,1.15583,1.15613,1.50,1.50
2011.06.27 21:45:34.357,1.15583,1.15613,1.50,1.51
2011.06.27 21:45:34.924,1.15587,1.15618,1.50,1.51
2011.06.27 21:45:37.107,1.15588,1.15618,1.50,1.51
2011.06.27 21:45:46.347,1.15585,1.15618,1.50,1.51
2011.06.27 21:45:46.573,1.15582,1.15616,1.50,3.00
2011.06.27 21:45:47.337,1.15583,1.15614,1.50,2.26
2011.06.27 21:45:47.783,1.15587,1.15618,1.50,2.26
2011.06.27 21:45:59.473,1.15585,1.15616,1.50,3.00
2011.06.27 21:46:00.266,1.15582,1.15611,1.50,1.51
2011.06.27 21:46:00.813,1.15587,1.15613,1.50,1.51
2011.06.27 21:46:01.143,1.15587,1.15618,1.50,2.26
2011.06.27 21:46:03.407,1.15587,1.15618,1.50,2.26
2011.06.27 21:46:12.335,1.15589,1.15619,3.00,2.26
2011.06.27 21:46:13.494,1.15587,1.15619,1.50,2.26
2011.06.27 21:46:14.042,1.15586,1.15612,1.50,1.51
2011.06.27 21:46:14.793,1.15586,1.15618,1.50,1.51
2011.06.27 21:46:15.123,1.15588,1.15618,3.75,1.51
2011.06.27 21:46:16.564,1.15588,1.15617,3.75,1.51
2011.06.27 21:46:18.523,1.15587,1.15615,1.50,1.50
2011.06.27 21:46:19.102,1.15588,1.15615,1.50,1.50
2011.06.27 21:46:28.946,1.15584,1.15604,2.25,1.50
2011.06.27 21:46:29.054,1.15584,1.15604,1.50,1.50
2011.06.27 21:46:36.523,1.15584,1.15604,1.50,1.50
2011.06.27 21:46:44.054,1.15583,1.15605,1.50,1.50
2011.06.27 21:46:44.384,1.15584,1.15606,2.10,1.50
2011.06.27 21:46:44.604,1.15586,1.15617,1.50,1.51
2011.06.27 21:46:46.853,1.15588,1.15617,1.50,1.51
2011.06.27 21:46:47.573,1.15581,1.15608,1.35,1.50
2011.06.27 21:46:47.794,1.15578,1.1561,1.50,1.51
2011.06.27 21:46:48.454,1.15586,1.15616,1.50,1.13
2011.06.27 21:46:48.783,1.15588,1.15618,3.75,1.51
2011.06.27 21:46:49.262,1.15588,1.15617,3.75,1.51
2011.06.27 21:46:52.664,1.15588,1.15617,3.75,1.51
2011.06.27 21:46:52.993,1.15587,1.15617,1.50,1.51
2011.06.27 21:46:53.804,1.15588,1.15615,1.50,1.51
2011.06.27 21:46:57.013,1.15586,1.15612,1.50,1.50
2011.06.27 21:46:59.663,1.15587,1.15612,1.50,1.50
2011.06.27 21:47:02.212,1.15586,1.15612,2.25,1.50
2011.06.27 21:47:03.024,1.15586,1.15612,2.25,1.13
2011.06.27 21:47:03.353,1.15589,1.15612,1.50,1.13
2011.06.27 21:47:04.046,1.15588,1.15612,2.25,1.13
2011.06.27 21:47:04.373,1.15589,1.15611,1.50,1.50
2011.06.27 21:47:05.043,1.15589,1.15613,1.50,1.50
2011.06.27 21:47:05.593,1.15591,1.15612,1.50,1.50
2011.06.27 21:47:06.152,1.15589,1.15611,1.50,1.50
2011.06.27 21:47:36.033,1.15593,1.15611,1.50,1.50
2011.06.27 21:47:48.882,1.15592,1.15611,1.50,1.50
2011.06.27 21:47:49.445,1.15589,1.15611,1.50,1.50
2011.06.27 21:47:55.973,1.15587,1.1561,2.25,1.50
2011.06.27 21:48:00.723,1.15587,1.1561,2.25,1.50
2011.06.27 21:48:07.545,1.15587,1.15608,2.25,1.50
2011.06.27 21:48:17.052,1.15587,1.15609,1.50,1.50
2011.06.27 21:48:18.634,1.15586,1.15608,1.50,1.13
2011.06.27 21:48:25.034,1.15583,1.15607,4.13,2.25
2011.06.27 21:48:25.142,1.15584,1.15608,1.50,2.25
2011.06.27 21:48:43.192,1.15586,1.15607,1.50,1.50
2011.06.27 21:48:47.984,1.15586,1.15607,1.50,1.50
2011.06.27 21:48:53.762,1.15586,1.15609,1.50,1.50
2011.06.27 21:48:54.092,1.15586,1.15608,1.50,1.50
2011.06.27 21:48:54.312,1.15586,1.1561,1.50,1.50
2011.06.27 21:48:54.532,1.15586,1.15608,1.50,1.50
2011.06.27 21:49:07.423,1.15586,1.15613,3.38,1.13
2011.06.27 21:49:07.534,1.15593,1.15621,1.50,1.50
2011.06.27 21:49:07.642,1.15593,1.15621,1.50,1.50
2011.06.27 21:49:08.674,1.15585,1.15619,2.25,1.35
2011.06.27 21:49:08.783,1.15585,1.15619,1.50,1.35
2011.06.27 21:49:08.893,1.15585,1.15619,1.50,1.35
2011.06.27 21:49:09.913,1.15591,1.15622,3.75,1.51
2011.06.27 21:49:15.593,1.15593,1.15622,1.50,2.18
2011.06.27 21:49:19.483,1.15596,1.1562,1.50,1.13
2011.06.27 21:49:29.875,1.15596,1.1562,1.50,1.13
2011.06.27 21:49:30.433,1.15596,1.15621,1.50,1.51
2011.06.27 21:49:30.996,1.15596,1.15621,1.50,1.51
2011.06.27 21:49:31.603,1.15596,1.15622,1.50,3.08
2011.06.27 21:49:32.185,1.15599,1.1562,2.85,1.13
2011.06.27 21:49:32.510,1.15609,1.15624,2.25,1.50
2011.06.27 21:49:32.632,1.156,1.15626,3.00,2.18
2011.06.27 21:49:32.746,1.15596,1.15623,1.50,1.51
2011.06.27 21:49:33.434,1.15596,1.15623,1.50,1.51
2011.06.27 21:49:34.494,1.15596,1.15624,1.50,2.26
2011.06.27 21:49:36.164,1.15596,1.15618,1.50,1.88
2011.06.27 21:49:39.805,1.15596,1.15612,1.50,1.88
2011.06.27 21:49:40.575,1.15589,1.15613,3.75,1.13
2011.06.27 21:49:40.686,1.15582,1.15612,2.25,1.50
2011.06.27 21:49:40.904,1.1558,1.15612,1.50,1.51
2011.06.27 21:49:41.564,1.15585,1.15612,3.00,1.51
2011.06.27 21:49:41.674,1.15587,1.15613,1.50,1.51
2011.06.27 21:49:42.223,1.15587,1.15611,1.50,1.51
2011.06.27 21:49:52.073,1.15586,1.15614,1.50,1.51
2011.06.27 21:49:55.364,1.15588,1.15618,1.50,1.51
2011.06.27 21:49:56.004,1.15587,1.15618,1.50,1.51
2011.06.27 21:49:56.554,1.15587,1.15616,1.50,1.51
2011.06.27 21:49:57.103,1.15586,1.15608,2.25,1.50
2011.06.27 21:49:57.875,1.15586,1.15608,2.25,1.50
2011.06.27 21:49:58.204,1.15586,1.15606,1.50,1.13
2011.06.27 21:50:00.104,1.15584,1.156,2.25,1.13
2011.06.27 21:50:00.428,1.15585,1.15605,1.50,1.13
2011.06.27 21:50:03.534,1.15579,1.15603,4.13,1.50
2011.06.27 21:50:03.644,1.15575,1.15601,1.50,1.50
2011.06.27 21:50:03.754,1.15572,1.15603,1.50,1.51
2011.06.27 21:50:03.864,1.1557,1.15603,1.50,1.51
2011.06.27 21:50:03.974,1.15569,1.15603,2.25,1.51
2011.06.27 21:50:04.415,1.15573,1.15601,1.50,1.51
2011.06.27 21:50:04.634,1.15576,1.15599,1.50,1.50
2011.06.27 21:50:05.193,1.15576,1.15603,2.25,1.50
2011.06.27 21:50:06.183,1.15576,1.15603,2.25,1.50
2011.06.27 21:50:08.245,1.15577,1.15603,1.50,1.50
2011.06.27 21:50:09.885,1.15576,1.15601,1.50,1.50
2011.06.27 21:50:10.450,1.15576,1.156,1.50,1.50
2011.06.27 21:50:12.084,1.15577,1.15604,1.50,1.50
2011.06.27 21:50:12.196,1.15578,1.15604,1.50,1.50
2011.06.27 21:50:12.305,1.15578,1.15606,1.88,1.51
2011.06.27 21:50:12.726,1.15578,1.15605,1.50,1.50
2011.06.27 21:50:17.473,1.15577,1.15602,1.50,1.50
2011.06.27 21:50:18.355,1.15577,1.15604,2.25,1.50
2011.06.27 21:50:20.853,1.15577,1.15602,1.50,1.13
2011.06.27 21:50:21.403,1.15577,1.15601,1.50,1.50
2011.06.27 21:50:25.436,1.15576,1.15599,1.50,1.13
2011.06.27 21:50:32.923,1.15576,1.15596,1.50,1.50
2011.06.27 21:50:40.123,1.15575,1.15601,2.25,1.51
2011.06.27 21:50:44.063,1.15576,1.15602,1.50,1.50
2011.06.27 21:50:49.333,1.15577,1.15602,1.50,1.50
2011.06.27 21:50:49.553,1.15577,1.15602,3.75,1.50
2011.06.27 21:50:50.665,1.15577,1.15601,3.00,1.50
2011.06.27 21:50:51.224,1.15577,1.15601,2.25,1.50
2011.06.27 21:50:51.443,1.1558,1.15605,1.50,1.88
2011.06.27 21:50:51.554,1.15584,1.15605,1.50,1.88
2011.06.27 21:50:51.883,1.15588,1.15605,1.50,1.88
2011.06.27 21:51:01.464,1.15588,1.15612,1.50,1.50
2011.06.27 21:51:01.684,1.15588,1.15612,1.50,1.50
2011.06.27 21:51:06.075,1.15588,1.15606,1.50,1.88
2011.06.27 21:51:07.764,1.15586,1.15606,1.50,1.50
2011.06.27 21:51:08.343,1.15585,1.15606,1.50,1.50
2011.06.27 21:51:08.674,1.15585,1.15604,1.50,1.13
2011.06.27 21:51:12.085,1.15583,1.15592,1.02,3.38
2011.06.27 21:51:12.302,1.15561,1.15586,2.25,1.50
2011.06.27 21:51:12.633,1.15561,1.15586,2.25,2.25
2011.06.27 21:51:12.744,1.15561,1.15586,2.25,1.17
2011.06.27 21:51:15.744,1.15574,1.15587,1.43,3.00
2011.06.27 21:51:16.314,1.15568,1.15586,1.67,2.25
2011.06.27 21:51:17.601,1.15569,1.15588,1.67,1.50
2011.06.27 21:51:18.193,1.1557,1.15588,1.67,1.50
2011.06.27 21:51:19.790,1.15569,1.15588,2.42,1.50
2011.06.27 21:51:20.466,1.15569,1.15588,2.36,1.50
2011.06.27 21:51:21.026,1.15569,1.15589,2.36,1.50
2011.06.27 21:51:21.134,1.15569,1.15587,2.36,1.50
2011.06.27 21:51:21.683,1.15569,1.15589,2.36,2.25
2011.06.27 21:51:31.863,1.15569,1.15586,2.36,1.50
2011.06.27 21:51:33.523,1.15569,1.15589,2.36,1.50
2011.06.27 21:51:33.965,1.1557,1.15598,1.61,1.50
2011.06.27 21:51:34.073,1.15574,1.15602,1.61,1.35
2011.06.27 21:51:35.483,1.15569,1.15599,1.50,1.50
2011.06.27 21:51:35.994,1.15569,1.15598,1.50,1.50
2011.06.27 21:51:36.724,1.1557,1.15598,2.25,1.50
2011.06.27 21:51:37.463,1.15569,1.15598,2.25,1.50
2011.06.27 21:51:37.579,1.15569,1.15598,1.50,1.50
2011.06.27 21:51:38.137,1.15569,1.15598,1.50,1.50
2011.06.27 21:51:38.439,1.15575,1.15598,2.25,1.50
2011.06.27 21:51:38.554,1.15576,1.15601,1.50,2.10
2011.06.27 21:51:39.214,1.15577,1.15601,1.50,1.50
2011.06.27 21:51:39.836,1.15577,1.15601,1.50,1.50
2011.06.27 21:51:43.914,1.15577,1.15602,1.50,1.50
2011.06.27 21:51:44.938,1.15577,1.15601,1.50,1.50
2011.06.27 21:51:45.384,1.15578,1.15602,1.50,1.50
2011.06.27 21:51:48.314,1.15578,1.15602,1.50,2.25
2011.06.27 21:51:48.883,1.15578,1.15602,1.50,1.50
2011.06.27 21:51:49.444,1.15578,1.15603,1.50,2.78
2011.06.27 21:51:50.213,1.15578,1.15603,2.25,2.78
2011.06.27 21:52:03.244,1.15578,1.15603,2.25,2.25
2011.06.27 21:52:03.797,1.15577,1.15596,1.50,1.13
2011.06.27 21:52:04.674,1.15576,1.15596,1.50,1.13
2011.06.27 21:52:12.763,1.15577,1.15596,1.50,1.13
2011.06.27 21:52:13.673,1.15576,1.15596,1.50,1.13
2011.06.27 21:52:26.474,1.15576,1.156,1.50,2.63
2011.06.27 21:52:26.980,1.15577,1.15604,1.50,1.88
2011.06.27 21:52:27.096,1.15577,1.1561,1.50,1.51
2011.06.27 21:52:27.866,1.15573,1.15606,3.00,1.51
2011.06.27 21:52:28.499,1.15582,1.15606,1.35,1.51
2011.06.27 21:52:28.944,1.15587,1.15614,2.10,2.03
2011.06.27 21:52:29.053,1.15587,1.15614,2.10,1.28
2011.06.27 21:52:31.895,1.15587,1.15614,2.10,1.21
2011.06.27 21:52:32.006,1.15587,1.15614,1.35,1.51
2011.06.27 21:52:32.113,1.15587,1.15606,1.35,1.13
2011.06.27 21:52:32.335,1.15587,1.15614,2.10,1.21
2011.06.27 21:52:35.027,1.15587,1.15613,2.10,1.21
2011.06.27 21:52:43.374,1.15587,1.15605,1.35,1.13
2011.06.27 21:52:46.023,1.15587,1.15606,1.35,1.13
2011.06.27 21:52:55.013,1.15587,1.15606,1.35,1.13
2011.06.27 21:52:55.393,1.15587,1.15604,1.35,1.13
2011.06.27 21:53:00.835,1.15587,1.15605,1.35,1.13
2011.06.27 21:53:09.877,1.15588,1.15613,1.50,2.63
2011.06.27 21:53:20.983,1.15588,1.15613,1.50,3.38
2011.06.27 21:53:23.554,1.15587,1.15613,2.10,3.38
2011.06.27 21:53:24.356,1.15587,1.15613,2.10,3.38
2011.06.27 21:53:25.691,1.15587,1.15613,2.10,3.38
2011.06.27 21:53:35.852,1.15587,1.15612,1.50,2.63
2011.06.27 21:53:38.792,1.15588,1.15612,1.50,2.63
2011.06.27 21:53:39.382,1.15586,1.1561,4.13,1.50
2011.06.27 21:53:41.383,1.15586,1.15611,3.38,1.50
2011.06.27 21:53:41.835,1.15586,1.15611,3.38,1.50
2011.06.27 21:53:46.324,1.15586,1.15609,3.38,1.50
2011.06.27 21:53:46.874,1.15586,1.1561,3.38,1.50
2011.06.27 21:53:47.093,1.15586,1.15611,4.13,1.50
2011.06.27 21:53:47.773,1.15587,1.15612,1.50,3.38
2011.06.27 21:53:50.534,1.15586,1.15603,1.50,1.13
2011.06.27 21:53:50.644,1.15586,1.1561,1.50,1.50
2011.06.27 21:53:50.753,1.15588,1.15612,1.50,2.63
2011.06.27 21:53:56.703,1.15587,1.15613,1.50,2.63
2011.06.27 21:53:57.416,1.15587,1.15613,1.50,2.63
2011.06.27 21:53:58.526,1.15587,1.15613,1.50,2.63
2011.06.27 21:53:58.859,1.15566,1.15593,1.50,3.75
2011.06.27 21:53:58.979,1.15564,1.15593,1.50,2.25
2011.06.27 21:53:59.095,1.15564,1.156,1.50,3.01
2011.06.27 21:53:59.895,1.15564,1.15601,1.50,3.76
2011.06.27 21:54:00.114,1.15564,1.15601,1.50,3.76
2011.06.27 21:54:03.153,1.15564,1.15601,1.50,3.76
2011.06.27 21:54:03.677,1.15564,1.15601,1.50,3.01
2011.06.27 21:54:04.225,1.15569,1.15609,1.50,1.51
2011.06.27 21:54:04.444,1.15569,1.15613,1.50,2.26
2011.06.27 21:54:06.316,1.15569,1.1561,1.50,1.51
2011.06.27 21:54:06.576,1.15583,1.1561,2.25,1.51
2011.06.27 21:54:06.904,1.15583,1.15613,3.00,2.26
2011.06.27 21:54:07.015,1.15583,1.15613,3.00,1.51
2011.06.27 21:54:07.234,1.15583,1.15613,3.00,1.50
2011.06.27 21:54:07.674,1.15583,1.15613,3.00,1.50
2011.06.27 21:54:07.893,1.15578,1.15613,3.75,1.51
2011.06.27 21:54:12.164,1.15585,1.15613,1.50,1.50
2011.06.27 21:54:12.494,1.15587,1.15616,1.50,1.50
2011.06.27 21:54:12.604,1.15587,1.15616,1.50,1.50
2011.06.27 21:54:13.677,1.15587,1.15602,1.50,1.13
2011.06.27 21:54:13.896,1.15582,1.15601,1.50,1.13
2011.06.27 21:54:14.224,1.15582,1.15601,1.50,1.13
2011.06.27 21:54:14.923,1.15582,1.15601,1.50,1.13
2011.06.27 21:54:15.034,1.15582,1.15595,1.50,1.13
2011.06.27 21:54:16.094,1.15582,1.15596,1.50,1.13
2011.06.27 21:54:16.603,1.15582,1.15595,1.50,1.13
2011.06.27 21:54:16.714,1.15582,1.15603,1.50,1.50
2011.06.27 21:54:17.044,1.15577,1.15611,2.25,1.50
2011.06.27 21:54:17.373,1.15577,1.15615,2.25,1.51
2011.06.27 21:54:17.483,1.15577,1.15615,2.25,1.51
2011.06.27 21:54:18.033,1.15577,1.15615,2.25,1.51
2011.06.27 21:54:18.917,1.15577,1.1561,2.25,1.50
2011.06.27 21:54:19.136,1.15577,1.15606,2.25,1.50
2011.06.27 21:54:19.463,1.15577,1.15588,2.25,1.13
2011.06.27 21:54:21.635,1.15574,1.15584,1.50,1.13
2011.06.27 21:54:24.278,1.1557,1.15593,1.50,1.13
2011.06.27 21:54:24.397,1.15565,1.15573,2.25,1.13
2011.06.27 21:54:26.676,1.15569,1.15581,2.25,1.13
2011.06.27 21:54:26.786,1.15563,1.15571,1.50,1.13
2011.06.27 21:54:26.896,1.15569,1.15587,2.25,1.50
2011.06.27 21:54:27.005,1.1557,1.15592,1.50,1.50
2011.06.27 21:54:27.554,1.1557,1.15593,1.50,1.88
2011.06.27 21:54:28.104,1.1557,1.15593,1.50,1.50
2011.06.27 21:54:29.985,1.15571,1.15593,1.50,1.88
2011.06.27 21:54:30.314,1.15579,1.15593,1.50,1.88
2011.06.27 21:54:31.074,1.15572,1.15593,1.50,1.88
2011.06.27 21:54:33.095,1.15572,1.15597,1.50,1.13
2011.06.27 21:54:33.204,1.15572,1.15606,1.50,1.50
2011.06.27 21:54:33.314,1.15572,1.15606,1.50,1.50
2011.06.27 21:54:33.644,1.15572,1.15604,1.50,1.50
2011.06.27 21:54:37.124,1.15572,1.15606,1.50,1.50
2011.06.27 21:54:37.673,1.15572,1.15607,1.50,3.76
2011.06.27 21:54:37.783,1.15572,1.15606,1.50,1.50
2011.06.27 21:54:38.333,1.15572,1.15606,1.50,1.50
2011.06.27 21:54:38.553,1.15572,1.15606,1.50,1.50
2011.06.27 21:54:39.024,1.15572,1.15606,1.50,1.50
2011.06.27 21:54:39.152,1.15572,1.15606,1.50,1.50
2011.06.27 21:54:39.974,1.15578,1.15609,1.50,1.50
2011.06.27 21:54:42.782,1.15578,1.15606,1.50,1.50
2011.06.27 21:54:46.852,1.15578,1.15606,1.50,1.50
2011.06.27 21:54:54.976,1.15577,1.15603,1.50,1.50
2011.06.27 21:54:55.543,1.15577,1.15603,1.50,2.25
2011.06.27 21:54:58.104,1.15576,1.156,1.50,1.50
2011.06.27 21:55:00.474,1.15576,1.15601,1.50,1.50
2011.06.27 21:55:04.524,1.15575,1.156,1.50,1.50
2011.06.27 21:55:04.853,1.15575,1.15599,1.50,1.50
2011.06.27 21:55:05.075,1.15575,1.15599,1.50,1.50
2011.06.27 21:55:06.594,1.15577,1.15602,2.25,1.13
2011.06.27 21:55:07.994,1.15577,1.15603,1.50,2.25
2011.06.27 21:55:08.387,1.15577,1.15603,1.50,2.25
2011.06.27 21:55:08.936,1.15577,1.15601,1.50,1.50
2011.06.27 21:55:09.292,1.15577,1.15601,1.50,1.50
2011.06.27 21:55:09.516,1.15568,1.15596,4.13,3.75
2011.06.27 21:55:10.074,1.15568,1.15596,1.88,4.50
2011.06.27 21:55:11.454,1.1557,1.15596,2.25,3.75
2011.06.27 21:55:11.894,1.1557,1.15596,2.25,1.50
2011.06.27 21:55:14.107,1.1557,1.15594,2.25,1.51
2011.06.27 21:55:14.226,1.15569,1.15595,1.13,1.51
2011.06.27 21:55:14.775,1.15569,1.15594,1.13,1.51
2011.06.27 21:55:22.056,1.1557,1.15596,2.25,1.51
2011.06.27 21:55:22.383,1.15573,1.15597,1.35,1.50
2011.06.27 21:55:22.824,1.15574,1.15604,1.35,1.50
2011.06.27 21:55:24.032,1.15573,1.15604,1.35,1.50
2011.06.27 21:55:24.585,1.15573,1.15598,1.35,3.00
2011.06.27 21:55:24.695,1.15576,1.15603,1.35,1.50
2011.06.27 21:55:24.914,1.15576,1.15603,1.35,2.40
2011.06.27 21:55:25.246,1.15576,1.156,1.50,1.51
2011.06.27 21:55:25.463,1.15577,1.15602,1.50,1.13
2011.06.27 21:55:26.455,1.15577,1.15602,1.50,1.13
2011.06.27 21:55:31.113,1.15577,1.15601,1.50,1.13
2011.06.27 21:55:31.907,1.15576,1.15601,2.25,1.13
2011.06.27 21:55:34.884,1.15577,1.15603,1.50,1.50
2011.06.27 21:55:34.996,1.15578,1.15604,1.13,1.50
2011.06.27 21:55:35.105,1.15577,1.15604,2.25,1.50
2011.06.27 21:55:35.876,1.15578,1.15605,1.50,1.50
2011.06.27 21:55:41.615,1.15577,1.15606,1.50,2.25
2011.06.27 21:55:45.514,1.15577,1.15595,2.25,1.13
2011.06.27 21:55:45.625,1.15577,1.15596,1.50,1.13
2011.06.27 21:55:47.754,1.15576,1.15597,1.50,1.13
2011.06.27 21:55:49.267,1.15574,1.15597,2.25,1.13
2011.06.27 21:55:49.507,1.15574,1.15595,2.25,1.13
2011.06.27 21:55:49.833,1.15574,1.15595,3.00,1.13
2011.06.27 21:55:52.074,1.15574,1.15589,1.50,1.13
2011.06.27 21:55:52.185,1.15571,1.15589,3.00,1.13
2011.06.27 21:55:54.087,1.15568,1.15595,2.25,1.13
2011.06.27 21:55:54.414,1.15572,1.15586,1.50,1.13
2011.06.27 21:55:54.635,1.15562,1.15583,2.25,1.13
2011.06.27 21:55:54.743,1.15562,1.15577,2.25,1.13
2011.06.27 21:55:54.963,1.15562,1.15581,2.25,1.13
2011.06.27 21:55:55.404,1.15562,1.15577,2.25,1.13
2011.06.27 21:55:56.164,1.15562,1.15584,3.00,1.50
2011.06.27 21:56:11.864,1.15564,1.15586,1.50,1.50
2011.06.27 21:56:12.417,1.15565,1.1559,1.50,1.88
2011.06.27 21:56:12.525,1.15566,1.1559,1.50,1.50
2011.06.27 21:56:12.636,1.1557,1.156,1.50,1.28
2011.06.27 21:56:12.854,1.1557,1.15604,1.50,1.35
2011.06.27 21:56:13.604,1.1557,1.15605,1.50,3.75
2011.06.27 21:56:14.384,1.15569,1.15604,2.25,1.50
2011.06.27 21:56:14.708,1.15569,1.15604,1.50,1.50
2011.06.27 21:56:21.563,1.15569,1.15601,1.50,1.50
2011.06.27 21:56:24.467,1.15569,1.15605,1.50,4.50
2011.06.27 21:56:24.904,1.15569,1.15605,1.50,4.50
2011.06.27 21:56:25.235,1.15569,1.15605,1.50,4.50
2011.06.27 21:56:26.180,1.15569,1.15605,1.50,4.50
2011.06.27 21:56:26.405,1.15569,1.15605,1.50,4.50
2011.06.27 21:56:27.553,1.15569,1.15604,1.50,1.50
2011.06.27 21:56:28.104,1.15569,1.15603,1.50,1.50
2011.06.27 21:56:28.835,1.15569,1.15599,1.50,1.50
2011.06.27 21:56:43.654,1.1557,1.15597,1.50,1.50
2011.06.27 21:56:45.025,1.15571,1.15597,1.50,1.50
2011.06.27 21:56:46.819,1.15572,1.15597,1.50,1.50
2011.06.27 21:56:47.824,1.1557,1.15598,2.25,1.50
2011.06.27 21:56:48.374,1.1557,1.15597,2.25,1.50
2011.06.27 21:56:49.011,1.1557,1.15598,2.25,1.50
2011.06.27 21:56:49.554,1.1557,1.15598,2.25,1.50
2011.06.27 21:56:50.111,1.1557,1.15597,2.25,1.50
2011.06.27 21:56:50.953,1.1557,1.15598,2.25,1.50
2011.06.27 21:56:51.516,1.1557,1.15599,2.25,1.50
2011.06.27 21:56:53.505,1.1557,1.15598,2.25,1.50
2011.06.27 21:56:53.724,1.1557,1.15599,1.50,1.50
2011.06.27 21:56:59.314,1.1557,1.156,1.50,1.88
2011.06.27 21:56:59.863,1.1557,1.15599,1.50,1.50
2011.06.27 21:57:01.275,1.1557,1.156,1.50,1.88
2011.06.27 21:57:01.494,1.1557,1.15599,1.50,1.50
2011.06.27 21:57:04.284,1.15569,1.15597,1.50,1.13
2011.06.27 21:57:04.394,1.15568,1.15595,1.50,1.50
2011.06.27 21:57:07.498,1.15567,1.15594,1.50,1.13
2011.06.27 21:57:07.838,1.15568,1.15596,1.50,1.50
2011.06.27 21:57:08.066,1.15568,1.15594,1.50,1.51
2011.06.27 21:57:09.486,1.15568,1.15594,1.50,1.51
2011.06.27 21:57:13.604,1.1557,1.15596,1.13,1.51
2011.06.27 21:57:13.936,1.15573,1.15599,1.50,1.51
2011.06.27 21:57:14.045,1.15573,1.156,1.50,1.50
2011.06.27 21:57:14.155,1.15574,1.156,1.50,1.50
2011.06.27 21:57:14.266,1.15586,1.1561,1.50,2.26
2011.06.27 21:57:14.374,1.15586,1.1561,3.75,1.51
2011.06.27 21:57:14.485,1.15586,1.15614,1.50,1.51
2011.06.27 21:57:14.595,1.15588,1.15614,1.13,1.51
2011.06.27 21:57:14.815,1.15585,1.15614,1.88,1.51
2011.06.27 21:57:14.925,1.15579,1.15608,1.50,1.51
2011.06.27 21:57:17.113,1.15582,1.15611,1.50,1.51
2011.06.27 21:57:18.328,1.15583,1.15611,2.25,2.63
2011.06.27 21:57:18.858,1.15581,1.15603,1.50,1.50
2011.06.27 21:57:22.644,1.15581,1.15602,1.50,1.50
2011.06.27 21:57:22.865,1.15576,1.15602,2.25,1.50
2011.06.27 21:57:23.084,1.15587,1.15609,1.50,3.76
2011.06.27 21:57:23.524,1.1559,1.1562,2.25,1.51
2011.06.27 21:57:24.764,1.15591,1.15619,1.50,1.51
2011.06.27 21:57:25.204,1.15591,1.15622,2.25,2.18
2011.06.27 21:57:25.755,1.15591,1.15619,2.25,1.51
2011.06.27 21:57:26.926,1.15591,1.15623,1.50,1.50
2011.06.27 21:57:27.527,1.15592,1.15623,1.50,1.50
2011.06.27 21:57:27.966,1.15603,1.15623,1.50,1.50
2011.06.27 21:57:28.077,1.15603,1.15625,1.50,1.50
2011.06.27 21:57:28.186,1.15602,1.15626,1.50,1.50
2011.06.27 21:57:28.550,1.15593,1.15626,1.50,2.26
2011.06.27 21:57:29.106,1.15593,1.15626,1.50,2.26
2011.06.27 21:57:29.325,1.15593,1.15626,1.50,2.26
2011.06.27 21:57:29.874,1.15592,1.1562,1.50,1.35
2011.06.27 21:57:30.447,1.15591,1.15621,2.25,1.36
2011.06.27 21:57:30.886,1.15582,1.15616,1.50,1.51
2011.06.27 21:57:30.994,1.15582,1.15611,1.50,1.51
2011.06.27 21:57:31.634,1.15582,1.15611,1.50,1.51
2011.06.27 21:57:32.234,1.15583,1.15614,1.50,1.51
2011.06.27 21:57:33.894,1.15582,1.15614,1.50,1.51
2011.06.27 21:57:35.395,1.15582,1.15614,2.25,2.26
2011.06.27 21:57:35.615,1.15582,1.15613,1.50,1.36
2011.06.27 21:57:37.824,1.15582,1.15613,1.50,1.51
2011.06.27 21:57:39.273,1.15582,1.15612,1.50,1.51
2011.06.27 21:57:39.824,1.15582,1.15611,1.50,1.50
2011.06.27 21:57:40.255,1.15584,1.15611,1.88,1.50
2011.06.27 21:57:40.475,1.15583,1.15614,1.50,2.26
2011.06.27 21:57:40.804,1.15582,1.15614,1.50,4.51
2011.06.27 21:57:41.444,1.15582,1.15603,1.50,1.50
2011.06.27 21:57:41.664,1.15579,1.15603,2.25,1.50
2011.06.27 21:57:42.325,1.15579,1.15603,1.50,1.50
2011.06.27 21:57:42.544,1.15579,1.15603,1.50,1.50
2011.06.27 21:57:44.055,1.15585,1.15605,1.13,1.50
2011.06.27 21:57:44.165,1.15585,1.15609,1.88,1.51
2011.06.27 21:57:44.274,1.15588,1.15611,1.50,1.50
2011.06.27 21:57:44.384,1.15588,1.15613,1.50,1.50
2011.06.27 21:57:44.494,1.15588,1.15613,1.50,1.50
2011.06.27 21:57:45.044,1.15589,1.15613,2.25,1.50
2011.06.27 21:57:45.735,1.15589,1.15613,2.25,1.50
2011.06.27 21:57:45.955,1.15585,1.15611,1.50,1.50
2011.06.27 21:57:47.025,1.15586,1.1561,1.50,1.50
2011.06.27 21:57:47.354,1.15586,1.1561,1.50,1.50
2011.06.27 21:57:49.367,1.15585,1.15611,2.25,1.50
2011.06.27 21:57:49.585,1.15588,1.15612,1.50,1.50
2011.06.27 21:57:52.395,1.15604,1.15613,1.13,1.50
2011.06.27 21:57:52.505,1.1559,1.15612,1.50,1.50
2011.06.27 21:57:52.616,1.1559,1.15619,1.50,2.18
2011.06.27 21:57:52.837,1.15587,1.1562,2.25,1.51
2011.06.27 21:58:01.006,1.15587,1.15612,1.50,1.50
2011.06.27 21:58:01.337,1.15582,1.15605,1.50,1.50
2011.06.27 21:58:01.448,1.1558,1.15605,1.50,1.50
2011.06.27 21:58:01.565,1.15579,1.15605,1.50,1.50
2011.06.27 21:58:07.114,1.15581,1.15607,1.50,1.50
2011.06.27 21:58:07.983,1.15581,1.15607,1.50,1.50
2011.06.27 21:58:08.203,1.15581,1.15607,1.50,1.50
2011.06.27 21:58:08.804,1.15581,1.15607,1.50,1.50
2011.06.27 21:58:09.024,1.15581,1.15607,1.50,1.50
2011.06.27 21:58:15.516,1.15581,1.15607,1.50,1.50
2011.06.27 21:58:16.065,1.15579,1.15604,1.50,1.50
2011.06.27 21:58:16.668,1.15578,1.15604,1.50,1.50
2011.06.27 21:58:18.971,1.15578,1.15604,1.50,1.50
2011.06.27 21:58:19.310,1.15578,1.15604,1.50,1.50
2011.06.27 21:58:19.758,1.15577,1.15607,2.25,1.51
2011.06.27 21:58:19.876,1.15578,1.1561,3.75,1.51
2011.06.27 21:58:20.095,1.15582,1.1561,1.50,1.51
2011.06.27 21:58:22.075,1.15582,1.15611,1.50,1.51
2011.06.27 21:58:26.705,1.15582,1.15613,1.50,1.50
2011.06.27 21:58:26.815,1.15582,1.15613,1.50,1.50
2011.06.27 21:58:27.605,1.15581,1.15613,3.00,1.50
2011.06.27 21:58:40.201,1.15582,1.15616,1.50,1.50
2011.06.27 21:58:40.314,1.15589,1.15616,1.13,1.50
2011.06.27 21:58:48.214,1.15599,1.15614,1.13,1.51
2011.06.27 21:58:48.436,1.15605,1.15625,1.13,2.25
2011.06.27 21:58:48.545,1.15605,1.15625,1.13,2.25
2011.06.27 21:58:51.861,1.15605,1.15625,1.88,1.50
2011.06.27 21:58:51.975,1.15603,1.15625,1.50,1.50
2011.06.27 21:58:52.195,1.15601,1.15623,1.13,1.50
2011.06.27 21:58:52.305,1.15593,1.15623,2.25,1.51
2011.06.27 21:58:53.575,1.15589,1.15621,3.00,1.51
2011.06.27 21:58:55.976,1.15587,1.1562,3.75,1.51
2011.06.27 21:58:58.474,1.1559,1.1562,1.50,1.51
2011.06.27 21:58:59.188,1.1559,1.1562,1.50,1.51
2011.06.27 21:58:59.845,1.1559,1.1562,1.50,1.51
2011.06.27 21:59:00.176,1.15589,1.15613,1.50,1.50
2011.06.27 21:59:06.278,1.15588,1.15608,1.50,1.13
2011.06.27 21:59:06.607,1.15578,1.15604,2.25,1.50
2011.06.27 21:59:07.156,1.15577,1.15606,2.25,1.13
2011.06.27 21:59:07.485,1.15578,1.15609,1.50,1.51
2011.06.27 21:59:08.092,1.15578,1.15609,1.50,1.51
2011.06.27 21:59:08.954,1.15578,1.15609,1.50,1.51
2011.06.27 21:59:09.546,1.15589,1.15609,1.13,1.51
2011.06.27 21:59:10.158,1.15589,1.15614,1.88,1.51
2011.06.27 21:59:31.115,1.15589,1.15616,1.88,1.51
2011.06.27 21:59:33.106,1.1559,1.15616,1.13,1.51
2011.06.27 21:59:38.116,1.15589,1.15616,1.88,1.51
2011.06.27 21:59:38.665,1.15589,1.15616,1.13,1.51
2011.06.27 21:59:41.255,1.15588,1.15616,1.50,1.51
2011.06.27 21:59:41.985,1.15589,1.1562,1.50,1.51
2011.06.27 21:59:43.436,1.15593,1.15618,1.50,1.50
2011.06.27 21:59:43.765,1.15593,1.15622,2.25,1.51
2011.06.27 21:59:44.205,1.15592,1.15622,2.25,1.51
2011.06.27 21:59:44.755,1.15593,1.15622,1.50,1.51
2011.06.27 21:59:45.298,1.15593,1.15622,1.50,1.51
2011.06.27 21:59:46.091,1.15593,1.15622,1.50,1.51
2011.06.27 21:59:47.724,1.15593,1.15622,1.50,1.51
2011.06.27 21:59:54.277,1.15593,1.15619,1.50,1.51
2011.06.27 21:59:54.824,1.15591,1.15619,1.50,2.26
