2008.04.03 05:00:00.126,1.60595,1.60625,0.70,11.20
2008.04.03 05:00:00.414,1.60595,1.60625,0.70,11.20
2008.04.03 05:00:00.706,1.60595,1.60625,0.70,11.20
2008.04.03 05:00:00.994,1.60595,1.60625,0.70,11.20
2008.04.03 05:00:01.239,1.60595,1.60625,0.70,11.20
2008.04.03 05:00:01.482,1.60595,1.60625,0.70,11.20
2008.04.03 05:00:01.726,1.60595,1.60625,0.70,11.20
2008.04.03 05:00:01.970,1.60595,1.60625,0.70,11.20
2008.04.03 05:00:02.216,1.60595,1.60625,0.70,11.20
2008.04.03 05:00:02.525,1.60595,1.60625,0.70,11.20
2008.04.03 05:00:02.835,1.60595,1.60625,3.10,11.20
2008.04.03 05:00:03.145,1.60595,1.60625,3.10,11.20
2008.04.03 05:00:03.391,1.606,1.60625,0.40,11.20
2008.04.03 05:00:03.636,1.606,1.60625,0.40,11.20
2008.04.03 05:00:03.882,1.60595,1.60625,0.70,11.20
2008.04.03 05:00:04.127,1.60595,1.60625,0.70,11.20
2008.04.03 05:00:04.431,1.60595,1.60625,0.70,11.20
2008.04.03 05:00:04.736,1.60595,1.60625,0.70,11.20
2008.04.03 05:00:05.040,1.60595,1.60625,0.70,11.20
2008.04.03 05:00:05.357,1.60595,1.60625,0.70,11.20
2008.04.03 05:00:05.602,1.60595,1.60625,0.70,11.20
2008.04.03 05:00:05.836,1.60595,1.60625,0.70,12.00
2008.04.03 05:00:06.080,1.60595,1.60625,0.70,12.00
2008.04.03 05:00:06.375,1.60595,1.60625,0.70,12.00
2008.04.03 05:00:06.669,1.60595,1.60625,0.70,12.00
2008.04.03 05:00:06.964,1.60595,1.60625,0.20,12.00
2008.04.03 05:00:07.260,1.60595,1.60625,0.20,12.00
2008.04.03 05:00:07.574,1.60595,1.60625,0.20,12.00
2008.04.03 05:00:07.890,1.60595,1.60625,0.20,12.00
2008.04.03 05:00:08.204,1.60595,1.60625,0.20,12.00
2008.04.03 05:00:08.438,1.60595,1.60625,0.20,12.00
2008.04.03 05:00:08.671,1.60595,1.60625,0.20,12.00
2008.04.03 05:00:08.906,1.60595,1.60625,0.20,12.00
2008.04.03 05:00:09.140,1.60595,1.60625,0.20,12.00
2008.04.03 05:00:09.419,1.60595,1.60625,0.20,12.00
2008.04.03 05:00:09.699,1.60595,1.60625,0.20,12.00
2008.04.03 05:00:09.978,1.60595,1.60625,0.20,12.00
2008.04.03 05:00:10.258,1.60595,1.60625,0.20,12.00
2008.04.03 05:00:10.533,1.60595,1.60625,0.20,12.00
2008.04.03 05:00:10.809,1.60595,1.60625,0.20,12.00
2008.04.03 05:00:11.086,1.60595,1.60625,0.70,12.00
2008.04.03 05:00:11.363,1.60595,1.60625,0.70,12.00
2008.04.03 05:00:11.614,1.60595,1.60625,0.70,12.00
2008.04.03 05:00:11.854,1.60595,1.60625,0.70,12.00
2008.04.03 05:00:12.093,1.60595,1.60625,0.70,12.00
2008.04.03 05:00:12.332,1.60595,1.60625,0.70,12.00
2008.04.03 05:00:12.679,1.60595,1.60625,0.70,12.00
2008.04.03 05:00:13.012,1.60595,1.60625,0.70,12.00
2008.04.03 05:00:13.361,1.60595,1.60625,0.70,12.00
2008.04.03 05:00:13.594,1.60595,1.60625,0.70,12.00
2008.04.03 05:00:13.828,1.60595,1.60625,0.70,12.00
2008.04.03 05:00:14.044,1.60595,1.60625,0.70,12.00
2008.04.03 05:00:14.266,1.60595,1.60625,0.70,12.00
2008.04.03 05:00:14.585,1.60595,1.60625,0.70,12.00
2008.04.03 05:00:14.905,1.60595,1.60625,0.70,12.00
2008.04.03 05:00:15.226,1.60595,1.60625,0.70,12.00
2008.04.03 05:00:15.475,1.60595,1.60625,0.70,12.00
2008.04.03 05:00:15.724,1.60595,1.60625,0.70,12.00
2008.04.03 05:00:15.974,1.60595,1.60625,0.70,12.00
2008.04.03 05:00:16.223,1.60595,1.60625,0.70,12.00
2008.04.03 05:00:16.472,1.60595,1.60625,0.70,12.00
2008.04.03 05:00:16.756,1.60595,1.60625,0.70,12.00
2008.04.03 05:00:17.042,1.60595,1.60625,0.70,12.00
2008.04.03 05:00:17.326,1.60595,1.60625,0.70,12.00
2008.04.03 05:00:17.635,1.60595,1.60625,0.70,12.00
2008.04.03 05:00:17.945,1.606,1.60625,0.20,8.40
2008.04.03 05:00:18.255,1.606,1.60625,0.20,5.60
2008.04.03 05:00:18.475,1.606,1.60625,0.20,5.60
2008.04.03 05:00:18.693,1.606,1.60625,0.20,5.60
2008.04.03 05:00:18.914,1.606,1.60625,0.20,5.60
2008.04.03 05:00:19.133,1.606,1.60625,0.20,5.60
2008.04.03 05:00:19.364,1.606,1.60625,0.20,5.60
2008.04.03 05:00:19.694,1.606,1.60625,0.20,5.60
2008.04.03 05:00:20.025,1.60605,1.60635,0.60,4.40
2008.04.03 05:00:20.358,1.60605,1.60635,0.60,6.80
2008.04.03 05:00:20.583,1.606,1.6063,0.60,0.80
2008.04.03 05:00:20.810,1.60595,1.60625,3.50,5.60
2008.04.03 05:00:21.035,1.60595,1.60625,3.50,5.60
2008.04.03 05:00:21.260,1.60595,1.60625,3.50,5.60
2008.04.03 05:00:21.498,1.60595,1.60625,3.50,5.60
2008.04.03 05:00:21.834,1.60595,1.60625,3.50,5.60
2008.04.03 05:00:22.168,1.60595,1.60625,3.50,5.60
2008.04.03 05:00:22.504,1.60595,1.60625,3.50,5.60
2008.04.03 05:00:22.753,1.60595,1.60625,3.50,5.60
2008.04.03 05:00:23.023,1.60595,1.60625,3.50,5.60
2008.04.03 05:00:23.286,1.60595,1.60625,3.50,5.60
2008.04.03 05:00:23.536,1.60595,1.60625,3.50,5.60
2008.04.03 05:00:23.821,1.60595,1.60625,3.50,5.60
2008.04.03 05:00:24.120,1.60595,1.60625,3.50,5.60
2008.04.03 05:00:24.415,1.60595,1.60625,3.50,5.60
2008.04.03 05:00:24.651,1.60595,1.60625,3.50,5.60
2008.04.03 05:00:24.885,1.60595,1.60625,3.50,5.60
2008.04.03 05:00:25.119,1.60595,1.60625,3.50,5.60
2008.04.03 05:00:25.354,1.60595,1.60625,3.50,5.60
2008.04.03 05:00:25.588,1.60595,1.60625,3.50,5.60
2008.04.03 05:00:25.909,1.60595,1.60625,3.50,5.60
2008.04.03 05:00:26.228,1.60595,1.60625,3.50,5.60
2008.04.03 05:00:26.550,1.60595,1.60625,3.50,5.60
2008.04.03 05:00:26.770,1.60595,1.60625,3.50,5.60
2008.04.03 05:00:26.995,1.60595,1.60605,0.60,5.60
2008.04.03 05:00:27.210,1.60595,1.6061,0.20,1.00
2008.04.03 05:00:27.419,1.60595,1.60615,0.20,0.80
2008.04.03 05:00:27.631,1.60595,1.60615,0.20,0.80
2008.04.03 05:00:27.967,1.60595,1.60625,0.20,9.20
2008.04.03 05:00:29.852,1.606,1.60625,0.20,8.40
2008.04.03 05:00:29.952,1.606,1.60635,0.20,12.00
2008.04.03 05:00:30.014,1.606,1.60635,0.20,12.00
2008.04.03 05:00:30.085,1.606,1.60635,0.20,12.00
2008.04.03 05:00:30.147,1.606,1.60635,0.20,12.00
2008.04.03 05:00:30.212,1.606,1.60635,0.20,12.00
2008.04.03 05:00:30.289,1.606,1.60635,0.20,12.00
2008.04.03 05:00:30.353,1.606,1.60635,0.20,12.00
2008.04.03 05:00:30.418,1.606,1.60635,0.20,12.00
2008.04.03 05:00:30.509,1.606,1.60635,0.20,12.00
2008.04.03 05:00:30.572,1.606,1.60635,0.20,12.00
2008.04.03 05:00:30.637,1.606,1.60635,0.20,12.00
2008.04.03 05:00:30.703,1.606,1.60635,0.20,12.00
2008.04.03 05:00:30.767,1.606,1.60635,0.20,12.00
2008.04.03 05:00:30.862,1.606,1.60635,0.20,12.00
2008.04.03 05:00:31.206,1.60595,1.60625,2.50,11.20
2008.04.03 05:00:31.554,1.60595,1.60625,2.50,11.20
2008.04.03 05:00:31.890,1.60595,1.60625,2.50,11.20
2008.04.03 05:00:32.117,1.60595,1.60625,2.50,11.20
2008.04.03 05:00:32.333,1.60595,1.60625,2.50,11.20
2008.04.03 05:00:32.547,1.60595,1.60625,2.50,11.20
2008.04.03 05:00:32.763,1.60595,1.60625,2.50,11.20
2008.04.03 05:00:32.979,1.60595,1.60625,2.50,9.20
2008.04.03 05:00:33.316,1.606,1.60625,0.20,8.40
2008.04.03 05:00:33.651,1.606,1.60625,0.20,8.40
2008.04.03 05:00:34.000,1.60605,1.60625,2.40,8.40
2008.04.03 05:00:34.232,1.606,1.60625,0.40,11.20
2008.04.03 05:00:34.454,1.6059,1.60625,1.30,12.00
2008.04.03 05:00:34.675,1.6059,1.60625,1.30,12.00
2008.04.03 05:00:34.899,1.6059,1.60625,1.30,12.00
2008.04.03 05:00:35.118,1.6059,1.60625,1.30,12.00
2008.04.03 05:00:35.456,1.6059,1.60625,1.30,12.00
2008.04.03 05:00:35.792,1.6059,1.60625,1.30,12.00
2008.04.03 05:00:36.127,1.6059,1.60625,1.30,12.10
2008.04.03 05:00:36.338,1.6059,1.60625,1.30,12.10
2008.04.03 05:00:36.547,1.6059,1.60625,0.60,12.10
2008.04.03 05:00:36.757,1.6059,1.60625,0.60,12.10
2008.04.03 05:00:36.969,1.6059,1.60625,0.60,12.10
2008.04.03 05:00:37.179,1.6059,1.60625,0.60,12.10
2008.04.03 05:00:37.516,1.6059,1.60625,0.60,12.10
2008.04.03 05:00:37.853,1.60585,1.6062,0.20,1.60
2008.04.03 05:00:38.200,1.60585,1.6062,0.20,1.60
2008.04.03 05:00:38.432,1.60585,1.6062,0.20,1.60
2008.04.03 05:00:38.663,1.60585,1.6062,0.20,1.60
2008.04.03 05:00:38.882,1.60585,1.6062,0.20,1.60
2008.04.03 05:00:39.101,1.60585,1.6062,0.20,1.60
2008.04.03 05:00:39.340,1.60585,1.6062,0.20,1.60
2008.04.03 05:00:39.672,1.6058,1.60615,1.30,3.60
2008.04.03 05:00:40.007,1.6058,1.60615,1.30,12.00
2008.04.03 05:00:40.341,1.6058,1.60615,1.30,12.00
2008.04.03 05:00:40.552,1.6058,1.60615,1.30,12.00
2008.04.03 05:00:40.763,1.6058,1.60615,1.30,12.00
2008.04.03 05:00:40.974,1.6058,1.6061,1.30,0.80
2008.04.03 05:00:41.198,1.6058,1.6061,0.20,0.80
2008.04.03 05:00:41.407,1.6058,1.6061,0.20,0.80
2008.04.03 05:00:41.742,1.60575,1.6061,2.90,0.80
2008.04.03 05:00:42.078,1.60575,1.6061,2.90,0.80
2008.04.03 05:00:42.416,1.60575,1.6061,2.90,1.00
2008.04.03 05:00:42.661,1.60575,1.6061,2.90,1.00
2008.04.03 05:00:42.905,1.60575,1.6061,2.90,1.00
2008.04.03 05:00:43.150,1.60575,1.6061,2.90,1.00
2008.04.03 05:00:43.401,1.60575,1.6061,2.90,1.00
2008.04.03 05:00:43.690,1.60575,1.6061,2.90,1.00
2008.04.03 05:00:43.976,1.60575,1.6061,2.90,1.00
2008.04.03 05:00:44.262,1.60575,1.6061,2.90,1.00
2008.04.03 05:00:44.559,1.60575,1.6061,2.90,1.00
2008.04.03 05:00:44.821,1.60575,1.6061,2.90,1.00
2008.04.03 05:00:45.059,1.60575,1.6061,2.90,1.00
2008.04.03 05:00:45.310,1.60575,1.6061,2.90,1.00
2008.04.03 05:00:45.560,1.60575,1.6061,2.90,1.00
2008.04.03 05:00:45.830,1.60575,1.6061,2.90,1.00
2008.04.03 05:00:46.100,1.60575,1.6061,2.90,1.00
2008.04.03 05:00:46.371,1.60575,1.6061,2.90,1.00
2008.04.03 05:00:46.641,1.60575,1.6061,2.90,1.00
2008.04.03 05:00:46.922,1.60575,1.6061,2.90,1.00
2008.04.03 05:00:47.214,1.60575,1.6061,2.90,1.00
2008.04.03 05:00:47.503,1.60575,1.6061,2.90,1.00
2008.04.03 05:00:47.799,1.60575,1.6061,2.90,1.00
2008.04.03 05:00:48.104,1.60575,1.6061,3.70,1.00
2008.04.03 05:00:48.410,1.6058,1.6061,0.20,1.00
2008.04.03 05:00:48.716,1.6058,1.6061,0.20,0.80
2008.04.03 05:00:48.965,1.6058,1.6061,0.20,0.80
2008.04.03 05:00:49.209,1.6058,1.6061,0.20,0.80
2008.04.03 05:00:49.455,1.6058,1.6061,0.20,0.80
2008.04.03 05:00:49.707,1.6058,1.6061,0.20,0.80
2008.04.03 05:00:49.988,1.6058,1.6061,0.20,0.80
2008.04.03 05:00:50.281,1.6058,1.6061,0.20,0.80
2008.04.03 05:00:50.572,1.6058,1.6061,0.20,0.80
2008.04.03 05:00:50.864,1.6058,1.6061,0.20,0.80
2008.04.03 05:00:51.133,1.6058,1.6061,0.20,0.80
2008.04.03 05:00:51.389,1.6058,1.6061,0.20,0.80
2008.04.03 05:00:51.643,1.6058,1.6061,0.20,0.80
2008.04.03 05:00:51.894,1.6058,1.6061,0.20,0.80
2008.04.03 05:00:52.145,1.6058,1.6061,0.20,0.80
2008.04.03 05:00:52.394,1.6058,1.6061,0.20,0.80
2008.04.03 05:00:52.644,1.6058,1.6061,0.20,0.80
2008.04.03 05:00:52.968,1.6058,1.6061,0.20,0.80
2008.04.03 05:00:53.293,1.6058,1.6061,0.20,0.80
2008.04.03 05:00:53.618,1.6058,1.6061,0.20,0.80
2008.04.03 05:00:53.943,1.6058,1.6061,0.20,0.80
2008.04.03 05:00:54.167,1.6058,1.6061,0.20,0.80
2008.04.03 05:00:54.391,1.6058,1.6061,0.20,0.80
2008.04.03 05:00:54.616,1.60575,1.6061,5.30,0.80
2008.04.03 05:00:54.842,1.60575,1.6061,4.50,0.80
2008.04.03 05:00:55.145,1.6058,1.6061,0.20,0.80
2008.04.03 05:00:55.445,1.6058,1.6061,0.20,0.80
2008.04.03 05:00:55.746,1.6058,1.6061,0.20,0.80
2008.04.03 05:00:56.011,1.6058,1.6061,0.20,0.80
2008.04.03 05:00:56.276,1.6058,1.6061,0.20,0.80
2008.04.03 05:00:56.541,1.6058,1.6061,0.20,0.80
2008.04.03 05:00:56.807,1.6058,1.6061,0.20,0.80
2008.04.03 05:00:57.067,1.6058,1.6061,0.20,0.80
2008.04.03 05:00:57.328,1.6058,1.6061,0.20,0.80
2008.04.03 05:00:57.587,1.6058,1.6061,0.20,0.80
2008.04.03 05:00:57.846,1.6058,1.6061,0.20,0.80
2008.04.03 05:00:58.155,1.6058,1.6061,0.20,0.80
2008.04.03 05:00:58.466,1.6058,1.6061,0.20,0.80
2008.04.03 05:00:58.775,1.6058,1.6061,0.20,0.80
2008.04.03 05:00:59.021,1.6058,1.6061,0.20,0.80
2008.04.03 05:00:59.265,1.6058,1.6061,0.20,0.80
2008.04.03 05:00:59.513,1.6058,1.6061,0.20,0.80
2008.04.03 05:00:59.773,1.6058,1.6061,0.20,0.80
2008.04.03 05:01:00.047,1.6058,1.6061,0.20,0.80
2008.04.03 05:01:00.308,1.6058,1.6061,0.20,0.80
2008.04.03 05:01:00.581,1.6058,1.6061,0.20,0.80
2008.04.03 05:01:00.854,1.6058,1.6061,0.20,0.80
2008.04.03 05:01:01.159,1.6058,1.6061,0.20,0.80
2008.04.03 05:01:01.462,1.6058,1.6061,0.20,0.80
2008.04.03 05:01:01.765,1.6058,1.6061,0.20,0.80
2008.04.03 05:01:02.004,1.6058,1.6061,0.20,0.80
2008.04.03 05:01:02.250,1.6058,1.6061,0.90,0.80
2008.04.03 05:01:02.503,1.6058,1.6061,0.90,0.80
2008.04.03 05:01:02.760,1.6058,1.6061,0.90,0.80
2008.04.03 05:01:03.009,1.6058,1.6061,0.90,0.80
2008.04.03 05:01:03.357,1.6058,1.6061,0.90,0.80
2008.04.03 05:01:03.704,1.6058,1.6061,0.80,0.80
2008.04.03 05:01:04.042,1.6058,1.6061,0.90,0.80
2008.04.03 05:01:04.283,1.6058,1.6061,0.90,0.80
2008.04.03 05:01:04.512,1.6058,1.6061,0.90,0.80
2008.04.03 05:01:04.743,1.6058,1.6061,0.90,0.80
2008.04.03 05:01:04.972,1.6058,1.6061,0.90,0.80
2008.04.03 05:01:05.277,1.6058,1.6061,0.90,0.80
2008.04.03 05:01:05.593,1.6058,1.6061,0.90,0.80
2008.04.03 05:01:05.912,1.6058,1.6061,0.90,0.80
2008.04.03 05:01:06.144,1.6058,1.6061,0.90,0.80
2008.04.03 05:01:06.368,1.6058,1.6061,0.90,0.80
2008.04.03 05:01:06.594,1.6058,1.6061,0.90,0.80
2008.04.03 05:01:06.824,1.6058,1.6061,0.90,0.80
2008.04.03 05:01:07.139,1.6058,1.6061,0.90,0.80
2008.04.03 05:01:07.455,1.6058,1.6061,0.90,0.80
2008.04.03 05:01:07.769,1.6058,1.6061,0.20,0.80
2008.04.03 05:01:08.085,1.6058,1.6061,0.20,0.80
2008.04.03 05:01:08.364,1.6058,1.6061,0.20,0.80
2008.04.03 05:01:08.647,1.6058,1.6061,0.20,0.80
2008.04.03 05:01:08.928,1.6058,1.6061,0.20,0.80
2008.04.03 05:01:09.173,1.6058,1.6061,0.20,0.80
2008.04.03 05:01:09.419,1.6058,1.6061,0.20,0.80
2008.04.03 05:01:09.663,1.6058,1.6061,0.20,0.80
2008.04.03 05:01:09.909,1.6058,1.6061,0.20,0.80
2008.04.03 05:01:10.153,1.6058,1.6061,0.20,0.80
2008.04.03 05:01:10.479,1.6058,1.6061,0.20,0.80
2008.04.03 05:01:10.805,1.60575,1.6061,2.90,1.60
2008.04.03 05:01:11.131,1.60575,1.6061,2.90,1.00
2008.04.03 05:01:11.356,1.60575,1.6061,2.90,1.00
2008.04.03 05:01:11.582,1.60575,1.6061,2.90,1.00
2008.04.03 05:01:11.805,1.60575,1.6061,2.90,1.80
2008.04.03 05:01:12.031,1.60575,1.6061,2.90,1.80
2008.04.03 05:01:12.340,1.60575,1.6061,2.90,1.80
2008.04.03 05:01:12.651,1.60575,1.6061,2.90,1.80
2008.04.03 05:01:12.965,1.60575,1.6061,5.30,1.80
2008.04.03 05:01:13.281,1.6058,1.6061,0.60,0.80
2008.04.03 05:01:13.558,1.6058,1.6061,0.60,0.80
2008.04.03 05:01:13.832,1.6058,1.6061,0.60,0.80
2008.04.03 05:01:14.108,1.6058,1.6061,0.60,0.80
2008.04.03 05:01:14.354,1.60575,1.6061,2.90,1.00
2008.04.03 05:01:14.599,1.60575,1.6061,2.90,1.80
2008.04.03 05:01:14.853,1.60575,1.6061,2.90,1.80
2008.04.03 05:01:15.109,1.60575,1.6061,2.90,1.80
2008.04.03 05:01:15.343,1.60575,1.6061,2.90,1.80
2008.04.03 05:01:15.646,1.60575,1.6061,2.90,1.80
2008.04.03 05:01:15.950,1.60575,1.6061,2.90,1.80
2008.04.03 05:01:16.255,1.60575,1.6061,2.90,1.80
2008.04.03 05:01:16.502,1.60575,1.6061,2.90,1.80
2008.04.03 05:01:16.746,1.60575,1.6061,2.90,1.80
2008.04.03 05:01:16.990,1.60575,1.6061,2.90,1.80
2008.04.03 05:01:17.236,1.60575,1.6061,2.90,1.80
2008.04.03 05:01:17.535,1.60575,1.6061,2.90,1.80
2008.04.03 05:01:17.836,1.60575,1.6061,2.90,1.80
2008.04.03 05:01:18.137,1.60575,1.6061,2.90,1.80
2008.04.03 05:01:18.436,1.60575,1.6061,2.90,1.80
2008.04.03 05:01:18.677,1.60575,1.6061,2.90,1.80
2008.04.03 05:01:18.916,1.60575,1.6061,2.90,1.80
2008.04.03 05:01:19.165,1.60575,1.6061,2.90,1.80
2008.04.03 05:01:19.435,1.60575,1.6061,2.90,1.80
2008.04.03 05:01:19.707,1.60575,1.6061,2.90,1.80
2008.04.03 05:01:19.988,1.60575,1.6061,2.90,1.80
2008.04.03 05:01:20.257,1.60575,1.6061,2.90,1.80
2008.04.03 05:01:20.530,1.60575,1.6061,2.90,1.80
2008.04.03 05:01:20.804,1.60575,1.6061,2.90,1.80
2008.04.03 05:01:21.079,1.60575,1.6061,2.90,1.80
2008.04.03 05:01:21.353,1.60575,1.6061,2.90,1.80
2008.04.03 05:01:21.604,1.60575,1.6061,2.90,1.80
2008.04.03 05:01:21.853,1.60575,1.6061,2.90,2.10
2008.04.03 05:01:22.101,1.60575,1.6061,2.90,2.10
2008.04.03 05:01:22.351,1.60575,1.6061,2.90,2.10
2008.04.03 05:01:22.661,1.60575,1.6061,2.90,2.10
2008.04.03 05:01:22.970,1.60575,1.6061,2.90,2.10
2008.04.03 05:01:23.281,1.60575,1.6061,2.90,2.10
2008.04.03 05:01:23.505,1.60575,1.6061,2.90,2.10
2008.04.03 05:01:23.729,1.60575,1.6061,2.90,2.10
2008.04.03 05:01:23.952,1.60575,1.6061,2.90,2.10
2008.04.03 05:01:24.177,1.60575,1.6061,2.90,2.10
2008.04.03 05:01:24.403,1.60575,1.6061,2.90,2.10
2008.04.03 05:01:24.719,1.60575,1.60605,2.80,0.80
2008.04.03 05:01:25.033,1.60575,1.60605,2.80,0.80
2008.04.03 05:01:25.350,1.60575,1.60605,2.80,0.80
2008.04.03 05:01:25.604,1.60575,1.60605,2.80,0.80
2008.04.03 05:01:25.857,1.60575,1.60605,2.80,0.80
2008.04.03 05:01:26.116,1.60575,1.60605,2.80,0.80
2008.04.03 05:01:26.383,1.60575,1.60605,2.80,0.80
2008.04.03 05:01:26.660,1.60575,1.606,2.80,0.80
2008.04.03 05:01:26.940,1.60575,1.606,2.80,1.60
2008.04.03 05:01:27.204,1.60575,1.606,2.80,1.60
2008.04.03 05:01:27.477,1.60575,1.606,2.80,1.80
2008.04.03 05:01:27.779,1.60575,1.606,2.80,1.80
2008.04.03 05:01:28.085,1.60575,1.606,2.80,1.80
2008.04.03 05:01:28.392,1.60575,1.606,2.80,1.80
2008.04.03 05:01:28.641,1.60575,1.606,2.80,1.80
2008.04.03 05:01:28.892,1.60575,1.606,2.80,1.00
2008.04.03 05:01:29.144,1.60575,1.60605,2.80,9.30
2008.04.03 05:01:29.396,1.60575,1.60605,2.80,9.30
2008.04.03 05:01:29.675,1.60575,1.60605,2.80,9.30
2008.04.03 05:01:29.950,1.60575,1.60605,2.80,9.30
2008.04.03 05:01:30.237,1.60575,1.60605,2.80,9.30
2008.04.03 05:01:30.507,1.60575,1.60605,2.80,9.30
2008.04.03 05:01:30.772,1.60575,1.60605,2.80,9.30
2008.04.03 05:01:31.043,1.60575,1.60605,2.80,9.30
2008.04.03 05:01:31.315,1.60575,1.60605,2.80,9.30
2008.04.03 05:01:31.561,1.60575,1.60605,2.80,9.30
2008.04.03 05:01:31.830,1.60575,1.60605,2.80,9.30
2008.04.03 05:01:32.101,1.60575,1.60605,2.80,9.30
2008.04.03 05:01:32.370,1.60575,1.60605,2.80,9.30
2008.04.03 05:01:32.640,1.60575,1.60605,2.80,9.30
2008.04.03 05:01:32.931,1.60575,1.606,2.80,0.80
2008.04.03 05:01:33.222,1.60575,1.606,2.80,1.60
2008.04.03 05:01:33.511,1.60575,1.606,2.80,1.80
2008.04.03 05:01:33.741,1.60575,1.606,2.80,1.80
2008.04.03 05:01:33.971,1.60575,1.606,2.80,1.80
2008.04.03 05:01:34.201,1.60575,1.606,2.90,1.00
2008.04.03 05:01:34.432,1.60575,1.60605,2.90,8.40
2008.04.03 05:01:34.663,1.60575,1.6061,2.90,1.30
2008.04.03 05:01:34.983,1.60575,1.6061,2.90,1.30
2008.04.03 05:01:35.302,1.60575,1.6061,3.70,1.00
2008.04.03 05:01:35.623,1.60575,1.6061,3.70,1.00
2008.04.03 05:01:35.864,1.60575,1.6061,3.70,1.00
2008.04.03 05:01:36.103,1.60575,1.6061,3.70,1.00
2008.04.03 05:01:36.342,1.60575,1.6061,3.70,1.00
2008.04.03 05:01:36.582,1.60575,1.6061,3.70,1.00
2008.04.03 05:01:36.857,1.60575,1.6061,3.70,1.00
2008.04.03 05:01:37.132,1.60575,1.6061,3.70,1.00
2008.04.03 05:01:37.414,1.60575,1.6061,3.70,1.00
2008.04.03 05:01:37.702,1.60575,1.6061,3.70,1.00
2008.04.03 05:01:38.009,1.60575,1.6061,3.70,1.00
2008.04.03 05:01:38.308,1.60575,1.6061,3.70,1.00
2008.04.03 05:01:38.610,1.60575,1.6061,3.70,1.00
2008.04.03 05:01:38.850,1.60575,1.6061,3.70,1.00
2008.04.03 05:01:39.088,1.60575,1.6061,3.70,1.00
2008.04.03 05:01:39.328,1.60575,1.6061,3.70,1.00
2008.04.03 05:01:39.568,1.60575,1.6061,3.70,1.00
2008.04.03 05:01:39.809,1.60575,1.6061,3.70,1.00
2008.04.03 05:01:40.107,1.60575,1.6061,3.70,1.00
2008.04.03 05:01:40.406,1.60575,1.6061,3.70,1.00
2008.04.03 05:01:40.708,1.60575,1.6061,3.70,1.00
2008.04.03 05:01:40.946,1.60575,1.6061,3.70,1.00
2008.04.03 05:01:41.194,1.60575,1.6061,3.70,1.00
2008.04.03 05:01:41.399,1.60575,1.6061,3.70,1.30
2008.04.03 05:01:41.625,1.60575,1.6061,3.70,1.30
2008.04.03 05:01:41.915,1.60575,1.6061,3.70,1.30
2008.04.03 05:01:42.206,1.60575,1.6061,3.70,1.30
2008.04.03 05:01:42.495,1.60575,1.6061,3.70,1.30
2008.04.03 05:01:42.803,1.60575,1.6061,3.70,1.30
2008.04.03 05:01:43.086,1.60575,1.6061,3.70,1.30
2008.04.03 05:01:43.386,1.60575,1.6061,3.70,1.30
2008.04.03 05:01:43.685,1.60575,1.6061,3.70,1.30
2008.04.03 05:01:43.916,1.60575,1.6061,3.70,1.30
2008.04.03 05:01:44.145,1.60575,1.6061,3.70,1.30
2008.04.03 05:01:44.374,1.60575,1.6061,3.70,1.30
2008.04.03 05:01:44.604,1.60575,1.6061,3.70,1.30
2008.04.03 05:01:44.834,1.60575,1.6061,3.70,1.30
2008.04.03 05:01:45.127,1.60575,1.6061,3.70,1.30
2008.04.03 05:01:45.422,1.60575,1.6061,3.70,1.30
2008.04.03 05:01:45.716,1.60575,1.6061,3.70,1.30
2008.04.03 05:01:45.975,1.60575,1.6061,3.70,1.30
2008.04.03 05:01:46.241,1.60575,1.6061,3.70,1.30
2008.04.03 05:01:46.507,1.60575,1.6061,3.70,1.30
2008.04.03 05:01:46.780,1.60575,1.6061,3.70,1.30
2008.04.03 05:01:47.031,1.60575,1.60605,3.60,0.80
2008.04.03 05:01:47.284,1.60575,1.60605,3.60,0.80
2008.04.03 05:01:47.534,1.60575,1.60605,3.60,0.80
2008.04.03 05:01:47.784,1.60575,1.60605,3.60,0.80
2008.04.03 05:01:48.103,1.60575,1.60605,3.60,0.80
2008.04.03 05:01:48.422,1.60575,1.60605,3.60,0.80
2008.04.03 05:01:48.740,1.60575,1.60605,3.60,0.80
2008.04.03 05:01:49.060,1.60575,1.60605,3.60,0.80
2008.04.03 05:01:49.313,1.60575,1.60605,3.60,0.80
2008.04.03 05:01:49.568,1.60575,1.60605,3.60,0.80
2008.04.03 05:01:49.838,1.60575,1.60605,3.60,0.80
2008.04.03 05:01:50.083,1.60575,1.60605,3.60,0.80
2008.04.03 05:01:50.320,1.60575,1.60605,3.60,0.80
2008.04.03 05:01:50.556,1.60575,1.60605,3.60,0.80
2008.04.03 05:01:50.792,1.60575,1.606,3.60,0.80
2008.04.03 05:01:51.043,1.60575,1.606,3.60,1.60
2008.04.03 05:01:51.362,1.60575,1.606,3.60,1.80
2008.04.03 05:01:51.684,1.60575,1.606,3.60,1.80
2008.04.03 05:01:52.013,1.60575,1.606,3.60,1.80
2008.04.03 05:01:52.265,1.60575,1.606,3.60,1.80
2008.04.03 05:01:52.506,1.60575,1.606,3.60,1.80
2008.04.03 05:01:52.758,1.60575,1.606,3.60,1.80
2008.04.03 05:01:53.008,1.60575,1.606,3.60,1.80
2008.04.03 05:01:53.332,1.60575,1.606,3.60,1.80
2008.04.03 05:01:53.627,1.60575,1.606,3.60,1.80
2008.04.03 05:01:53.937,1.60575,1.606,3.60,1.80
2008.04.03 05:01:54.162,1.60575,1.606,3.60,1.80
2008.04.03 05:01:54.387,1.60575,1.606,3.60,1.80
2008.04.03 05:01:54.613,1.60575,1.606,3.60,1.80
2008.04.03 05:01:54.836,1.60575,1.606,3.60,1.80
2008.04.03 05:01:55.063,1.60575,1.606,3.60,1.80
2008.04.03 05:01:55.355,1.60575,1.606,3.60,1.80
2008.04.03 05:01:55.650,1.60575,1.606,3.60,1.80
2008.04.03 05:01:55.945,1.60575,1.606,3.60,1.80
2008.04.03 05:01:56.174,1.60575,1.606,3.60,1.80
2008.04.03 05:01:56.403,1.60575,1.606,3.60,1.80
2008.04.03 05:01:56.633,1.60575,1.606,3.60,1.80
2008.04.03 05:01:56.864,1.60575,1.606,3.60,1.80
2008.04.03 05:01:57.094,1.60575,1.606,3.60,1.80
2008.04.03 05:01:57.389,1.60575,1.606,3.60,1.80
2008.04.03 05:01:57.683,1.60575,1.606,3.60,1.80
2008.04.03 05:01:57.978,1.60575,1.606,3.60,1.80
2008.04.03 05:01:58.272,1.60575,1.606,3.60,2.10
2008.04.03 05:01:58.550,1.60575,1.606,3.60,1.10
2008.04.03 05:01:58.827,1.60575,1.60605,3.70,3.90
2008.04.03 05:01:59.101,1.60575,1.60605,2.80,3.60
2008.04.03 05:01:59.389,1.60575,1.60605,2.80,0.80
2008.04.03 05:01:59.650,1.60575,1.60605,2.80,0.80
2008.04.03 05:01:59.925,1.60575,1.60605,2.80,0.80
2008.04.03 05:02:00.200,1.60575,1.606,2.80,0.80
2008.04.03 05:02:00.487,1.60575,1.606,2.80,1.60
2008.04.03 05:02:00.771,1.60575,1.606,2.80,1.60
2008.04.03 05:02:01.056,1.60575,1.606,2.80,1.80
2008.04.03 05:02:01.307,1.60575,1.606,2.80,1.80
2008.04.03 05:02:01.556,1.60575,1.606,2.80,1.80
2008.04.03 05:02:01.806,1.60575,1.606,2.80,1.80
2008.04.03 05:02:02.056,1.60575,1.606,2.80,1.80
2008.04.03 05:02:02.342,1.60575,1.606,2.80,1.80
2008.04.03 05:02:02.627,1.60575,1.606,2.80,1.80
2008.04.03 05:02:02.911,1.60575,1.606,2.80,1.80
2008.04.03 05:02:03.195,1.60575,1.606,2.80,1.80
2008.04.03 05:02:03.470,1.60575,1.606,2.80,1.80
2008.04.03 05:02:03.745,1.60575,1.606,2.80,1.80
2008.04.03 05:02:04.021,1.60575,1.606,2.80,1.80
2008.04.03 05:02:04.296,1.60575,1.606,2.80,1.80
2008.04.03 05:02:04.559,1.60575,1.606,2.80,1.80
2008.04.03 05:02:04.830,1.60575,1.606,2.80,1.80
2008.04.03 05:02:05.077,1.60575,1.606,2.80,1.80
2008.04.03 05:02:05.337,1.60575,1.606,2.80,1.80
2008.04.03 05:02:05.601,1.60575,1.606,2.80,1.80
2008.04.03 05:02:05.866,1.6057,1.606,1.10,1.80
2008.04.03 05:02:06.131,1.6057,1.60595,1.10,0.80
2008.04.03 05:02:06.390,1.6057,1.60595,1.10,0.80
2008.04.03 05:02:06.649,1.6057,1.60595,1.10,0.80
2008.04.03 05:02:06.910,1.6057,1.60595,1.10,0.80
2008.04.03 05:02:07.170,1.6057,1.60595,1.10,0.80
2008.04.03 05:02:07.449,1.6057,1.60595,1.10,0.80
2008.04.03 05:02:07.736,1.6057,1.60595,1.10,0.80
2008.04.03 05:02:08.032,1.6057,1.60595,1.10,0.80
2008.04.03 05:02:08.324,1.6057,1.60595,1.10,0.80
2008.04.03 05:02:08.600,1.6057,1.60595,1.10,0.80
2008.04.03 05:02:08.879,1.6057,1.60595,1.10,0.80
2008.04.03 05:02:09.147,1.6057,1.60595,0.40,0.80
2008.04.03 05:02:09.414,1.6057,1.60595,0.40,7.20
2008.04.03 05:02:09.677,1.60565,1.6059,5.30,0.30
2008.04.03 05:02:09.938,1.60575,1.6059,2.80,0.30
2008.04.03 05:02:10.199,1.60575,1.606,2.80,2.10
2008.04.03 05:02:10.494,1.60575,1.606,2.80,2.10
2008.04.03 05:02:10.793,1.60565,1.60595,2.40,0.80
2008.04.03 05:02:11.089,1.6057,1.60595,0.80,0.80
2008.04.03 05:02:11.387,1.6057,1.606,0.80,2.10
2008.04.03 05:02:11.658,1.6057,1.606,0.80,2.10
2008.04.03 05:02:11.927,1.6057,1.606,0.80,2.10
2008.04.03 05:02:12.201,1.6057,1.606,0.80,2.10
2008.04.03 05:02:12.492,1.6057,1.606,0.80,2.10
2008.04.03 05:02:12.777,1.6057,1.606,0.80,2.10
2008.04.03 05:02:13.062,1.6057,1.606,0.80,2.10
2008.04.03 05:02:13.346,1.6057,1.606,0.80,2.10
2008.04.03 05:02:13.597,1.6057,1.606,0.80,2.10
2008.04.03 05:02:13.857,1.6057,1.606,0.80,2.10
2008.04.03 05:02:14.109,1.6057,1.6059,0.80,0.30
2008.04.03 05:02:14.361,1.60565,1.60585,2.80,5.60
2008.04.03 05:02:14.648,1.6056,1.60585,0.20,5.60
2008.04.03 05:02:14.934,1.60555,1.60585,4.50,5.60
2008.04.03 05:02:15.218,1.60555,1.60585,4.50,5.60
2008.04.03 05:02:15.477,1.60555,1.60585,4.50,5.60
2008.04.03 05:02:15.736,1.60555,1.60585,4.50,5.60
2008.04.03 05:02:15.995,1.60555,1.60585,4.50,5.60
2008.04.03 05:02:16.255,1.60555,1.60585,4.50,5.60
2008.04.03 05:02:16.529,1.60555,1.60585,4.50,5.60
2008.04.03 05:02:16.805,1.60555,1.60585,4.50,5.60
2008.04.03 05:02:17.079,1.60555,1.60585,4.50,5.60
2008.04.03 05:02:17.353,1.60555,1.60585,4.50,5.60
2008.04.03 05:02:17.639,1.60555,1.60585,4.50,6.40
2008.04.03 05:02:17.938,1.60555,1.60585,4.50,6.40
2008.04.03 05:02:18.208,1.60555,1.60585,4.50,9.20
2008.04.03 05:02:18.506,1.60555,1.60585,4.50,9.20
2008.04.03 05:02:18.783,1.6056,1.60585,0.20,8.40
2008.04.03 05:02:19.058,1.60565,1.6059,0.80,0.80
2008.04.03 05:02:19.332,1.60565,1.6059,0.80,0.80
2008.04.03 05:02:19.606,1.60565,1.6059,0.80,0.80
2008.04.03 05:02:19.862,1.60565,1.6059,0.80,0.80
2008.04.03 05:02:20.116,1.60565,1.6059,0.80,0.80
2008.04.03 05:02:20.373,1.60565,1.6059,0.80,0.80
2008.04.03 05:02:20.663,1.60565,1.6059,0.80,0.80
2008.04.03 05:02:20.953,1.60565,1.6059,0.80,0.80
2008.04.03 05:02:21.243,1.6056,1.60585,0.20,5.60
2008.04.03 05:02:21.535,1.6056,1.60585,0.60,5.60
2008.04.03 05:02:21.796,1.60565,1.60595,0.80,12.00
2008.04.03 05:02:22.056,1.60565,1.60595,0.80,12.00
2008.04.03 05:02:22.315,1.60565,1.60595,0.80,12.00
2008.04.03 05:02:22.574,1.60565,1.60595,0.80,12.00
2008.04.03 05:02:22.880,1.60565,1.60595,0.80,12.00
2008.04.03 05:02:23.184,1.60565,1.60595,0.80,12.00
2008.04.03 05:02:23.489,1.60565,1.60595,0.80,12.00
2008.04.03 05:02:23.725,1.60565,1.60595,0.80,12.00
2008.04.03 05:02:23.958,1.60565,1.60595,0.80,12.00
2008.04.03 05:02:24.193,1.60565,1.60595,0.80,12.00
2008.04.03 05:02:24.440,1.60565,1.60595,0.80,12.00
2008.04.03 05:02:24.673,1.60565,1.60595,0.80,12.00
2008.04.03 05:02:25.008,1.60565,1.60595,0.80,12.00
2008.04.03 05:02:25.323,1.60565,1.6059,0.80,0.80
2008.04.03 05:02:25.637,1.60565,1.60595,0.80,12.00
2008.04.03 05:02:25.880,1.60565,1.60595,0.90,3.60
2008.04.03 05:02:26.123,1.60565,1.60595,0.90,3.60
2008.04.03 05:02:26.364,1.60565,1.60595,0.90,3.60
2008.04.03 05:02:26.594,1.60565,1.60595,0.90,0.80
2008.04.03 05:02:26.873,1.60565,1.60595,0.90,0.80
2008.04.03 05:02:27.152,1.60565,1.60595,0.90,0.80
2008.04.03 05:02:27.433,1.60565,1.60595,0.90,0.80
2008.04.03 05:02:27.715,1.60565,1.60595,0.90,0.80
2008.04.03 05:02:28.029,1.60565,1.60595,0.90,0.80
2008.04.03 05:02:28.355,1.60565,1.60595,0.90,0.80
2008.04.03 05:02:28.676,1.60565,1.60595,0.90,0.80
2008.04.03 05:02:28.911,1.60565,1.60595,0.90,0.80
2008.04.03 05:02:29.144,1.60565,1.60595,0.90,0.80
2008.04.03 05:02:29.365,1.60565,1.60595,0.90,0.80
2008.04.03 05:02:29.584,1.60565,1.60595,0.90,0.80
2008.04.03 05:02:29.881,1.60565,1.60595,0.90,0.80
2008.04.03 05:02:30.181,1.60565,1.60595,0.90,0.80
2008.04.03 05:02:30.492,1.60565,1.60595,0.90,0.80
2008.04.03 05:02:30.791,1.60565,1.60595,0.90,0.80
2008.04.03 05:02:31.046,1.60565,1.60595,0.90,0.80
2008.04.03 05:02:31.303,1.60565,1.60595,0.90,0.80
2008.04.03 05:02:31.558,1.60565,1.60595,0.90,0.80
2008.04.03 05:02:31.812,1.60565,1.60595,0.90,0.80
2008.04.03 05:02:32.057,1.60565,1.60595,0.90,0.80
2008.04.03 05:02:32.300,1.60565,1.60595,0.90,0.80
2008.04.03 05:02:32.544,1.60565,1.60595,0.90,0.80
2008.04.03 05:02:32.789,1.60565,1.60595,0.90,0.80
2008.04.03 05:02:33.095,1.60565,1.60595,0.90,0.80
2008.04.03 05:02:33.401,1.60565,1.60595,0.90,0.80
2008.04.03 05:02:33.703,1.60565,1.60595,0.90,3.60
2008.04.03 05:02:33.954,1.60565,1.60595,0.90,3.60
2008.04.03 05:02:34.204,1.60565,1.60595,0.90,3.60
2008.04.03 05:02:34.471,1.60565,1.60595,0.90,3.60
2008.04.03 05:02:34.702,1.60565,1.60595,0.90,3.60
2008.04.03 05:02:34.976,1.60565,1.60595,0.90,3.60
2008.04.03 05:02:35.252,1.60565,1.60595,0.90,3.60
2008.04.03 05:02:35.526,1.60565,1.60595,0.90,3.60
2008.04.03 05:02:35.801,1.60565,1.60595,0.90,3.60
2008.04.03 05:02:36.049,1.60565,1.60595,0.90,3.60
2008.04.03 05:02:36.300,1.60565,1.60595,0.90,3.60
2008.04.03 05:02:36.552,1.60565,1.60595,0.90,3.60
2008.04.03 05:02:36.801,1.60565,1.60595,0.20,3.60
2008.04.03 05:02:37.077,1.60565,1.60595,0.20,3.60
2008.04.03 05:02:37.352,1.60565,1.60595,0.20,3.60
2008.04.03 05:02:37.627,1.60565,1.60595,0.20,3.60
2008.04.03 05:02:37.903,1.60565,1.60595,0.20,3.60
2008.04.03 05:02:38.202,1.60565,1.60595,0.20,3.60
2008.04.03 05:02:38.501,1.60565,1.60595,0.20,3.60
2008.04.03 05:02:38.801,1.60565,1.60595,0.20,3.60
2008.04.03 05:02:39.036,1.60565,1.60595,0.20,3.60
2008.04.03 05:02:39.277,1.60565,1.60595,0.20,3.60
2008.04.03 05:02:39.524,1.60565,1.60595,0.20,3.60
2008.04.03 05:02:39.772,1.60565,1.60595,0.20,3.60
2008.04.03 05:02:40.044,1.60565,1.60595,0.20,3.60
2008.04.03 05:02:40.328,1.60565,1.60595,0.20,3.60
2008.04.03 05:02:40.612,1.60565,1.60595,0.20,3.60
2008.04.03 05:02:40.897,1.60565,1.60595,0.20,3.60
2008.04.03 05:02:41.150,1.60565,1.60595,0.20,3.60
2008.04.03 05:02:41.406,1.60565,1.60595,0.20,3.60
2008.04.03 05:02:41.662,1.6056,1.60595,0.20,3.60
2008.04.03 05:02:41.916,1.6056,1.60595,0.20,3.60
2008.04.03 05:02:42.190,1.6056,1.60595,0.20,3.60
2008.04.03 05:02:42.466,1.6056,1.60595,0.20,3.60
2008.04.03 05:02:42.740,1.6056,1.60595,0.20,3.60
2008.04.03 05:02:43.016,1.6056,1.60595,0.20,3.60
2008.04.03 05:02:43.306,1.6056,1.60595,0.20,3.60
2008.04.03 05:02:43.596,1.6056,1.60595,0.20,3.60
2008.04.03 05:02:43.887,1.6056,1.60595,0.20,3.60
2008.04.03 05:02:44.145,1.6056,1.60595,0.20,3.60
2008.04.03 05:02:44.405,1.6056,1.60595,0.20,3.60
2008.04.03 05:02:44.666,1.6056,1.60595,0.20,3.60
2008.04.03 05:02:44.926,1.6056,1.60595,0.20,3.60
2008.04.03 05:02:45.184,1.6056,1.60595,0.20,3.60
2008.04.03 05:02:45.414,1.6056,1.60595,0.20,3.60
2008.04.03 05:02:45.659,1.6056,1.60595,0.20,3.60
2008.04.03 05:02:45.904,1.6056,1.60595,0.20,3.60
2008.04.03 05:02:46.184,1.6056,1.60595,0.20,3.60
2008.04.03 05:02:46.463,1.6056,1.60595,0.20,3.60
2008.04.03 05:02:46.743,1.6056,1.60595,0.20,3.60
2008.04.03 05:02:47.035,1.6056,1.60595,0.20,3.60
2008.04.03 05:02:47.275,1.6056,1.60595,0.20,3.60
2008.04.03 05:02:47.526,1.6056,1.60595,0.20,3.60
2008.04.03 05:02:47.755,1.6056,1.60595,0.20,3.60
2008.04.03 05:02:47.994,1.6056,1.60595,0.20,3.60
2008.04.03 05:02:48.322,1.6056,1.60595,0.20,3.60
2008.04.03 05:02:48.651,1.6056,1.60595,0.20,3.60
2008.04.03 05:02:48.980,1.6056,1.60595,0.20,3.60
2008.04.03 05:02:49.196,1.6056,1.60595,0.20,3.60
2008.04.03 05:02:49.411,1.6056,1.60595,0.20,3.60
2008.04.03 05:02:49.625,1.6056,1.60595,0.20,3.60
2008.04.03 05:02:49.840,1.6056,1.60595,0.20,3.60
2008.04.03 05:02:50.055,1.60565,1.60595,0.20,3.60
2008.04.03 05:02:50.361,1.6057,1.60595,0.20,2.80
2008.04.03 05:02:50.665,1.6057,1.606,0.20,2.10
2008.04.03 05:02:50.970,1.6057,1.606,0.60,2.10
2008.04.03 05:02:51.235,1.6057,1.606,0.60,2.10
2008.04.03 05:02:51.500,1.6057,1.606,0.60,2.10
2008.04.03 05:02:51.765,1.6057,1.606,0.60,2.10
2008.04.03 05:02:52.030,1.6057,1.606,0.60,2.10
2008.04.03 05:02:52.291,1.6057,1.606,0.60,2.10
2008.04.03 05:02:52.550,1.6057,1.606,0.60,2.10
2008.04.03 05:02:52.821,1.6057,1.606,0.60,2.10
2008.04.03 05:02:53.092,1.6057,1.606,0.40,2.10
2008.04.03 05:02:53.406,1.6057,1.606,0.40,2.10
2008.04.03 05:02:53.698,1.6057,1.606,0.40,2.10
2008.04.03 05:02:54.006,1.6057,1.606,0.40,2.10
2008.04.03 05:02:54.241,1.6057,1.606,0.40,2.10
2008.04.03 05:02:54.475,1.6057,1.606,0.40,2.10
2008.04.03 05:02:54.709,1.6057,1.606,0.40,2.10
2008.04.03 05:02:54.943,1.6057,1.606,0.40,2.10
2008.04.03 05:02:55.178,1.6057,1.606,0.40,2.10
2008.04.03 05:02:55.487,1.6057,1.606,0.40,2.10
2008.04.03 05:02:55.798,1.6057,1.606,0.40,2.10
2008.04.03 05:02:56.107,1.6057,1.606,0.40,2.10
2008.04.03 05:02:56.336,1.6057,1.606,0.40,2.10
2008.04.03 05:02:56.567,1.6057,1.606,0.40,2.10
2008.04.03 05:02:56.764,1.6057,1.606,0.40,2.10
2008.04.03 05:02:56.980,1.6057,1.606,0.40,2.10
2008.04.03 05:02:57.209,1.6057,1.606,0.40,2.10
2008.04.03 05:02:57.516,1.6057,1.606,0.40,2.10
2008.04.03 05:02:57.836,1.6057,1.606,0.40,2.10
2008.04.03 05:02:58.156,1.6057,1.606,0.40,2.10
2008.04.03 05:02:58.401,1.6057,1.606,0.40,2.10
2008.04.03 05:02:58.645,1.6057,1.606,0.40,2.10
2008.04.03 05:02:58.890,1.6057,1.606,0.40,2.10
2008.04.03 05:02:59.135,1.6057,1.606,0.40,2.10
2008.04.03 05:02:59.380,1.6057,1.606,0.40,2.10
2008.04.03 05:02:59.670,1.6057,1.606,0.40,2.10
2008.04.03 05:02:59.950,1.6057,1.606,0.40,2.10
2008.04.03 05:03:00.228,1.6057,1.606,0.40,2.10
2008.04.03 05:03:00.479,1.6057,1.606,0.40,2.10
2008.04.03 05:03:00.728,1.6057,1.606,0.40,2.10
2008.04.03 05:03:00.978,1.6057,1.606,0.40,2.10
2008.04.03 05:03:01.228,1.6057,1.606,0.40,2.10
2008.04.03 05:03:01.476,1.6057,1.606,0.40,2.10
2008.04.03 05:03:01.750,1.6057,1.606,0.40,2.10
2008.04.03 05:03:02.024,1.6057,1.606,0.40,2.10
2008.04.03 05:03:02.298,1.6057,1.606,0.40,2.10
2008.04.03 05:03:02.584,1.6057,1.606,0.40,2.10
2008.04.03 05:03:02.873,1.6057,1.606,0.40,2.10
2008.04.03 05:03:03.170,1.6057,1.606,0.40,2.10
2008.04.03 05:03:03.443,1.6057,1.606,0.40,2.10
2008.04.03 05:03:03.697,1.6057,1.606,0.40,2.10
2008.04.03 05:03:03.953,1.6057,1.606,0.40,2.10
2008.04.03 05:03:04.207,1.6057,1.606,0.40,2.10
2008.04.03 05:03:04.462,1.6057,1.606,0.40,2.10
2008.04.03 05:03:04.721,1.6057,1.606,0.40,2.10
2008.04.03 05:03:04.982,1.6057,1.606,0.40,2.10
2008.04.03 05:03:05.241,1.6057,1.606,0.40,2.10
2008.04.03 05:03:05.501,1.6057,1.606,0.40,2.10
2008.04.03 05:03:05.760,1.6057,1.606,0.40,2.10
2008.04.03 05:03:06.031,1.6057,1.606,0.40,2.10
2008.04.03 05:03:06.291,1.6057,1.606,0.40,2.10
2008.04.03 05:03:06.560,1.6057,1.606,0.40,2.10
2008.04.03 05:03:06.830,1.6057,1.606,0.40,2.10
2008.04.03 05:03:07.098,1.6057,1.606,0.40,2.10
2008.04.03 05:03:07.369,1.6057,1.606,0.40,2.10
2008.04.03 05:03:07.658,1.6057,1.606,0.40,2.10
2008.04.03 05:03:07.947,1.6057,1.606,0.40,2.10
2008.04.03 05:03:08.237,1.6057,1.606,0.40,2.10
2008.04.03 05:03:08.527,1.6057,1.606,0.40,2.10
2008.04.03 05:03:08.766,1.6057,1.606,0.40,2.10
2008.04.03 05:03:09.005,1.6057,1.606,0.40,2.10
2008.04.03 05:03:09.244,1.6057,1.606,0.40,2.10
2008.04.03 05:03:09.485,1.6057,1.606,0.40,2.10
2008.04.03 05:03:09.769,1.6057,1.606,0.40,2.10
2008.04.03 05:03:10.055,1.6057,1.606,0.40,2.10
2008.04.03 05:03:10.352,1.6057,1.606,0.40,2.10
2008.04.03 05:03:10.597,1.6057,1.606,0.40,2.10
2008.04.03 05:03:10.842,1.6057,1.606,0.40,2.10
2008.04.03 05:03:11.085,1.6057,1.606,0.40,2.10
2008.04.03 05:03:11.330,1.6057,1.606,0.40,2.10
2008.04.03 05:03:11.575,1.6057,1.606,0.40,2.10
2008.04.03 05:03:11.850,1.6057,1.606,0.40,2.10
2008.04.03 05:03:12.124,1.6057,1.606,0.40,2.10
2008.04.03 05:03:12.399,1.6057,1.606,0.40,2.10
2008.04.03 05:03:12.686,1.6057,1.606,0.40,2.10
2008.04.03 05:03:12.976,1.6057,1.606,0.40,2.10
2008.04.03 05:03:13.265,1.6057,1.606,0.40,2.10
2008.04.03 05:03:13.555,1.6057,1.606,0.40,2.10
2008.04.03 05:03:13.789,1.6057,1.606,0.40,2.10
2008.04.03 05:03:14.023,1.6057,1.606,0.40,2.10
2008.04.03 05:03:14.259,1.6057,1.606,0.40,2.10
2008.04.03 05:03:14.493,1.6057,1.606,0.40,2.10
2008.04.03 05:03:14.795,1.6057,1.606,0.40,2.10
2008.04.03 05:03:15.095,1.6057,1.60595,0.40,0.80
2008.04.03 05:03:15.396,1.6057,1.60595,0.40,0.80
2008.04.03 05:03:15.697,1.6057,1.606,0.40,2.10
2008.04.03 05:03:15.956,1.6057,1.606,0.40,2.10
2008.04.03 05:03:16.217,1.6057,1.606,0.40,2.10
2008.04.03 05:03:16.476,1.6057,1.606,0.40,2.10
2008.04.03 05:03:16.761,1.6057,1.606,0.40,2.10
2008.04.03 05:03:17.046,1.6057,1.606,0.40,2.10
2008.04.03 05:03:17.330,1.6057,1.606,0.40,2.10
2008.04.03 05:03:17.613,1.6057,1.606,0.40,2.10
2008.04.03 05:03:17.897,1.6057,1.606,0.40,2.10
2008.04.03 05:03:18.182,1.6057,1.60595,0.40,0.80
2008.04.03 05:03:18.465,1.6057,1.60595,0.40,0.80
2008.04.03 05:03:18.752,1.6057,1.60595,0.40,6.40
2008.04.03 05:03:19.002,1.6057,1.60595,0.40,3.60
2008.04.03 05:03:19.252,1.6057,1.60595,0.40,3.60
2008.04.03 05:03:19.504,1.6057,1.60595,0.40,0.80
2008.04.03 05:03:19.754,1.60575,1.60595,2.80,0.80
2008.04.03 05:03:20.049,1.60575,1.60595,2.80,0.80
2008.04.03 05:03:20.363,1.6057,1.606,0.40,2.10
2008.04.03 05:03:20.658,1.6057,1.606,0.40,2.10
2008.04.03 05:03:20.917,1.6057,1.606,0.40,2.10
2008.04.03 05:03:21.177,1.6057,1.606,0.40,2.10
2008.04.03 05:03:21.439,1.6057,1.606,0.40,2.10
2008.04.03 05:03:21.698,1.6057,1.606,0.40,2.10
2008.04.03 05:03:21.969,1.6057,1.606,0.40,2.10
2008.04.03 05:03:22.239,1.6057,1.606,0.40,2.10
2008.04.03 05:03:22.510,1.6057,1.606,0.40,2.10
2008.04.03 05:03:22.782,1.6057,1.606,0.40,2.10
2008.04.03 05:03:23.072,1.60565,1.60595,0.20,3.60
2008.04.03 05:03:23.361,1.60565,1.60595,0.20,3.60
2008.04.03 05:03:23.652,1.60565,1.60595,0.20,3.60
2008.04.03 05:03:23.906,1.6056,1.6059,0.20,0.80
2008.04.03 05:03:24.163,1.6056,1.6059,0.20,0.80
2008.04.03 05:03:24.417,1.6056,1.6059,0.20,0.80
2008.04.03 05:03:24.672,1.6056,1.6059,0.20,0.80
2008.04.03 05:03:24.957,1.6056,1.6059,0.20,0.80
2008.04.03 05:03:25.243,1.6056,1.6059,0.20,0.80
2008.04.03 05:03:25.531,1.6056,1.6059,0.20,0.80
2008.04.03 05:03:25.816,1.6056,1.6059,0.20,0.80
2008.04.03 05:03:26.051,1.6056,1.6059,0.20,0.80
2008.04.03 05:03:26.288,1.6056,1.6059,0.20,0.80
2008.04.03 05:03:26.523,1.60565,1.60595,0.20,3.60
2008.04.03 05:03:26.759,1.60565,1.60595,0.20,3.60
2008.04.03 05:03:27.064,1.60565,1.60595,0.20,3.60
2008.04.03 05:03:27.368,1.60565,1.60595,0.20,3.60
2008.04.03 05:03:27.675,1.60565,1.60595,0.20,3.60
2008.04.03 05:03:27.946,1.6056,1.6059,0.60,0.80
2008.04.03 05:03:28.216,1.6056,1.6059,0.60,0.80
2008.04.03 05:03:28.486,1.6056,1.6059,0.20,0.80
2008.04.03 05:03:28.757,1.6056,1.6059,0.20,0.80
2008.04.03 05:03:29.016,1.6056,1.6059,0.20,0.80
2008.04.03 05:03:29.276,1.6056,1.6059,0.20,0.80
2008.04.03 05:03:29.535,1.6056,1.6059,0.20,0.80
2008.04.03 05:03:29.794,1.6056,1.6059,0.20,0.80
2008.04.03 05:03:30.055,1.6056,1.6059,0.20,0.80
2008.04.03 05:03:30.327,1.6056,1.6059,0.20,0.80
2008.04.03 05:03:30.574,1.6056,1.6059,0.20,0.80
2008.04.03 05:03:30.835,1.6056,1.6059,0.20,0.80
2008.04.03 05:03:31.100,1.6056,1.6059,0.20,0.80
2008.04.03 05:03:31.364,1.6056,1.6059,0.20,0.80
2008.04.03 05:03:31.628,1.6056,1.6059,0.20,0.80
2008.04.03 05:03:31.894,1.6056,1.60595,0.20,3.60
2008.04.03 05:03:32.158,1.60565,1.60595,0.50,3.60
2008.04.03 05:03:32.425,1.60565,1.60595,2.80,3.60
2008.04.03 05:03:32.690,1.60565,1.60595,2.80,3.60
2008.04.03 05:03:32.958,1.60565,1.60595,2.80,3.60
2008.04.03 05:03:33.264,1.60565,1.60595,2.80,3.60
2008.04.03 05:03:33.570,1.60565,1.60595,2.80,3.60
2008.04.03 05:03:33.880,1.60565,1.60595,2.80,3.60
2008.04.03 05:03:34.129,1.60565,1.60595,2.80,3.60
2008.04.03 05:03:34.379,1.60565,1.60595,2.80,3.60
2008.04.03 05:03:34.630,1.60565,1.60595,2.80,3.60
2008.04.03 05:03:34.879,1.60565,1.60595,2.80,3.60
2008.04.03 05:03:35.128,1.60565,1.60595,2.80,3.60
2008.04.03 05:03:35.404,1.60565,1.60595,2.80,3.60
2008.04.03 05:03:35.682,1.60565,1.60595,2.80,3.60
2008.04.03 05:03:35.971,1.60565,1.60595,2.90,2.80
2008.04.03 05:03:36.220,1.60565,1.60595,2.90,2.80
2008.04.03 05:03:36.461,1.60565,1.60595,2.90,2.80
2008.04.03 05:03:36.704,1.60565,1.60595,2.90,2.80
2008.04.03 05:03:36.956,1.60565,1.60595,2.90,2.80
2008.04.03 05:03:37.254,1.60565,1.60595,2.90,2.80
2008.04.03 05:03:37.565,1.60565,1.60595,2.90,2.80
2008.04.03 05:03:37.865,1.60565,1.60595,2.90,2.80
2008.04.03 05:03:38.164,1.60565,1.60595,2.90,2.80
2008.04.03 05:03:38.444,1.60565,1.60595,2.90,2.80
2008.04.03 05:03:38.723,1.60565,1.60595,2.90,2.80
2008.04.03 05:03:39.003,1.60565,1.60595,2.90,2.80
2008.04.03 05:03:39.232,1.60565,1.60595,2.90,2.80
2008.04.03 05:03:39.461,1.60565,1.60595,2.90,2.80
2008.04.03 05:03:39.690,1.60565,1.60595,2.90,2.80
2008.04.03 05:03:39.922,1.6057,1.60595,0.20,2.80
2008.04.03 05:03:40.152,1.6057,1.60595,0.20,2.80
2008.04.03 05:03:40.471,1.6057,1.60595,0.20,2.80
2008.04.03 05:03:40.791,1.6057,1.606,0.20,0.80
2008.04.03 05:03:41.111,1.6057,1.606,0.20,0.80
2008.04.03 05:03:41.351,1.6057,1.606,0.20,0.80
2008.04.03 05:03:41.575,1.6057,1.606,0.20,0.80
2008.04.03 05:03:41.800,1.6057,1.606,0.20,0.80
2008.04.03 05:03:42.025,1.6057,1.606,0.20,0.80
2008.04.03 05:03:42.304,1.6057,1.606,0.20,0.80
2008.04.03 05:03:42.583,1.6057,1.606,0.20,0.80
2008.04.03 05:03:42.863,1.6057,1.606,0.20,0.80
2008.04.03 05:03:43.145,1.6057,1.606,0.20,0.80
2008.04.03 05:03:43.434,1.6057,1.606,0.20,0.80
2008.04.03 05:03:43.723,1.6057,1.606,0.20,0.80
2008.04.03 05:03:44.029,1.6057,1.606,0.20,0.80
2008.04.03 05:03:44.333,1.6057,1.606,0.20,0.80
2008.04.03 05:03:44.590,1.6057,1.606,0.20,0.80
2008.04.03 05:03:44.819,1.6057,1.606,0.20,0.80
2008.04.03 05:03:45.065,1.6057,1.606,0.20,0.80
2008.04.03 05:03:45.329,1.6057,1.606,0.20,0.80
2008.04.03 05:03:45.593,1.6057,1.606,0.20,0.80
2008.04.03 05:03:45.857,1.6057,1.606,0.20,0.80
2008.04.03 05:03:46.121,1.6057,1.606,0.20,0.80
2008.04.03 05:03:46.380,1.6057,1.606,0.20,0.80
2008.04.03 05:03:46.640,1.6057,1.606,0.20,0.80
2008.04.03 05:03:46.913,1.6057,1.606,0.20,0.80
2008.04.03 05:03:47.173,1.6057,1.606,0.20,0.80
2008.04.03 05:03:47.441,1.6057,1.606,0.20,0.80
2008.04.03 05:03:47.710,1.6057,1.606,0.20,0.80
2008.04.03 05:03:47.993,1.6057,1.606,0.20,0.80
2008.04.03 05:03:48.262,1.6057,1.60605,0.20,12.00
2008.04.03 05:03:48.561,1.6057,1.60605,0.20,12.00
2008.04.03 05:03:48.861,1.6058,1.60605,0.40,12.00
2008.04.03 05:03:49.160,1.6058,1.60605,0.40,12.00
2008.04.03 05:03:49.411,1.6058,1.60605,0.40,12.00
2008.04.03 05:03:49.660,1.6058,1.60605,0.40,12.00
2008.04.03 05:03:49.912,1.6058,1.60605,0.40,12.00
2008.04.03 05:03:50.162,1.6058,1.60605,0.40,12.00
2008.04.03 05:03:50.448,1.6058,1.60605,0.40,12.00
2008.04.03 05:03:50.732,1.6058,1.60605,0.40,12.00
2008.04.03 05:03:51.015,1.6058,1.60605,0.40,12.00
2008.04.03 05:03:51.299,1.6058,1.60605,0.40,12.00
2008.04.03 05:03:51.585,1.6058,1.60605,0.40,12.00
2008.04.03 05:03:51.869,1.6058,1.60605,0.40,12.00
2008.04.03 05:03:52.153,1.6058,1.60605,0.40,12.00
2008.04.03 05:03:52.438,1.6058,1.60605,0.40,12.00
2008.04.03 05:03:52.668,1.6058,1.60605,0.40,12.00
2008.04.03 05:03:52.897,1.6058,1.60605,0.40,12.00
2008.04.03 05:03:53.125,1.6058,1.60605,0.40,12.00
2008.04.03 05:03:53.356,1.60565,1.606,4.50,0.80
2008.04.03 05:03:53.692,1.60565,1.60595,4.50,2.80
2008.04.03 05:03:54.039,1.60565,1.60595,4.50,2.80
2008.04.03 05:03:54.387,1.60565,1.60595,4.50,2.80
2008.04.03 05:03:54.642,1.60565,1.60595,4.50,2.80
2008.04.03 05:03:54.885,1.60565,1.606,4.50,0.80
2008.04.03 05:03:55.126,1.60565,1.606,4.50,0.80
2008.04.03 05:03:55.365,1.60565,1.60595,4.50,2.80
2008.04.03 05:03:55.682,1.60565,1.60595,4.50,2.80
2008.04.03 05:03:55.996,1.60565,1.60595,4.50,2.80
2008.04.03 05:03:56.311,1.60565,1.60595,4.50,2.80
2008.04.03 05:03:56.535,1.60565,1.60595,4.50,2.80
2008.04.03 05:03:56.761,1.60565,1.60595,4.50,2.80
2008.04.03 05:03:56.985,1.60565,1.60595,4.50,2.80
2008.04.03 05:03:57.210,1.60565,1.60595,4.50,2.80
2008.04.03 05:03:57.438,1.60565,1.60595,4.50,3.60
2008.04.03 05:03:57.760,1.60565,1.60595,2.90,2.80
2008.04.03 05:03:58.072,1.60565,1.60595,3.70,2.80
2008.04.03 05:03:58.381,1.60565,1.60595,3.70,2.80
2008.04.03 05:03:58.672,1.6057,1.60595,0.20,2.80
2008.04.03 05:03:58.962,1.6057,1.606,0.20,0.80
2008.04.03 05:03:59.254,1.6057,1.606,0.20,0.80
2008.04.03 05:03:59.510,1.6057,1.606,0.20,0.80
2008.04.03 05:03:59.765,1.6057,1.606,0.20,0.80
2008.04.03 05:04:00.021,1.6057,1.606,0.20,0.80
2008.04.03 05:04:00.274,1.6057,1.606,0.20,0.80
2008.04.03 05:04:00.553,1.6057,1.606,0.20,0.80
2008.04.03 05:04:00.831,1.6057,1.606,0.20,0.80
2008.04.03 05:04:01.106,1.6057,1.606,0.20,0.80
2008.04.03 05:04:01.382,1.6057,1.606,0.20,0.80
2008.04.03 05:04:01.657,1.6057,1.606,0.20,0.80
2008.04.03 05:04:01.935,1.6057,1.606,0.20,0.80
2008.04.03 05:04:02.223,1.6057,1.606,0.20,0.80
2008.04.03 05:04:02.497,1.6057,1.606,0.20,0.80
2008.04.03 05:04:02.765,1.6057,1.606,0.20,0.80
2008.04.03 05:04:03.034,1.6057,1.606,0.20,0.80
2008.04.03 05:04:03.301,1.6057,1.606,0.20,0.80
2008.04.03 05:04:03.585,1.6057,1.606,0.20,0.80
2008.04.03 05:04:03.868,1.6057,1.606,0.20,0.80
2008.04.03 05:04:04.154,1.6057,1.606,0.20,0.80
2008.04.03 05:04:04.439,1.6057,1.606,0.20,0.80
2008.04.03 05:04:04.707,1.6057,1.606,0.20,0.80
2008.04.03 05:04:04.978,1.6057,1.606,0.20,0.80
2008.04.03 05:04:05.244,1.6057,1.606,0.20,0.80
2008.04.03 05:04:05.510,1.6057,1.606,0.20,0.80
2008.04.03 05:04:05.773,1.6057,1.606,0.20,0.80
2008.04.03 05:04:06.052,1.6057,1.606,0.20,0.80
2008.04.03 05:04:06.321,1.6057,1.606,0.20,0.80
2008.04.03 05:04:06.570,1.6057,1.606,0.20,0.80
2008.04.03 05:04:06.819,1.6057,1.606,0.20,0.80
2008.04.03 05:04:07.068,1.6057,1.606,0.20,0.80
2008.04.03 05:04:07.317,1.6057,1.606,0.20,0.80
2008.04.03 05:04:07.566,1.6057,1.606,0.20,0.80
2008.04.03 05:04:07.871,1.6057,1.606,0.20,0.80
2008.04.03 05:04:08.175,1.6057,1.606,0.20,0.80
2008.04.03 05:04:08.494,1.6057,1.606,0.20,0.80
2008.04.03 05:04:08.750,1.6057,1.60605,0.20,12.00
2008.04.03 05:04:09.020,1.6057,1.60605,0.20,12.00
2008.04.03 05:04:09.290,1.6057,1.60605,0.20,12.00
2008.04.03 05:04:09.560,1.6057,1.60605,0.60,12.00
2008.04.03 05:04:09.790,1.6057,1.60605,0.60,12.00
2008.04.03 05:04:10.020,1.6057,1.60605,0.60,12.00
2008.04.03 05:04:10.250,1.6057,1.60605,0.60,12.00
2008.04.03 05:04:10.479,1.6057,1.60605,0.60,12.00
2008.04.03 05:04:10.813,1.6057,1.60605,0.60,12.00
2008.04.03 05:04:11.149,1.6057,1.60605,0.60,12.00
2008.04.03 05:04:11.487,1.6057,1.60605,0.60,12.00
2008.04.03 05:04:11.696,1.6057,1.60605,0.60,12.00
2008.04.03 05:04:11.906,1.6057,1.60605,0.60,12.00
2008.04.03 05:04:12.115,1.6057,1.60605,0.60,12.00
2008.04.03 05:04:12.325,1.6057,1.606,0.60,0.80
2008.04.03 05:04:12.536,1.6057,1.606,0.60,0.80
2008.04.03 05:04:12.866,1.60575,1.606,0.50,0.80
2008.04.03 05:04:13.196,1.60575,1.60595,2.80,2.80
2008.04.03 05:04:13.527,1.60565,1.60595,2.90,2.80
2008.04.03 05:04:13.753,1.60565,1.60595,2.90,2.80
2008.04.03 05:04:13.978,1.60565,1.60595,2.90,2.80
2008.04.03 05:04:14.202,1.60565,1.60595,2.90,2.80
2008.04.03 05:04:14.426,1.60565,1.60595,2.90,2.80
2008.04.03 05:04:14.651,1.60565,1.60595,2.90,2.80
2008.04.03 05:04:14.985,1.60565,1.60595,2.90,2.80
2008.04.03 05:04:15.319,1.60565,1.60595,2.90,2.80
2008.04.03 05:04:15.654,1.60565,1.60595,2.90,2.80
2008.04.03 05:04:15.859,1.60565,1.60595,2.90,2.80
2008.04.03 05:04:16.063,1.60565,1.60595,2.90,2.80
2008.04.03 05:04:16.275,1.60565,1.60595,2.90,2.80
2008.04.03 05:04:16.501,1.6057,1.60595,0.20,2.80
2008.04.03 05:04:16.705,1.6057,1.606,0.20,0.80
2008.04.03 05:04:17.026,1.6057,1.606,0.20,0.80
2008.04.03 05:04:17.347,1.6057,1.606,0.20,0.80
2008.04.03 05:04:17.667,1.6057,1.606,0.20,0.80
2008.04.03 05:04:17.947,1.6057,1.606,0.20,0.80
2008.04.03 05:04:18.229,1.60565,1.606,4.50,0.80
2008.04.03 05:04:18.510,1.60565,1.60595,2.90,2.80
2008.04.03 05:04:18.791,1.60565,1.60595,3.70,2.80
2008.04.03 05:04:19.047,1.60565,1.60595,3.70,2.80
2008.04.03 05:04:19.303,1.60565,1.60595,3.70,2.80
2008.04.03 05:04:19.558,1.60565,1.60595,3.70,2.80
2008.04.03 05:04:19.812,1.60565,1.60595,3.70,2.80
2008.04.03 05:04:20.096,1.60565,1.60595,3.70,2.80
2008.04.03 05:04:20.382,1.60565,1.60595,3.70,2.80
2008.04.03 05:04:20.671,1.60565,1.60595,3.70,2.80
2008.04.03 05:04:20.953,1.60565,1.60595,3.70,2.80
2008.04.03 05:04:21.213,1.60565,1.60595,3.70,2.80
2008.04.03 05:04:21.473,1.60565,1.60595,3.70,2.80
2008.04.03 05:04:21.738,1.60565,1.60595,3.70,2.80
2008.04.03 05:04:21.982,1.60565,1.60595,3.70,2.80
2008.04.03 05:04:22.226,1.60565,1.60595,3.70,2.80
2008.04.03 05:04:22.472,1.60565,1.60595,2.90,9.20
2008.04.03 05:04:22.718,1.60565,1.60595,2.90,9.20
2008.04.03 05:04:23.042,1.60565,1.60595,2.90,9.20
2008.04.03 05:04:23.366,1.60565,1.60595,2.90,9.20
2008.04.03 05:04:23.692,1.60565,1.60595,2.90,9.20
2008.04.03 05:04:23.913,1.60565,1.60595,2.90,9.20
2008.04.03 05:04:24.131,1.60565,1.60595,2.90,9.20
2008.04.03 05:04:24.351,1.60565,1.60595,2.90,9.20
2008.04.03 05:04:24.571,1.60565,1.60595,2.90,9.20
2008.04.03 05:04:24.791,1.60565,1.60595,2.90,9.20
2008.04.03 05:04:25.086,1.60565,1.60595,2.90,9.20
2008.04.03 05:04:25.380,1.60565,1.60595,2.90,9.20
2008.04.03 05:04:25.676,1.60565,1.60595,2.90,9.20
2008.04.03 05:04:25.973,1.60565,1.60595,2.90,9.20
2008.04.03 05:04:26.248,1.60565,1.60595,2.90,9.20
2008.04.03 05:04:26.528,1.60565,1.60595,0.20,12.80
2008.04.03 05:04:26.806,1.6056,1.60585,0.60,5.60
2008.04.03 05:04:27.042,1.6056,1.60585,0.60,5.60
2008.04.03 05:04:27.295,1.60565,1.6059,2.90,0.80
2008.04.03 05:04:27.535,1.60565,1.60595,2.90,9.20
2008.04.03 05:04:27.776,1.60565,1.60595,2.90,9.20
2008.04.03 05:04:28.090,1.60565,1.60595,2.90,9.20
2008.04.03 05:04:28.405,1.60565,1.60595,2.90,9.20
2008.04.03 05:04:28.719,1.60565,1.60595,2.90,9.20
2008.04.03 05:04:29.034,1.60565,1.60595,2.90,9.20
2008.04.03 05:04:29.288,1.60565,1.60595,2.90,9.20
2008.04.03 05:04:29.542,1.60565,1.60595,2.90,9.20
2008.04.03 05:04:29.797,1.60565,1.60595,2.90,9.20
2008.04.03 05:04:30.052,1.60565,1.60595,2.90,9.20
2008.04.03 05:04:30.291,1.60565,1.60595,2.90,9.20
2008.04.03 05:04:30.530,1.60565,1.60595,2.90,9.20
2008.04.03 05:04:30.772,1.6056,1.60585,0.60,5.60
2008.04.03 05:04:31.012,1.6056,1.60585,0.60,5.60
2008.04.03 05:04:31.313,1.60565,1.60585,2.80,5.60
2008.04.03 05:04:31.613,1.60565,1.60595,2.80,10.10
2008.04.03 05:04:31.912,1.60565,1.60595,2.80,9.30
2008.04.03 05:04:32.166,1.60565,1.60595,2.80,9.30
2008.04.03 05:04:32.421,1.60565,1.60595,2.80,9.30
2008.04.03 05:04:32.675,1.60565,1.60595,2.80,9.30
2008.04.03 05:04:32.930,1.60565,1.60595,2.80,9.30
2008.04.03 05:04:33.235,1.60565,1.60595,2.80,9.30
2008.04.03 05:04:33.549,1.60565,1.60595,2.80,9.30
2008.04.03 05:04:33.854,1.60565,1.60595,2.80,9.30
2008.04.03 05:04:34.098,1.60565,1.60595,2.80,9.30
2008.04.03 05:04:34.344,1.60565,1.60595,2.80,11.70
2008.04.03 05:04:34.589,1.60565,1.6059,2.80,0.80
2008.04.03 05:04:34.838,1.60565,1.60585,0.50,5.70
2008.04.03 05:04:35.084,1.6056,1.60585,0.40,9.30
2008.04.03 05:04:35.386,1.60555,1.6058,2.80,0.30
2008.04.03 05:04:35.687,1.60555,1.6058,2.80,0.30
2008.04.03 05:04:35.987,1.60555,1.6058,2.80,0.30
2008.04.03 05:04:36.241,1.60555,1.6058,2.80,0.30
2008.04.03 05:04:36.496,1.60555,1.6058,2.80,0.30
2008.04.03 05:04:36.752,1.60555,1.6058,2.80,0.30
2008.04.03 05:04:37.006,1.60555,1.6058,2.80,0.30
2008.04.03 05:04:37.286,1.60555,1.6058,2.80,0.30
2008.04.03 05:04:37.566,1.60555,1.6058,2.80,0.30
2008.04.03 05:04:37.847,1.60555,1.6058,2.80,0.30
2008.04.03 05:04:38.127,1.60555,1.6058,2.80,0.30
2008.04.03 05:04:38.405,1.60555,1.6058,2.80,0.30
2008.04.03 05:04:38.684,1.60555,1.6058,2.80,0.30
2008.04.03 05:04:38.965,1.60555,1.6058,2.80,0.30
2008.04.03 05:04:39.210,1.60555,1.6058,2.80,0.30
2008.04.03 05:04:39.454,1.60555,1.6058,2.80,0.30
2008.04.03 05:04:39.699,1.60555,1.6058,2.80,0.30
2008.04.03 05:04:39.948,1.60555,1.6058,2.80,0.30
2008.04.03 05:04:40.228,1.60555,1.6058,2.80,0.30
2008.04.03 05:04:40.508,1.60555,1.6058,2.80,0.30
2008.04.03 05:04:40.788,1.60555,1.6058,2.80,0.30
2008.04.03 05:04:41.066,1.60555,1.6058,2.80,0.30
2008.04.03 05:04:41.341,1.60555,1.6058,2.80,0.30
2008.04.03 05:04:41.618,1.60555,1.6058,2.80,0.30
2008.04.03 05:04:41.882,1.60555,1.6058,2.80,0.30
2008.04.03 05:04:42.147,1.60555,1.6058,2.90,0.30
2008.04.03 05:04:42.419,1.6056,1.60585,0.20,8.40
2008.04.03 05:04:42.680,1.6056,1.60585,0.20,2.80
2008.04.03 05:04:42.940,1.6056,1.60595,0.20,6.30
2008.04.03 05:04:43.200,1.6056,1.60595,0.20,6.00
2008.04.03 05:04:43.521,1.6056,1.60595,0.20,6.00
2008.04.03 05:04:43.847,1.6056,1.60595,0.20,6.00
2008.04.03 05:04:44.161,1.6056,1.60595,0.20,6.00
2008.04.03 05:04:44.404,1.6056,1.60595,0.20,6.00
2008.04.03 05:04:44.648,1.6056,1.60595,0.20,6.00
2008.04.03 05:04:44.879,1.60565,1.60595,0.90,3.60
2008.04.03 05:04:45.110,1.60565,1.60595,1.70,3.60
2008.04.03 05:04:45.438,1.60565,1.60595,1.70,3.60
2008.04.03 05:04:45.757,1.60565,1.60595,1.70,3.60
2008.04.03 05:04:46.076,1.60565,1.60595,1.70,3.60
2008.04.03 05:04:46.306,1.60565,1.60595,0.90,4.00
2008.04.03 05:04:46.537,1.6056,1.6059,0.20,0.80
2008.04.03 05:04:46.767,1.6056,1.6059,0.20,0.80
2008.04.03 05:04:46.996,1.6056,1.6059,0.20,0.80
2008.04.03 05:04:47.226,1.6056,1.6059,0.20,0.80
2008.04.03 05:04:47.538,1.6056,1.6059,0.20,0.80
2008.04.03 05:04:47.846,1.6056,1.6059,0.20,0.80
2008.04.03 05:04:48.156,1.6056,1.6059,0.20,0.80
2008.04.03 05:04:48.451,1.6056,1.6059,0.20,0.80
2008.04.03 05:04:48.736,1.6056,1.60595,0.20,6.40
2008.04.03 05:04:49.022,1.60565,1.60595,0.80,6.40
2008.04.03 05:04:49.307,1.60565,1.60595,0.80,6.40
2008.04.03 05:04:49.556,1.60565,1.60595,0.80,6.40
2008.04.03 05:04:49.806,1.60565,1.60595,0.80,6.40
2008.04.03 05:04:50.055,1.60565,1.60595,0.80,6.40
2008.04.03 05:04:50.304,1.60565,1.60595,0.80,6.40
2008.04.03 05:04:50.603,1.60565,1.60595,0.80,6.40
2008.04.03 05:04:50.903,1.60565,1.60595,0.80,6.40
2008.04.03 05:04:51.202,1.60565,1.60595,0.80,6.40
2008.04.03 05:04:51.467,1.60565,1.60595,0.80,6.40
2008.04.03 05:04:51.733,1.60565,1.60595,0.80,6.40
2008.04.03 05:04:51.997,1.60565,1.60595,0.80,6.40
2008.04.03 05:04:52.262,1.60565,1.60595,0.80,6.40
2008.04.03 05:04:52.502,1.60565,1.60595,0.80,6.40
2008.04.03 05:04:52.742,1.60565,1.60595,0.80,6.40
2008.04.03 05:04:52.983,1.60565,1.60595,0.80,6.40
2008.04.03 05:04:53.224,1.60565,1.60595,0.90,6.40
2008.04.03 05:04:53.559,1.60565,1.60595,0.90,6.40
2008.04.03 05:04:53.894,1.60565,1.60595,0.90,6.40
2008.04.03 05:04:54.229,1.60565,1.60595,0.90,6.40
2008.04.03 05:04:54.451,1.60565,1.60595,0.90,6.40
2008.04.03 05:04:54.680,1.60565,1.60595,0.90,5.60
2008.04.03 05:04:54.912,1.60565,1.60595,0.90,5.60
2008.04.03 05:04:55.134,1.60565,1.60595,0.90,6.40
2008.04.03 05:04:55.354,1.60565,1.60595,0.90,6.40
2008.04.03 05:04:55.679,1.60565,1.60595,0.90,6.40
2008.04.03 05:04:56.003,1.60565,1.60595,0.90,6.40
2008.04.03 05:04:56.330,1.60565,1.60595,0.90,6.40
2008.04.03 05:04:56.559,1.60565,1.60595,0.90,6.40
2008.04.03 05:04:56.796,1.60565,1.60595,0.90,5.60
2008.04.03 05:04:57.021,1.60565,1.60595,0.90,5.60
2008.04.03 05:04:57.246,1.60565,1.60595,0.90,6.40
2008.04.03 05:04:57.474,1.60565,1.60595,0.20,6.40
2008.04.03 05:04:57.803,1.60565,1.60595,0.20,6.40
2008.04.03 05:04:58.134,1.60565,1.60595,0.20,6.40
2008.04.03 05:04:58.464,1.60565,1.60595,0.20,6.40
2008.04.03 05:04:58.702,1.60565,1.60595,0.20,6.40
2008.04.03 05:04:58.958,1.60565,1.60595,0.20,6.40
2008.04.03 05:04:59.213,1.60565,1.60595,0.20,6.40
2008.04.03 05:04:59.453,1.60565,1.60595,0.20,6.40
2008.04.03 05:04:59.727,1.60565,1.60595,0.20,6.40
2008.04.03 05:05:00.004,1.60565,1.60595,0.20,6.40
2008.04.03 05:05:00.278,1.60565,1.60595,0.20,6.40
2008.04.03 05:05:00.552,1.60565,1.60595,0.20,6.40
2008.04.03 05:05:00.806,1.60565,1.60595,0.20,6.40
2008.04.03 05:05:01.060,1.60565,1.60595,0.20,6.40
2008.04.03 05:05:01.315,1.60565,1.60595,0.20,6.40
2008.04.03 05:05:01.569,1.60565,1.60595,0.20,6.40
2008.04.03 05:05:01.852,1.60565,1.60595,0.20,6.40
2008.04.03 05:05:02.134,1.60565,1.60595,0.20,6.40
2008.04.03 05:05:02.404,1.60565,1.60595,0.20,6.40
2008.04.03 05:05:02.686,1.6056,1.60595,0.60,6.40
2008.04.03 05:05:02.988,1.6056,1.60595,0.60,6.40
2008.04.03 05:05:03.278,1.6056,1.60595,0.60,6.40
2008.04.03 05:05:03.568,1.6056,1.60595,0.60,6.40
2008.04.03 05:05:03.807,1.6056,1.60595,0.60,6.40
2008.04.03 05:05:04.047,1.6056,1.60595,0.60,6.40
2008.04.03 05:05:04.287,1.6056,1.60595,0.60,6.40
2008.04.03 05:05:04.526,1.6056,1.60595,0.60,6.40
2008.04.03 05:05:04.828,1.6056,1.60595,0.60,6.40
2008.04.03 05:05:05.127,1.6056,1.60595,0.60,6.40
2008.04.03 05:05:05.426,1.6056,1.60595,0.60,6.40
2008.04.03 05:05:05.727,1.60565,1.60595,0.20,6.40
2008.04.03 05:05:05.946,1.60565,1.60595,0.20,6.40
2008.04.03 05:05:06.165,1.60565,1.60595,0.20,6.40
2008.04.03 05:05:06.396,1.60565,1.60595,0.20,6.40
2008.04.03 05:05:06.615,1.60565,1.60595,0.20,6.40
2008.04.03 05:05:06.935,1.60565,1.60595,0.20,6.40
2008.04.03 05:05:07.255,1.60565,1.60595,0.20,6.40
2008.04.03 05:05:07.575,1.60565,1.60595,0.20,6.40
2008.04.03 05:05:07.820,1.60565,1.60595,0.20,6.40
2008.04.03 05:05:08.063,1.60565,1.60595,0.20,6.40
2008.04.03 05:05:08.307,1.60565,1.60595,0.20,6.40
2008.04.03 05:05:08.552,1.60565,1.60595,0.20,6.40
2008.04.03 05:05:08.797,1.60565,1.60595,0.20,6.40
2008.04.03 05:05:09.072,1.60565,1.60595,0.20,6.40
2008.04.03 05:05:09.348,1.60565,1.60595,0.20,6.40
2008.04.03 05:05:09.622,1.60565,1.60595,0.20,6.40
2008.04.03 05:05:09.890,1.60565,1.60595,0.20,6.40
2008.04.03 05:05:10.156,1.60565,1.60595,0.20,6.40
2008.04.03 05:05:10.401,1.60565,1.60595,0.20,6.40
2008.04.03 05:05:10.655,1.60565,1.60595,0.20,6.40
2008.04.03 05:05:10.924,1.60565,1.60595,0.20,6.40
2008.04.03 05:05:11.193,1.60565,1.60595,0.20,6.40
2008.04.03 05:05:11.463,1.60565,1.60595,0.20,6.40
2008.04.03 05:05:11.732,1.60565,1.60595,0.20,6.40
2008.04.03 05:05:11.991,1.60565,1.60595,0.20,6.40
2008.04.03 05:05:12.254,1.60565,1.60595,0.20,6.30
2008.04.03 05:05:12.513,1.60565,1.60595,0.20,6.30
2008.04.03 05:05:12.774,1.60565,1.60595,0.20,6.30
2008.04.03 05:05:13.069,1.60565,1.60595,0.20,6.30
2008.04.03 05:05:13.368,1.60565,1.60595,0.20,6.30
2008.04.03 05:05:13.663,1.60565,1.60595,0.20,6.30
2008.04.03 05:05:13.959,1.60565,1.60595,0.20,6.30
2008.04.03 05:05:14.206,1.60565,1.60595,0.20,6.30
2008.04.03 05:05:14.440,1.60565,1.60595,0.20,6.30
2008.04.03 05:05:14.675,1.60565,1.60595,0.20,6.30
2008.04.03 05:05:14.911,1.60565,1.60595,0.20,6.40
2008.04.03 05:05:15.204,1.60565,1.60595,0.20,6.40
2008.04.03 05:05:15.498,1.60565,1.60595,0.20,6.40
2008.04.03 05:05:15.793,1.60565,1.60595,0.20,6.40
2008.04.03 05:05:16.030,1.60565,1.60595,0.20,6.40
2008.04.03 05:05:16.264,1.60565,1.60595,0.20,6.40
2008.04.03 05:05:16.497,1.60565,1.60595,0.20,6.40
2008.04.03 05:05:16.745,1.60565,1.60595,0.20,6.40
2008.04.03 05:05:17.031,1.60565,1.60595,0.20,6.40
2008.04.03 05:05:17.315,1.60565,1.60595,0.20,6.40
2008.04.03 05:05:17.599,1.60565,1.60595,0.20,6.40
2008.04.03 05:05:17.886,1.6056,1.60595,0.60,6.50
2008.04.03 05:05:18.175,1.6056,1.60595,0.60,6.50
2008.04.03 05:05:18.464,1.6056,1.60595,0.60,6.50
2008.04.03 05:05:18.755,1.6056,1.60595,0.60,6.50
2008.04.03 05:05:19.011,1.6056,1.60595,0.60,6.50
2008.04.03 05:05:19.266,1.6056,1.60595,0.60,6.50
2008.04.03 05:05:19.522,1.6056,1.60595,0.60,6.50
2008.04.03 05:05:19.778,1.6056,1.60595,0.60,6.50
2008.04.03 05:05:20.037,1.6056,1.60595,0.60,6.50
2008.04.03 05:05:20.309,1.6056,1.60595,0.60,6.50
2008.04.03 05:05:20.565,1.6056,1.60595,0.60,6.50
2008.04.03 05:05:20.838,1.6056,1.60595,0.60,6.50
2008.04.03 05:05:21.129,1.6056,1.60595,0.60,6.50
2008.04.03 05:05:21.407,1.6056,1.60595,0.60,6.50
2008.04.03 05:05:21.689,1.6056,1.60595,0.60,6.50
2008.04.03 05:05:21.968,1.6056,1.60595,0.60,6.50
2008.04.03 05:05:22.216,1.6056,1.60595,0.60,6.50
2008.04.03 05:05:22.466,1.6056,1.60595,0.60,6.50
2008.04.03 05:05:22.715,1.6056,1.60595,0.60,6.50
2008.04.03 05:05:22.965,1.6056,1.60595,0.60,6.50
2008.04.03 05:05:23.256,1.6056,1.60595,0.60,6.50
2008.04.03 05:05:23.546,1.6056,1.60595,0.60,6.50
2008.04.03 05:05:23.836,1.6056,1.60595,0.60,6.50
2008.04.03 05:05:24.095,1.6056,1.60595,0.60,6.50
2008.04.03 05:05:24.353,1.6056,1.60595,0.60,6.50
2008.04.03 05:05:24.612,1.6056,1.60595,0.60,6.50
2008.04.03 05:05:24.871,1.6056,1.60595,0.60,6.50
2008.04.03 05:05:25.152,1.6056,1.60595,0.60,6.50
2008.04.03 05:05:25.431,1.6056,1.60595,0.60,6.50
2008.04.03 05:05:25.710,1.6056,1.60595,0.60,6.50
2008.04.03 05:05:25.990,1.6056,1.60595,0.60,6.50
2008.04.03 05:05:26.239,1.6056,1.60595,0.60,6.50
2008.04.03 05:05:26.488,1.6056,1.60595,0.60,6.50
2008.04.03 05:05:26.744,1.6056,1.60595,0.60,6.50
2008.04.03 05:05:26.996,1.6056,1.60595,0.60,6.50
2008.04.03 05:05:27.270,1.6056,1.60595,0.60,6.50
2008.04.03 05:05:27.546,1.6056,1.60595,0.60,6.50
2008.04.03 05:05:27.823,1.6056,1.60595,0.60,6.50
2008.04.03 05:05:28.106,1.6056,1.60595,0.60,6.50
2008.04.03 05:05:28.392,1.6056,1.60595,0.60,6.50
2008.04.03 05:05:28.689,1.6056,1.60595,0.60,6.50
2008.04.03 05:05:28.974,1.6056,1.60595,0.60,6.50
2008.04.03 05:05:29.218,1.6056,1.60595,0.60,6.50
2008.04.03 05:05:29.469,1.6056,1.60595,0.60,6.50
2008.04.03 05:05:29.714,1.6056,1.60595,0.60,6.50
2008.04.03 05:05:29.969,1.6056,1.60595,0.60,6.50
2008.04.03 05:05:30.264,1.6057,1.60595,0.40,6.50
2008.04.03 05:05:30.559,1.6057,1.60595,0.40,6.50
2008.04.03 05:05:30.855,1.60565,1.60595,0.20,5.70
2008.04.03 05:05:31.154,1.6056,1.60595,0.60,6.40
2008.04.03 05:05:31.399,1.6056,1.60595,0.60,6.40
2008.04.03 05:05:31.645,1.6056,1.60595,0.60,6.40
2008.04.03 05:05:31.890,1.6056,1.60595,0.60,6.40
2008.04.03 05:05:32.180,1.6056,1.60595,0.60,6.40
2008.04.03 05:05:32.469,1.6056,1.60595,0.60,6.40
2008.04.03 05:05:32.760,1.6056,1.60595,0.60,6.40
2008.04.03 05:05:33.050,1.6056,1.60595,0.60,6.40
2008.04.03 05:05:33.341,1.6056,1.60595,0.60,6.40
2008.04.03 05:05:33.632,1.6056,1.60595,0.60,6.40
2008.04.03 05:05:33.923,1.6056,1.60595,0.60,6.40
2008.04.03 05:05:34.153,1.6056,1.60595,0.60,6.40
2008.04.03 05:05:34.388,1.6056,1.60595,0.60,6.40
2008.04.03 05:05:34.630,1.6056,1.60595,0.60,6.40
2008.04.03 05:05:34.847,1.6056,1.60595,0.60,6.40
2008.04.03 05:05:35.076,1.6056,1.60595,0.60,6.40
2008.04.03 05:05:35.397,1.6057,1.60595,0.40,6.40
2008.04.03 05:05:35.731,1.6057,1.60595,0.40,6.40
2008.04.03 05:05:36.046,1.6057,1.60595,0.40,6.40
2008.04.03 05:05:36.277,1.6057,1.60595,0.40,6.40
2008.04.03 05:05:36.518,1.6057,1.60595,0.40,6.40
2008.04.03 05:05:36.746,1.6057,1.60595,0.40,6.40
2008.04.03 05:05:36.977,1.6057,1.60595,0.40,6.40
2008.04.03 05:05:37.267,1.60565,1.60595,3.20,6.40
2008.04.03 05:05:37.557,1.6056,1.60595,0.60,6.40
2008.04.03 05:05:37.850,1.6056,1.60595,0.60,6.40
2008.04.03 05:05:38.139,1.6056,1.60595,0.60,6.50
2008.04.03 05:05:38.449,1.6056,1.60595,0.60,6.50
2008.04.03 05:05:38.760,1.6056,1.60595,0.60,6.50
2008.04.03 05:05:39.069,1.6056,1.60595,0.60,6.50
2008.04.03 05:05:39.283,1.6056,1.60595,0.60,6.50
2008.04.03 05:05:39.503,1.6056,1.60595,0.60,6.40
2008.04.03 05:05:39.731,1.6056,1.60595,0.60,6.40
2008.04.03 05:05:39.933,1.6056,1.60595,0.60,6.40
2008.04.03 05:05:40.148,1.6056,1.60595,0.60,6.40
2008.04.03 05:05:40.462,1.6056,1.60595,0.60,6.40
2008.04.03 05:05:40.778,1.6056,1.60595,0.60,6.50
2008.04.03 05:05:41.092,1.6056,1.60595,0.60,6.50
2008.04.03 05:05:41.323,1.6056,1.60595,0.60,6.50
2008.04.03 05:05:41.552,1.6056,1.60595,0.60,6.50
2008.04.03 05:05:41.782,1.6056,1.60595,0.60,6.50
2008.04.03 05:05:42.012,1.6056,1.60595,0.60,6.50
2008.04.03 05:05:42.239,1.6056,1.60595,0.60,6.50
2008.04.03 05:05:42.545,1.6056,1.60595,0.60,6.50
2008.04.03 05:05:42.857,1.6056,1.60595,0.60,6.50
2008.04.03 05:05:43.178,1.6056,1.60595,0.60,6.50
2008.04.03 05:05:43.441,1.6056,1.60595,0.60,6.50
2008.04.03 05:05:43.705,1.6056,1.60595,0.60,6.50
2008.04.03 05:05:43.970,1.60565,1.60595,0.20,6.40
2008.04.03 05:05:44.234,1.60565,1.60595,0.20,6.40
2008.04.03 05:05:44.493,1.60565,1.60595,0.20,6.40
2008.04.03 05:05:44.751,1.60565,1.60595,0.20,6.40
2008.04.03 05:05:45.010,1.60565,1.60595,0.20,6.40
2008.04.03 05:05:45.270,1.60565,1.60595,0.20,6.40
2008.04.03 05:05:45.535,1.6056,1.60595,0.60,6.50
2008.04.03 05:05:45.800,1.60565,1.60595,0.20,6.50
2008.04.03 05:05:46.067,1.60565,1.60595,0.20,6.50
2008.04.03 05:05:46.330,1.60565,1.60595,0.20,6.50
2008.04.03 05:05:46.609,1.60565,1.60595,0.20,6.50
2008.04.03 05:05:46.890,1.60565,1.60595,0.20,6.50
2008.04.03 05:05:47.168,1.60565,1.60595,0.20,6.50
2008.04.03 05:05:47.454,1.60565,1.60595,0.20,6.50
2008.04.03 05:05:47.708,1.60565,1.60595,0.20,6.50
2008.04.03 05:05:47.964,1.60565,1.60595,0.20,6.50
2008.04.03 05:05:48.820,1.60565,1.6059,0.20,0.30
2008.04.03 05:05:48.994,1.60565,1.6059,2.50,0.80
2008.04.03 05:05:49.164,1.60565,1.6059,0.20,0.80
2008.04.03 05:05:49.336,1.60565,1.60595,0.20,5.70
2008.04.03 05:05:49.507,1.6056,1.60595,0.20,6.50
2008.04.03 05:05:49.679,1.6056,1.60595,0.20,6.50
2008.04.03 05:05:49.865,1.6056,1.60595,0.20,6.50
2008.04.03 05:05:50.204,1.60565,1.60595,0.50,2.90
2008.04.03 05:05:50.540,1.60565,1.60595,0.50,2.90
2008.04.03 05:05:50.881,1.60565,1.60595,2.90,2.90
2008.04.03 05:05:51.108,1.60565,1.60595,2.90,2.90
2008.04.03 05:05:51.337,1.60565,1.60595,2.90,2.90
2008.04.03 05:05:51.563,1.60565,1.60595,2.90,2.90
2008.04.03 05:05:51.791,1.60565,1.60595,2.90,2.90
2008.04.03 05:05:51.990,1.60565,1.60595,2.90,2.90
2008.04.03 05:05:52.324,1.60565,1.60595,2.90,2.90
2008.04.03 05:05:52.662,1.60565,1.60595,2.90,2.80
2008.04.03 05:05:53.009,1.60565,1.60595,0.50,3.60
2008.04.03 05:05:53.253,1.60565,1.60595,0.20,4.10
2008.04.03 05:05:53.494,1.60565,1.60595,0.20,6.50
2008.04.03 05:05:53.749,1.60565,1.60595,2.90,3.70
2008.04.03 05:05:54.002,1.60565,1.60595,2.90,3.70
2008.04.03 05:05:54.300,1.60565,1.60595,2.90,3.70
2008.04.03 05:05:54.615,1.60565,1.60595,2.90,3.70
2008.04.03 05:05:54.941,1.60565,1.60595,2.90,2.90
2008.04.03 05:05:55.257,1.60565,1.60595,2.90,2.80
2008.04.03 05:05:55.506,1.60565,1.60595,2.90,2.80
2008.04.03 05:05:55.757,1.60565,1.60595,2.90,2.80
2008.04.03 05:05:56.006,1.60565,1.60595,2.90,2.80
2008.04.03 05:05:56.291,1.60565,1.60595,2.90,2.80
2008.04.03 05:05:56.576,1.60565,1.60595,2.90,2.80
2008.04.03 05:05:56.860,1.60565,1.60595,2.90,3.60
2008.04.03 05:05:57.147,1.60565,1.6059,0.20,0.30
2008.04.03 05:05:57.417,1.60565,1.6059,0.20,1.00
2008.04.03 05:05:57.687,1.6056,1.6059,0.60,1.00
2008.04.03 05:05:57.957,1.6056,1.6059,0.60,1.00
2008.04.03 05:05:58.227,1.6056,1.6059,0.60,1.00
2008.04.03 05:05:58.536,1.6056,1.6059,0.60,1.00
2008.04.03 05:05:58.848,1.6056,1.6059,0.60,1.80
2008.04.03 05:05:59.158,1.6056,1.6059,0.20,1.80
2008.04.03 05:05:59.378,1.6056,1.6059,0.20,1.80
2008.04.03 05:05:59.597,1.6056,1.6059,0.20,1.80
2008.04.03 05:05:59.818,1.6056,1.60585,0.20,2.80
2008.04.03 05:06:00.037,1.6056,1.60585,0.20,2.80
2008.04.03 05:06:00.358,1.6056,1.60585,0.20,2.80
2008.04.03 05:06:00.684,1.6056,1.60585,0.20,2.80
2008.04.03 05:06:01.004,1.6056,1.60595,0.20,6.50
2008.04.03 05:06:01.250,1.6056,1.60595,0.60,6.50
2008.04.03 05:06:01.494,1.6056,1.60595,0.60,6.50
2008.04.03 05:06:01.739,1.6056,1.60595,0.60,6.50
2008.04.03 05:06:01.982,1.6056,1.60595,0.60,6.50
2008.04.03 05:06:02.227,1.6056,1.60595,0.60,6.50
2008.04.03 05:06:02.507,1.6056,1.60595,0.60,6.50
2008.04.03 05:06:02.786,1.6056,1.60595,0.60,6.50
2008.04.03 05:06:03.067,1.6056,1.60595,0.20,6.50
2008.04.03 05:06:03.377,1.6056,1.60595,0.20,6.50
2008.04.03 05:06:03.687,1.6056,1.6059,0.20,0.80
2008.04.03 05:06:03.997,1.6056,1.60585,0.20,0.80
2008.04.03 05:06:04.308,1.6056,1.60585,1.30,2.80
2008.04.03 05:06:04.546,1.6056,1.60585,0.20,2.80
2008.04.03 05:06:04.795,1.60555,1.6059,2.90,0.80
2008.04.03 05:06:05.031,1.60555,1.6059,2.90,0.80
2008.04.03 05:06:05.265,1.60555,1.6059,2.90,1.60
2008.04.03 05:06:05.607,1.60555,1.6059,2.90,1.60
2008.04.03 05:06:05.955,1.60555,1.6059,2.90,1.60
2008.04.03 05:06:06.287,1.60555,1.6059,2.90,0.80
2008.04.03 05:06:06.518,1.60555,1.60585,2.90,0.80
2008.04.03 05:06:06.761,1.60555,1.60585,2.90,2.90
2008.04.03 05:06:06.977,1.60555,1.60585,2.90,2.90
2008.04.03 05:06:07.208,1.60555,1.60585,2.90,2.90
2008.04.03 05:06:07.509,1.60555,1.6058,2.90,0.30
2008.04.03 05:06:07.809,1.60555,1.6058,2.90,0.30
2008.04.03 05:06:08.109,1.60555,1.6058,2.90,0.30
2008.04.03 05:06:08.423,1.6056,1.60585,0.20,2.80
2008.04.03 05:06:08.680,1.6056,1.60585,0.20,2.80
2008.04.03 05:06:08.949,1.6056,1.60585,0.20,2.80
2008.04.03 05:06:09.233,1.6056,1.60585,0.20,2.80
2008.04.03 05:06:09.494,1.6056,1.60585,0.20,2.80
2008.04.03 05:06:09.768,1.6056,1.60585,0.20,2.80
2008.04.03 05:06:10.047,1.6056,1.60585,0.20,2.80
2008.04.03 05:06:10.334,1.6056,1.60585,0.20,2.80
2008.04.03 05:06:10.631,1.60565,1.60585,0.20,2.80
2008.04.03 05:06:10.913,1.60565,1.60585,0.20,2.80
2008.04.03 05:06:11.197,1.60565,1.60585,0.20,2.80
2008.04.03 05:06:11.481,1.60565,1.60585,0.20,2.80
2008.04.03 05:06:11.727,1.60565,1.60585,0.20,2.80
2008.04.03 05:06:11.974,1.60565,1.60585,0.20,2.80
2008.04.03 05:06:12.209,1.60565,1.60585,0.20,2.80
2008.04.03 05:06:12.524,1.60565,1.60585,0.20,2.80
2008.04.03 05:06:12.838,1.60565,1.60585,0.20,2.80
2008.04.03 05:06:13.153,1.60565,1.60585,0.20,2.80
2008.04.03 05:06:13.467,1.60565,1.60585,0.20,2.80
2008.04.03 05:06:13.706,1.60565,1.60585,0.20,2.80
2008.04.03 05:06:13.947,1.60565,1.60585,0.20,2.80
2008.04.03 05:06:14.186,1.60565,1.60585,0.20,2.80
2008.04.03 05:06:14.426,1.60565,1.60585,0.20,2.80
2008.04.03 05:06:14.711,1.6056,1.60585,0.20,2.80
2008.04.03 05:06:14.998,1.6056,1.60585,0.20,2.80
2008.04.03 05:06:15.284,1.60565,1.60585,0.20,2.80
2008.04.03 05:06:15.569,1.60565,1.60585,0.20,2.80
2008.04.03 05:06:15.820,1.60565,1.60585,0.20,2.80
2008.04.03 05:06:16.069,1.60565,1.60585,0.20,2.80
2008.04.03 05:06:16.318,1.60565,1.60585,0.20,2.80
2008.04.03 05:06:16.568,1.60565,1.60585,0.20,2.80
2008.04.03 05:06:16.865,1.60565,1.60585,0.20,2.80
2008.04.03 05:06:17.160,1.60565,1.60585,0.20,2.80
2008.04.03 05:06:17.455,1.60565,1.60585,0.20,2.80
2008.04.03 05:06:17.720,1.60565,1.60585,0.20,2.80
2008.04.03 05:06:17.984,1.60565,1.60585,0.20,2.80
2008.04.03 05:06:18.248,1.60565,1.60585,0.20,2.80
2008.04.03 05:06:18.517,1.60565,1.60585,0.20,2.80
2008.04.03 05:06:18.814,1.60565,1.60585,0.20,2.80
2008.04.03 05:06:19.087,1.60565,1.60585,0.20,2.80
2008.04.03 05:06:19.371,1.60565,1.60585,0.20,2.80
2008.04.03 05:06:19.655,1.60565,1.60585,0.20,2.80
2008.04.03 05:06:19.891,1.60565,1.60585,0.20,2.80
2008.04.03 05:06:20.125,1.60565,1.60585,0.20,2.80
2008.04.03 05:06:20.359,1.60565,1.60585,0.20,2.80
2008.04.03 05:06:20.594,1.60565,1.60585,0.20,2.80
2008.04.03 05:06:20.908,1.60565,1.60585,0.20,2.80
2008.04.03 05:06:21.225,1.60565,1.60585,0.20,2.80
2008.04.03 05:06:21.538,1.60565,1.60585,0.20,2.80
2008.04.03 05:06:21.770,1.60565,1.60585,0.20,2.80
2008.04.03 05:06:21.999,1.60565,1.60585,0.20,2.80
2008.04.03 05:06:22.228,1.60565,1.60585,0.20,2.80
2008.04.03 05:06:22.457,1.60565,1.60585,0.20,2.80
2008.04.03 05:06:22.686,1.60565,1.60585,0.20,2.80
2008.04.03 05:06:23.015,1.6056,1.60585,0.60,2.80
2008.04.03 05:06:23.345,1.6056,1.60585,0.60,2.80
2008.04.03 05:06:23.676,1.6056,1.60585,0.60,2.80
2008.04.03 05:06:23.902,1.6056,1.60585,0.60,2.80
2008.04.03 05:06:24.126,1.6056,1.60585,0.60,2.80
2008.04.03 05:06:24.350,1.6056,1.60585,0.60,2.80
2008.04.03 05:06:24.585,1.6056,1.60585,0.60,2.80
2008.04.03 05:06:24.889,1.6056,1.60585,0.60,2.80
2008.04.03 05:06:25.195,1.6056,1.60585,0.60,2.80
2008.04.03 05:06:25.489,1.6056,1.60585,0.60,2.80
2008.04.03 05:06:25.785,1.6056,1.60585,0.60,2.80
2008.04.03 05:06:26.053,1.6056,1.60585,0.60,2.80
2008.04.03 05:06:26.324,1.6056,1.60585,0.60,2.80
2008.04.03 05:06:26.592,1.6056,1.60585,0.60,2.80
2008.04.03 05:06:26.870,1.6056,1.60585,0.60,2.80
2008.04.03 05:06:27.095,1.6056,1.60585,0.60,2.80
2008.04.03 05:06:27.341,1.6056,1.60585,0.60,2.80
2008.04.03 05:06:27.586,1.6056,1.60585,0.60,2.80
2008.04.03 05:06:27.901,1.6056,1.60595,0.60,12.80
2008.04.03 05:06:28.205,1.6056,1.60595,0.60,12.80
2008.04.03 05:06:28.520,1.6056,1.60595,0.60,12.80
2008.04.03 05:06:28.835,1.6056,1.60585,0.60,2.80
2008.04.03 05:06:29.115,1.6056,1.60585,0.60,2.80
2008.04.03 05:06:29.392,1.6056,1.60585,0.60,2.80
2008.04.03 05:06:29.668,1.6056,1.60585,0.60,2.80
2008.04.03 05:06:29.911,1.6056,1.60585,0.60,2.80
2008.04.03 05:06:30.145,1.6056,1.60585,0.60,2.80
2008.04.03 05:06:30.364,1.6056,1.60585,0.60,2.80
2008.04.03 05:06:30.586,1.6056,1.60585,0.60,2.80
2008.04.03 05:06:30.805,1.6056,1.60585,0.60,2.80
2008.04.03 05:06:31.125,1.6056,1.60585,0.60,2.80
2008.04.03 05:06:31.443,1.6056,1.60585,0.60,2.80
2008.04.03 05:06:31.763,1.6056,1.60585,0.60,2.80
2008.04.03 05:06:31.979,1.6056,1.60585,0.60,2.80
2008.04.03 05:06:32.194,1.6056,1.60585,0.60,2.80
2008.04.03 05:06:32.415,1.6056,1.60585,0.60,2.80
2008.04.03 05:06:32.641,1.6056,1.60585,0.60,2.80
2008.04.03 05:06:32.854,1.6056,1.60585,0.60,2.80
2008.04.03 05:06:33.194,1.6056,1.60585,0.60,2.80
2008.04.03 05:06:33.528,1.6056,1.60585,0.60,2.80
2008.04.03 05:06:33.862,1.6056,1.60585,0.60,2.80
2008.04.03 05:06:34.077,1.6056,1.60585,0.60,2.80
2008.04.03 05:06:34.291,1.6056,1.60585,0.60,2.80
2008.04.03 05:06:34.505,1.6056,1.60585,0.60,2.80
2008.04.03 05:06:34.721,1.6056,1.60585,0.60,2.80
2008.04.03 05:06:34.938,1.6056,1.60585,0.20,2.80
2008.04.03 05:06:35.264,1.6056,1.60585,0.20,2.80
2008.04.03 05:06:35.588,1.6056,1.60585,0.20,2.80
2008.04.03 05:06:35.912,1.6056,1.60585,0.20,2.80
2008.04.03 05:06:36.137,1.60555,1.60585,2.90,2.80
2008.04.03 05:06:36.362,1.60555,1.60585,2.90,2.80
2008.04.03 05:06:36.588,1.60555,1.60585,2.90,2.80
2008.04.03 05:06:36.812,1.60555,1.60585,2.90,2.80
2008.04.03 05:06:37.040,1.60555,1.60585,2.90,2.80
2008.04.03 05:06:37.374,1.60555,1.60585,2.90,2.80
2008.04.03 05:06:37.711,1.60555,1.60585,2.90,2.80
2008.04.03 05:06:38.047,1.60555,1.60585,2.90,2.80
2008.04.03 05:06:38.291,1.60555,1.60585,2.90,2.80
2008.04.03 05:06:38.537,1.6056,1.60585,0.20,2.80
2008.04.03 05:06:38.783,1.6056,1.60585,0.20,2.80
2008.04.03 05:06:39.027,1.6056,1.60585,0.20,2.80
2008.04.03 05:06:39.317,1.6056,1.60585,0.20,2.80
2008.04.03 05:06:39.607,1.6056,1.60585,0.20,2.80
2008.04.03 05:06:39.898,1.6056,1.60585,0.20,2.80
2008.04.03 05:06:40.188,1.6056,1.60585,0.20,2.80
2008.04.03 05:06:40.457,1.6056,1.60585,0.20,2.80
2008.04.03 05:06:40.727,1.6056,1.60585,0.20,2.80
2008.04.03 05:06:40.997,1.6056,1.60585,0.20,2.80
2008.04.03 05:06:41.222,1.6056,1.60585,0.20,2.80
2008.04.03 05:06:41.449,1.6056,1.60585,0.20,2.80
2008.04.03 05:06:41.691,1.6056,1.60585,0.20,2.80
2008.04.03 05:06:41.918,1.6056,1.60585,0.20,2.80
2008.04.03 05:06:42.143,1.6056,1.60585,0.20,2.80
2008.04.03 05:06:42.450,1.6056,1.60585,0.20,2.80
2008.04.03 05:06:42.755,1.6056,1.60585,0.20,2.80
2008.04.03 05:06:43.061,1.6056,1.60585,0.20,2.80
2008.04.03 05:06:43.337,1.6056,1.60585,0.20,2.80
2008.04.03 05:06:43.611,1.6056,1.60585,0.20,2.80
2008.04.03 05:06:43.887,1.6056,1.60585,0.20,2.80
2008.04.03 05:06:44.163,1.6056,1.60585,0.20,2.80
2008.04.03 05:06:44.412,1.6056,1.60585,0.20,2.80
2008.04.03 05:06:44.663,1.6056,1.60585,0.20,2.80
2008.04.03 05:06:44.914,1.6056,1.60585,0.20,2.80
2008.04.03 05:06:45.163,1.6056,1.60585,0.20,2.80
2008.04.03 05:06:45.434,1.6056,1.60585,0.20,2.80
2008.04.03 05:06:45.703,1.6056,1.60585,0.20,2.80
2008.04.03 05:06:45.984,1.6056,1.60585,0.20,2.80
2008.04.03 05:06:46.268,1.6056,1.60585,0.20,2.80
2008.04.03 05:06:46.539,1.6056,1.60585,0.20,2.80
2008.04.03 05:06:46.798,1.6056,1.60585,0.20,2.80
2008.04.03 05:06:47.058,1.6056,1.60585,0.20,2.80
2008.04.03 05:06:47.318,1.6056,1.60585,0.20,2.80
2008.04.03 05:06:47.596,1.6056,1.60585,0.20,2.80
2008.04.03 05:06:47.872,1.6056,1.60585,0.20,2.80
2008.04.03 05:06:48.144,1.6056,1.60585,0.20,2.80
2008.04.03 05:06:48.392,1.6056,1.60585,0.20,2.80
2008.04.03 05:06:48.685,1.6056,1.60585,0.20,2.80
2008.04.03 05:06:48.980,1.6056,1.60585,0.20,2.80
2008.04.03 05:06:49.275,1.6056,1.60585,0.20,2.80
2008.04.03 05:06:49.523,1.6056,1.60585,0.20,2.80
2008.04.03 05:06:49.773,1.6056,1.60585,0.20,2.80
2008.04.03 05:06:50.023,1.6056,1.60585,0.20,2.80
2008.04.03 05:06:50.273,1.6056,1.60585,0.20,2.80
2008.04.03 05:06:50.553,1.6056,1.60585,0.20,2.80
2008.04.03 05:06:50.831,1.6056,1.60585,0.20,2.80
2008.04.03 05:06:51.111,1.6056,1.60585,0.20,2.80
2008.04.03 05:06:51.391,1.60555,1.60585,4.50,2.80
2008.04.03 05:06:51.646,1.60555,1.60585,4.50,8.40
2008.04.03 05:06:51.903,1.60555,1.60585,4.50,8.40
2008.04.03 05:06:52.157,1.60555,1.60585,4.50,8.40
2008.04.03 05:06:52.424,1.60555,1.60585,4.50,8.40
2008.04.03 05:06:52.689,1.60555,1.60585,2.90,9.20
2008.04.03 05:06:52.954,1.60555,1.60585,2.90,9.20
2008.04.03 05:06:53.233,1.60555,1.60585,2.90,9.20
2008.04.03 05:06:53.514,1.60555,1.60585,2.90,9.20
2008.04.03 05:06:53.813,1.60555,1.60585,2.90,9.20
2008.04.03 05:06:54.121,1.60555,1.60585,2.90,9.20
2008.04.03 05:06:54.422,1.60555,1.60585,2.90,9.20
2008.04.03 05:06:54.675,1.60555,1.60585,2.90,9.20
2008.04.03 05:06:54.933,1.60555,1.60585,2.90,9.20
2008.04.03 05:06:55.197,1.60555,1.60585,2.90,9.20
2008.04.03 05:06:55.454,1.60555,1.60585,2.90,9.20
2008.04.03 05:06:55.727,1.60555,1.60585,2.90,9.20
2008.04.03 05:06:56.013,1.60555,1.60585,2.90,9.20
2008.04.03 05:06:56.300,1.60555,1.60585,2.90,9.20
2008.04.03 05:06:56.585,1.60555,1.60585,2.90,9.20
2008.04.03 05:06:56.848,1.60555,1.60585,2.90,9.20
2008.04.03 05:06:57.096,1.60555,1.60585,2.90,9.20
2008.04.03 05:06:57.347,1.60555,1.60585,2.90,9.20
2008.04.03 05:06:57.595,1.60555,1.60585,2.90,9.20
2008.04.03 05:06:57.864,1.60555,1.60585,2.90,9.20
2008.04.03 05:06:59.141,1.60555,1.60585,2.90,9.20
2008.04.03 05:06:59.251,1.60555,1.60585,2.90,9.20
2008.04.03 05:06:59.375,1.60555,1.60585,2.90,9.20
2008.04.03 05:06:59.501,1.60555,1.60585,2.90,9.20
2008.04.03 05:06:59.619,1.60555,1.60585,2.90,9.20
2008.04.03 05:06:59.717,1.60555,1.60585,2.90,9.20
2008.04.03 05:06:59.827,1.60555,1.60585,2.90,9.20
2008.04.03 05:06:59.937,1.60555,1.60585,2.90,9.20
2008.04.03 05:07:00.048,1.60555,1.60585,2.90,9.20
2008.04.03 05:07:00.176,1.60555,1.60585,2.90,9.20
2008.04.03 05:07:00.520,1.60555,1.60585,2.90,9.20
2008.04.03 05:07:00.853,1.60555,1.60585,2.90,9.20
2008.04.03 05:07:01.189,1.60555,1.60585,2.90,9.20
2008.04.03 05:07:01.406,1.60555,1.60585,2.90,9.20
2008.04.03 05:07:01.625,1.60555,1.60585,2.90,9.20
2008.04.03 05:07:01.845,1.60555,1.60585,2.90,9.20
2008.04.03 05:07:02.064,1.60555,1.60585,2.90,9.20
2008.04.03 05:07:02.283,1.60555,1.60585,2.90,9.20
2008.04.03 05:07:02.593,1.60555,1.60585,2.90,9.20
2008.04.03 05:07:02.918,1.60555,1.60585,2.90,9.20
2008.04.03 05:07:03.240,1.60555,1.60585,2.90,9.20
2008.04.03 05:07:03.550,1.60555,1.60585,2.90,9.20
2008.04.03 05:07:03.811,1.60555,1.60585,2.90,9.20
2008.04.03 05:07:04.080,1.60555,1.60585,2.90,9.20
2008.04.03 05:07:04.352,1.60555,1.60585,2.90,9.20
2008.04.03 05:07:04.611,1.60555,1.60585,2.90,9.20
2008.04.03 05:07:04.871,1.60555,1.60585,2.90,9.20
2008.04.03 05:07:05.143,1.60555,1.60585,2.90,10.00
2008.04.03 05:07:05.391,1.60555,1.60585,2.90,10.00
2008.04.03 05:07:05.671,1.60555,1.60585,2.90,10.00
2008.04.03 05:07:05.950,1.60555,1.60585,2.90,10.00
2008.04.03 05:07:06.231,1.60555,1.60585,2.90,10.00
2008.04.03 05:07:06.510,1.60555,1.60585,2.90,10.00
2008.04.03 05:07:06.779,1.60555,1.60585,2.90,10.00
2008.04.03 05:07:07.049,1.60555,1.60585,2.90,10.00
2008.04.03 05:07:07.319,1.60555,1.60585,2.90,9.20
2008.04.03 05:07:07.578,1.60555,1.60585,2.90,9.20
2008.04.03 05:07:07.842,1.6056,1.60585,0.20,3.60
2008.04.03 05:07:08.101,1.6056,1.60585,0.20,3.60
2008.04.03 05:07:08.362,1.60555,1.60585,2.90,3.60
2008.04.03 05:07:08.646,1.60555,1.60585,2.90,3.60
2008.04.03 05:07:08.929,1.60555,1.60585,2.90,3.60
2008.04.03 05:07:09.214,1.60555,1.60585,2.90,3.60
2008.04.03 05:07:09.499,1.60555,1.60585,2.90,3.60
2008.04.03 05:07:09.780,1.60555,1.60585,2.90,3.60
2008.04.03 05:07:10.061,1.60555,1.60585,2.90,3.60
2008.04.03 05:07:10.339,1.60555,1.60585,2.90,3.60
2008.04.03 05:07:10.579,1.60555,1.60585,2.90,3.60
2008.04.03 05:07:10.825,1.60555,1.60585,2.90,3.60
2008.04.03 05:07:11.060,1.60555,1.60585,2.90,3.60
2008.04.03 05:07:11.296,1.60555,1.60585,2.90,3.60
2008.04.03 05:07:11.531,1.60555,1.60585,2.90,3.60
2008.04.03 05:07:11.836,1.60555,1.60585,2.90,3.60
2008.04.03 05:07:12.144,1.60555,1.60585,2.90,3.60
2008.04.03 05:07:12.462,1.60555,1.60585,2.90,3.60
2008.04.03 05:07:12.685,1.60555,1.60585,2.90,3.60
2008.04.03 05:07:12.914,1.60555,1.60585,2.90,3.60
2008.04.03 05:07:13.138,1.60555,1.60585,2.90,2.80
2008.04.03 05:07:13.364,1.60555,1.60585,2.90,2.80
2008.04.03 05:07:13.588,1.60555,1.60585,2.90,2.80
2008.04.03 05:07:13.924,1.60555,1.60585,2.90,2.80
2008.04.03 05:07:14.260,1.60555,1.60585,2.90,2.80
2008.04.03 05:07:14.594,1.60555,1.60585,2.90,2.80
2008.04.03 05:07:14.803,1.60555,1.60585,2.90,2.80
2008.04.03 05:07:15.013,1.60555,1.60585,2.90,2.80
2008.04.03 05:07:15.234,1.60555,1.60585,2.90,2.80
2008.04.03 05:07:15.444,1.60555,1.60585,2.90,2.80
2008.04.03 05:07:15.654,1.60555,1.60585,2.90,3.60
2008.04.03 05:07:15.987,1.60555,1.60585,2.90,9.20
2008.04.03 05:07:16.293,1.60555,1.60585,2.90,9.20
2008.04.03 05:07:16.624,1.60555,1.60585,2.90,9.20
2008.04.03 05:07:16.853,1.60555,1.60585,2.90,9.20
2008.04.03 05:07:17.082,1.60555,1.60585,2.90,9.20
2008.04.03 05:07:17.319,1.60555,1.60585,2.90,9.20
2008.04.03 05:07:17.562,1.60555,1.60585,2.90,8.40
2008.04.03 05:07:17.867,1.60555,1.60585,4.50,8.40
2008.04.03 05:07:18.172,1.60555,1.60585,4.50,8.40
2008.04.03 05:07:18.475,1.60555,1.60585,4.50,8.40
2008.04.03 05:07:18.781,1.60555,1.60585,4.50,8.40
2008.04.03 05:07:19.046,1.60555,1.60585,4.50,8.40
2008.04.03 05:07:19.313,1.60555,1.60585,4.50,8.40
2008.04.03 05:07:19.578,1.60555,1.60585,4.50,8.40
2008.04.03 05:07:19.851,1.6056,1.60585,0.40,8.40
2008.04.03 05:07:20.119,1.6056,1.60585,0.40,8.40
2008.04.03 05:07:20.390,1.6056,1.60585,0.40,8.40
2008.04.03 05:07:20.660,1.6056,1.60585,0.40,8.40
2008.04.03 05:07:20.954,1.6056,1.60585,0.40,8.40
2008.04.03 05:07:21.250,1.6056,1.60585,0.40,8.40
2008.04.03 05:07:21.546,1.6056,1.60585,0.40,8.40
2008.04.03 05:07:21.840,1.6056,1.60585,0.40,8.40
2008.04.03 05:07:22.101,1.6056,1.60585,0.40,8.40
2008.04.03 05:07:22.351,1.6056,1.60585,0.40,8.40
2008.04.03 05:07:22.610,1.6056,1.60585,0.40,8.40
2008.04.03 05:07:22.907,1.6056,1.60585,0.40,8.40
2008.04.03 05:07:23.191,1.6056,1.60585,0.40,8.40
2008.04.03 05:07:23.477,1.6056,1.60585,0.40,8.40
2008.04.03 05:07:23.776,1.6056,1.60585,0.40,8.40
2008.04.03 05:07:24.075,1.6056,1.60585,0.40,8.40
2008.04.03 05:07:24.361,1.6056,1.60585,0.40,8.40
2008.04.03 05:07:24.658,1.6056,1.60585,0.40,8.40
2008.04.03 05:07:24.920,1.6056,1.60585,0.40,8.40
2008.04.03 05:07:25.156,1.6056,1.60585,0.40,8.40
2008.04.03 05:07:25.407,1.60565,1.60585,0.20,8.40
2008.04.03 05:07:25.658,1.6057,1.60585,0.40,2.80
2008.04.03 05:07:25.957,1.6057,1.60595,0.40,2.80
2008.04.03 05:07:26.243,1.6057,1.60595,0.40,2.80
2008.04.03 05:07:26.528,1.6057,1.60595,0.40,2.80
2008.04.03 05:07:26.813,1.6057,1.60595,0.40,2.80
2008.04.03 05:07:27.083,1.6057,1.60595,0.40,2.80
2008.04.03 05:07:27.352,1.6057,1.60595,0.40,2.80
2008.04.03 05:07:27.621,1.6057,1.60595,0.40,2.80
2008.04.03 05:07:27.891,1.60565,1.6059,0.80,0.80
2008.04.03 05:07:28.197,1.6056,1.60585,0.40,6.40
2008.04.03 05:07:28.507,1.6056,1.60585,0.60,0.80
2008.04.03 05:07:28.812,1.6056,1.6059,0.60,0.80
2008.04.03 05:07:29.052,1.6056,1.6059,0.60,0.80
2008.04.03 05:07:29.292,1.6056,1.6059,0.60,0.80
2008.04.03 05:07:29.532,1.6056,1.6059,0.60,0.80
2008.04.03 05:07:29.773,1.6056,1.6059,0.60,0.80
2008.04.03 05:07:30.062,1.6056,1.6059,0.60,0.80
2008.04.03 05:07:30.351,1.6056,1.6059,0.60,0.80
2008.04.03 05:07:30.640,1.6056,1.6059,0.60,0.80
2008.04.03 05:07:30.930,1.6056,1.6059,0.60,0.80
2008.04.03 05:07:31.185,1.6056,1.6059,0.60,0.80
2008.04.03 05:07:31.439,1.6056,1.6059,0.60,0.80
2008.04.03 05:07:31.693,1.6056,1.6059,0.60,0.80
2008.04.03 05:07:31.947,1.6056,1.6059,0.60,0.80
2008.04.03 05:07:32.211,1.6056,1.6059,0.60,0.80
2008.04.03 05:07:32.490,1.6056,1.6059,0.60,0.80
2008.04.03 05:07:32.753,1.6056,1.6059,0.60,0.80
2008.04.03 05:07:33.050,1.6056,1.6059,0.60,0.80
2008.04.03 05:07:33.333,1.6056,1.6059,0.60,0.80
2008.04.03 05:07:33.618,1.6056,1.6059,0.60,0.80
2008.04.03 05:07:33.904,1.6056,1.6059,0.60,0.80
2008.04.03 05:07:34.155,1.6056,1.6059,0.60,0.80
2008.04.03 05:07:34.405,1.6056,1.6059,0.60,0.80
2008.04.03 05:07:34.654,1.6056,1.6059,0.60,0.80
2008.04.03 05:07:34.903,1.6056,1.6059,0.60,0.80
2008.04.03 05:07:35.172,1.6056,1.6059,0.60,0.80
2008.04.03 05:07:35.442,1.6056,1.6059,0.60,0.80
2008.04.03 05:07:35.711,1.6056,1.6059,0.60,0.80
2008.04.03 05:07:35.982,1.6056,1.6059,0.60,0.80
2008.04.03 05:07:36.248,1.6056,1.6059,0.60,0.80
2008.04.03 05:07:36.511,1.6056,1.6059,0.60,0.80
2008.04.03 05:07:36.777,1.6056,1.6059,0.60,0.80
2008.04.03 05:07:37.044,1.6056,1.6059,0.60,0.80
2008.04.03 05:07:37.287,1.6056,1.6059,0.60,0.80
2008.04.03 05:07:37.541,1.6056,1.6059,0.60,0.80
2008.04.03 05:07:37.795,1.6056,1.6059,0.60,0.80
2008.04.03 05:07:38.116,1.6056,1.6059,0.60,0.80
2008.04.03 05:07:38.427,1.6056,1.6059,0.60,0.80
2008.04.03 05:07:38.736,1.6056,1.6059,0.60,0.80
2008.04.03 05:07:39.046,1.6056,1.6059,0.60,0.80
2008.04.03 05:07:39.282,1.6056,1.6059,0.60,0.80
2008.04.03 05:07:39.517,1.6056,1.6059,0.60,0.80
2008.04.03 05:07:39.751,1.6056,1.6059,0.60,0.80
2008.04.03 05:07:39.986,1.6056,1.6059,0.60,0.80
2008.04.03 05:07:40.266,1.6056,1.6059,0.60,0.80
2008.04.03 05:07:40.546,1.6056,1.6059,0.60,0.80
2008.04.03 05:07:40.826,1.6056,1.6059,0.60,0.80
2008.04.03 05:07:41.077,1.6056,1.6059,0.60,0.80
2008.04.03 05:07:41.325,1.6056,1.6059,0.60,0.80
2008.04.03 05:07:41.587,1.6056,1.6059,0.60,0.80
2008.04.03 05:07:41.836,1.6056,1.6059,0.60,0.80
2008.04.03 05:07:42.106,1.6056,1.6059,0.60,0.80
2008.04.03 05:07:42.376,1.6056,1.6059,0.60,0.80
2008.04.03 05:07:42.646,1.6056,1.6059,0.60,0.80
2008.04.03 05:07:42.916,1.6056,1.6059,0.60,0.80
2008.04.03 05:07:43.206,1.6056,1.6059,0.60,0.80
2008.04.03 05:07:43.495,1.6056,1.6059,0.60,0.80
2008.04.03 05:07:43.784,1.6056,1.6059,0.60,0.80
2008.04.03 05:07:44.073,1.6056,1.6059,0.60,0.80
2008.04.03 05:07:44.324,1.6056,1.6059,0.60,0.80
2008.04.03 05:07:44.573,1.6056,1.6059,0.60,0.80
2008.04.03 05:07:44.822,1.6056,1.6059,0.60,0.80
2008.04.03 05:07:45.071,1.6056,1.6059,0.60,0.80
2008.04.03 05:07:45.336,1.6056,1.6059,0.60,0.80
2008.04.03 05:07:45.600,1.6056,1.6059,0.60,0.80
2008.04.03 05:07:45.877,1.6056,1.6059,0.60,0.80
2008.04.03 05:07:46.140,1.6056,1.6059,0.60,0.80
2008.04.03 05:07:46.399,1.6056,1.6059,0.60,0.80
2008.04.03 05:07:46.658,1.6056,1.6059,0.60,0.80
2008.04.03 05:07:46.918,1.6056,1.6059,0.60,0.80
2008.04.03 05:07:47.179,1.6056,1.6059,0.60,0.80
2008.04.03 05:07:47.457,1.6056,1.6059,0.60,0.80
2008.04.03 05:07:47.734,1.6056,1.6059,0.60,0.80
2008.04.03 05:07:47.999,1.6056,1.6059,0.60,0.80
2008.04.03 05:07:48.264,1.6056,1.6059,0.20,0.80
2008.04.03 05:07:48.558,1.6056,1.6059,0.20,0.80
2008.04.03 05:07:48.853,1.6056,1.60585,0.20,2.80
2008.04.03 05:07:49.146,1.6056,1.60585,0.20,2.80
2008.04.03 05:07:49.425,1.6056,1.60585,0.20,2.80
2008.04.03 05:07:49.704,1.6056,1.60585,0.20,2.80
2008.04.03 05:07:49.984,1.6056,1.60585,0.20,2.80
2008.04.03 05:07:50.264,1.6056,1.60585,0.20,2.80
2008.04.03 05:07:50.504,1.6056,1.60585,0.20,2.80
2008.04.03 05:07:50.744,1.6056,1.60585,0.20,2.80
2008.04.03 05:07:50.983,1.6056,1.60585,0.20,2.80
2008.04.03 05:07:51.222,1.6056,1.60585,0.20,2.80
2008.04.03 05:07:51.532,1.6056,1.60585,0.20,2.80
2008.04.03 05:07:51.842,1.6056,1.60585,0.20,2.80
2008.04.03 05:07:52.152,1.6056,1.60585,0.20,2.80
2008.04.03 05:07:52.393,1.6056,1.60585,0.20,2.80
2008.04.03 05:07:52.637,1.6056,1.60585,0.20,2.80
2008.04.03 05:07:52.876,1.6056,1.60585,0.20,2.80
2008.04.03 05:07:53.116,1.6056,1.60585,0.20,2.80
2008.04.03 05:07:53.440,1.6056,1.60585,0.20,2.80
2008.04.03 05:07:53.764,1.6056,1.60585,0.20,2.80
2008.04.03 05:07:54.089,1.6056,1.60585,0.20,2.80
2008.04.03 05:07:54.413,1.6056,1.60585,0.20,2.80
2008.04.03 05:07:54.638,1.6056,1.60585,0.20,2.80
2008.04.03 05:07:54.864,1.6056,1.60585,0.20,2.80
2008.04.03 05:07:55.088,1.6056,1.60585,0.20,2.80
2008.04.03 05:07:55.317,1.6056,1.60585,0.20,2.80
2008.04.03 05:07:55.644,1.6056,1.60585,0.20,2.80
2008.04.03 05:07:55.958,1.6056,1.60585,0.20,2.80
2008.04.03 05:07:56.287,1.6056,1.60585,0.20,2.80
2008.04.03 05:07:56.515,1.6056,1.60585,0.20,2.80
2008.04.03 05:07:56.731,1.6056,1.60585,0.20,2.80
2008.04.03 05:07:56.942,1.6056,1.60585,0.20,2.80
2008.04.03 05:07:57.156,1.6056,1.60585,0.20,2.80
2008.04.03 05:07:57.384,1.6056,1.60585,0.20,2.80
2008.04.03 05:07:57.720,1.6056,1.60585,0.20,2.80
2008.04.03 05:07:58.041,1.6056,1.60585,0.20,2.80
2008.04.03 05:07:58.375,1.6056,1.60585,0.20,2.80
2008.04.03 05:07:58.619,1.6056,1.60585,0.20,2.80
2008.04.03 05:07:58.864,1.6056,1.60585,0.20,2.80
2008.04.03 05:07:59.108,1.6056,1.60585,0.20,2.80
2008.04.03 05:07:59.353,1.6056,1.60585,0.20,2.80
2008.04.03 05:07:59.641,1.6056,1.60585,0.20,2.80
2008.04.03 05:07:59.926,1.6056,1.60585,0.20,2.80
2008.04.03 05:08:00.210,1.6056,1.60585,0.20,2.80
2008.04.03 05:08:00.495,1.6056,1.60585,0.20,2.80
2008.04.03 05:08:00.762,1.6056,1.60585,0.20,2.80
2008.04.03 05:08:01.029,1.6056,1.60585,0.20,2.80
2008.04.03 05:08:01.273,1.6056,1.60585,0.20,2.80
2008.04.03 05:08:01.543,1.6056,1.60585,0.20,2.80
2008.04.03 05:08:01.831,1.6056,1.60585,0.60,2.80
2008.04.03 05:08:02.105,1.6056,1.60585,0.60,2.80
2008.04.03 05:08:02.379,1.6056,1.60585,0.60,2.80
2008.04.03 05:08:02.628,1.6056,1.60585,0.60,2.80
2008.04.03 05:08:02.878,1.6056,1.60585,0.60,2.80
2008.04.03 05:08:03.128,1.6056,1.60585,0.60,2.80
2008.04.03 05:08:03.377,1.6056,1.60585,0.60,2.80
2008.04.03 05:08:03.686,1.6056,1.60585,0.60,2.80
2008.04.03 05:08:03.995,1.6056,1.60585,0.60,2.80
2008.04.03 05:08:04.304,1.6056,1.60585,0.60,2.80
2008.04.03 05:08:04.543,1.6056,1.60585,0.60,2.80
2008.04.03 05:08:04.783,1.6056,1.60585,0.60,2.80
2008.04.03 05:08:05.022,1.6056,1.60585,0.60,2.80
2008.04.03 05:08:05.271,1.6056,1.60585,0.60,2.80
2008.04.03 05:08:05.522,1.6056,1.60585,0.60,2.80
2008.04.03 05:08:05.830,1.6056,1.60585,0.60,2.80
2008.04.03 05:08:06.101,1.6056,1.60585,0.60,2.80
2008.04.03 05:08:06.391,1.6056,1.60585,0.60,2.80
2008.04.03 05:08:06.631,1.6056,1.60585,0.60,2.80
2008.04.03 05:08:06.869,1.6056,1.60585,0.60,2.80
2008.04.03 05:08:07.109,1.6056,1.60585,0.60,2.80
2008.04.03 05:08:07.347,1.6056,1.60585,0.60,2.80
2008.04.03 05:08:07.622,1.6056,1.60585,0.60,2.80
2008.04.03 05:08:07.898,1.6056,1.60585,0.60,8.40
2008.04.03 05:08:08.174,1.60555,1.60585,2.90,8.40
2008.04.03 05:08:08.450,1.60555,1.60585,2.90,8.40
2008.04.03 05:08:08.749,1.60555,1.60585,2.90,8.40
2008.04.03 05:08:09.049,1.60555,1.60585,2.90,8.40
2008.04.03 05:08:09.348,1.60555,1.60585,2.90,8.40
2008.04.03 05:08:09.648,1.60555,1.60585,2.90,8.40
2008.04.03 05:08:09.893,1.60555,1.60585,2.90,8.40
2008.04.03 05:08:10.136,1.60555,1.60585,2.90,8.40
2008.04.03 05:08:10.381,1.60555,1.60585,2.90,8.40
2008.04.03 05:08:10.661,1.60555,1.60585,2.90,8.40
2008.04.03 05:08:10.941,1.60555,1.60585,2.90,8.40
2008.04.03 05:08:11.220,1.60555,1.60585,2.90,8.40
2008.04.03 05:08:11.502,1.60555,1.60585,2.90,8.40
2008.04.03 05:08:11.780,1.60555,1.60585,2.90,8.40
2008.04.03 05:08:12.039,1.60555,1.60585,3.70,8.40
2008.04.03 05:08:12.281,1.60555,1.60585,3.70,8.40
2008.04.03 05:08:12.536,1.60555,1.60585,3.70,8.40
2008.04.03 05:08:12.812,1.60555,1.60585,3.70,8.40
2008.04.03 05:08:13.089,1.60555,1.60585,3.70,8.40
2008.04.03 05:08:13.363,1.60555,1.60585,3.70,8.40
2008.04.03 05:08:13.637,1.60555,1.60585,3.70,8.40
2008.04.03 05:08:13.938,1.60555,1.60585,3.70,8.40
2008.04.03 05:08:14.236,1.60555,1.60585,3.70,8.40
2008.04.03 05:08:14.535,1.60555,1.60585,3.70,8.40
2008.04.03 05:08:14.761,1.60555,1.60585,3.70,8.40
2008.04.03 05:08:14.984,1.60555,1.60585,3.70,8.40
2008.04.03 05:08:15.209,1.60555,1.60585,3.70,8.40
2008.04.03 05:08:15.436,1.60555,1.60585,3.70,8.40
2008.04.03 05:08:15.662,1.60555,1.60585,3.70,8.40
2008.04.03 05:08:15.970,1.60555,1.60585,3.70,8.40
2008.04.03 05:08:16.279,1.60555,1.60585,3.70,8.40
2008.04.03 05:08:16.589,1.60555,1.60585,3.70,8.40
2008.04.03 05:08:16.800,1.60555,1.60585,3.70,8.40
2008.04.03 05:08:17.008,1.60555,1.60585,3.70,8.40
2008.04.03 05:08:17.218,1.60555,1.60585,3.70,8.40
2008.04.03 05:08:17.427,1.60555,1.60585,3.70,8.40
2008.04.03 05:08:17.650,1.60555,1.60585,3.70,8.40
2008.04.03 05:08:17.978,1.60555,1.60585,3.70,8.40
2008.04.03 05:08:18.308,1.60555,1.60585,2.90,8.40
2008.04.03 05:08:18.640,1.60555,1.60585,2.90,9.20
2008.04.03 05:08:18.900,1.60555,1.60585,2.90,9.20
2008.04.03 05:08:19.161,1.60555,1.60585,2.90,9.20
2008.04.03 05:08:19.421,1.60555,1.60585,2.90,9.20
2008.04.03 05:08:19.686,1.60555,1.60585,2.90,9.20
2008.04.03 05:08:19.987,1.60555,1.60585,2.90,9.20
2008.04.03 05:08:20.276,1.60555,1.60585,2.90,9.20
2008.04.03 05:08:20.566,1.60555,1.60585,2.90,9.20
2008.04.03 05:08:20.856,1.60555,1.60585,2.90,9.20
2008.04.03 05:08:21.116,1.60555,1.60585,2.90,9.20
2008.04.03 05:08:21.375,1.60555,1.60585,2.90,9.20
2008.04.03 05:08:21.634,1.60555,1.60585,2.90,9.20
2008.04.03 05:08:21.882,1.60555,1.60585,2.90,9.20
2008.04.03 05:08:22.136,1.60555,1.60585,2.90,9.20
2008.04.03 05:08:22.397,1.60555,1.60585,2.90,9.20
2008.04.03 05:08:22.636,1.60555,1.60585,2.90,9.20
2008.04.03 05:08:22.916,1.60555,1.60585,2.90,9.20
2008.04.03 05:08:23.208,1.60555,1.60585,2.90,9.20
2008.04.03 05:08:23.474,1.60555,1.60585,2.90,9.20
2008.04.03 05:08:23.753,1.60555,1.60585,2.90,9.20
2008.04.03 05:08:24.052,1.60555,1.60585,2.90,9.20
2008.04.03 05:08:24.351,1.60555,1.60585,2.90,9.20
2008.04.03 05:08:24.651,1.60555,1.60585,2.90,9.20
2008.04.03 05:08:24.897,1.60555,1.60585,2.90,9.20
2008.04.03 05:08:25.142,1.60555,1.60585,2.90,9.20
2008.04.03 05:08:25.386,1.60555,1.60585,2.90,9.20
2008.04.03 05:08:25.632,1.60555,1.60585,2.90,9.20
2008.04.03 05:08:25.928,1.60555,1.60585,2.90,9.20
2008.04.03 05:08:26.212,1.60555,1.60585,2.90,9.20
2008.04.03 05:08:26.497,1.60555,1.60585,2.90,9.20
2008.04.03 05:08:26.783,1.60555,1.60585,2.90,9.20
2008.04.03 05:08:27.034,1.60555,1.60585,2.90,9.20
2008.04.03 05:08:27.261,1.60555,1.60585,2.90,9.20
2008.04.03 05:08:27.502,1.60555,1.60585,2.90,9.20
2008.04.03 05:08:27.742,1.60555,1.60585,2.90,9.20
2008.04.03 05:08:28.026,1.60555,1.60585,2.90,9.20
2008.04.03 05:08:28.311,1.60555,1.60585,2.90,9.20
2008.04.03 05:08:28.596,1.60555,1.60585,2.90,9.20
2008.04.03 05:08:28.882,1.60555,1.60585,2.90,9.20
2008.04.03 05:08:29.156,1.60555,1.60585,2.90,9.20
2008.04.03 05:08:29.432,1.60555,1.60585,2.90,9.20
2008.04.03 05:08:29.707,1.60555,1.60585,2.90,9.20
2008.04.03 05:08:29.963,1.60555,1.60585,2.90,9.20
2008.04.03 05:08:30.219,1.60555,1.60585,2.90,9.20
2008.04.03 05:08:30.473,1.60555,1.60585,2.90,9.20
2008.04.03 05:08:30.728,1.60555,1.60585,2.90,9.20
2008.04.03 05:08:31.013,1.60555,1.60585,2.90,9.20
2008.04.03 05:08:31.298,1.60555,1.60585,2.90,9.20
2008.04.03 05:08:31.584,1.60555,1.60585,2.90,9.20
2008.04.03 05:08:31.872,1.60555,1.60585,2.90,9.20
2008.04.03 05:08:32.120,1.60555,1.60585,2.90,9.20
2008.04.03 05:08:32.369,1.60555,1.60585,2.90,9.20
2008.04.03 05:08:32.620,1.60555,1.60585,2.90,9.20
2008.04.03 05:08:32.872,1.60555,1.60585,2.90,9.20
2008.04.03 05:08:33.177,1.60555,1.60585,2.90,9.20
2008.04.03 05:08:33.492,1.60555,1.60585,2.90,9.20
2008.04.03 05:08:33.797,1.60555,1.60585,2.90,9.20
2008.04.03 05:08:34.041,1.60555,1.60585,2.90,9.20
2008.04.03 05:08:34.285,1.60555,1.60585,2.90,9.20
2008.04.03 05:08:34.529,1.60555,1.60585,2.90,9.20
2008.04.03 05:08:34.773,1.60555,1.60585,2.90,9.20
2008.04.03 05:08:35.044,1.60555,1.60585,2.90,9.20
2008.04.03 05:08:35.313,1.60555,1.60585,2.90,9.20
2008.04.03 05:08:35.583,1.60555,1.60585,2.90,9.20
2008.04.03 05:08:35.860,1.60555,1.60585,2.90,9.20
2008.04.03 05:08:36.105,1.60555,1.60585,2.90,9.20
2008.04.03 05:08:36.350,1.60555,1.60585,2.90,9.20
2008.04.03 05:08:36.594,1.60555,1.60585,2.90,9.20
2008.04.03 05:08:36.838,1.60555,1.60585,2.90,9.20
2008.04.03 05:08:37.124,1.60555,1.60585,2.90,9.20
2008.04.03 05:08:37.409,1.60555,1.60585,2.90,9.20
2008.04.03 05:08:37.695,1.60555,1.60585,2.90,9.20
2008.04.03 05:08:37.979,1.60555,1.60585,2.90,9.20
2008.04.03 05:08:38.263,1.60555,1.60585,2.90,9.20
2008.04.03 05:08:38.546,1.60555,1.60585,2.90,9.20
2008.04.03 05:08:38.830,1.60555,1.60585,2.90,9.20
2008.04.03 05:08:39.080,1.60555,1.60585,2.90,9.20
2008.04.03 05:08:39.329,1.60555,1.60585,2.90,9.20
2008.04.03 05:08:39.579,1.60555,1.60585,2.90,9.20
2008.04.03 05:08:39.828,1.60555,1.60585,2.90,9.20
2008.04.03 05:08:40.077,1.60555,1.60585,2.90,9.20
2008.04.03 05:08:40.353,1.60555,1.60585,2.90,9.20
2008.04.03 05:08:40.642,1.60555,1.60585,2.90,9.20
2008.04.03 05:08:40.905,1.60555,1.60585,2.90,9.20
2008.04.03 05:08:41.143,1.60555,1.60585,2.90,9.20
2008.04.03 05:08:41.384,1.60555,1.60585,2.90,9.20
2008.04.03 05:08:41.625,1.60555,1.60585,2.90,9.20
2008.04.03 05:08:41.865,1.60555,1.60585,2.90,9.20
2008.04.03 05:08:42.104,1.60555,1.60585,2.90,9.20
2008.04.03 05:08:42.388,1.60555,1.60585,2.90,9.20
2008.04.03 05:08:42.674,1.60555,1.60585,2.90,9.20
2008.04.03 05:08:42.958,1.60555,1.60585,2.90,9.20
2008.04.03 05:08:43.237,1.60555,1.60585,2.90,9.20
2008.04.03 05:08:43.517,1.60555,1.60585,2.90,9.20
2008.04.03 05:08:43.796,1.60555,1.60585,2.90,9.20
2008.04.03 05:08:44.075,1.60555,1.60585,2.90,9.20
2008.04.03 05:08:45.303,1.60555,1.60585,2.90,9.20
2008.04.03 05:08:45.542,1.60555,1.60585,2.90,9.20
2008.04.03 05:08:45.605,1.60555,1.60585,2.90,9.20
2008.04.03 05:08:45.662,1.60555,1.60585,2.90,9.20
2008.04.03 05:08:45.726,1.60555,1.60585,2.90,9.20
2008.04.03 05:08:45.784,1.60555,1.60585,2.90,9.20
2008.04.03 05:08:45.858,1.60555,1.60585,2.90,9.20
2008.04.03 05:08:45.916,1.60555,1.60585,2.90,9.20
2008.04.03 05:08:45.976,1.60555,1.60585,2.90,9.20
2008.04.03 05:08:46.037,1.60555,1.60585,2.90,9.20
2008.04.03 05:08:46.099,1.60555,1.60585,2.90,9.20
2008.04.03 05:08:46.159,1.60555,1.60585,2.90,9.20
2008.04.03 05:08:46.217,1.60555,1.60585,2.90,9.20
2008.04.03 05:08:46.291,1.60555,1.60585,2.90,9.20
2008.04.03 05:08:46.349,1.60555,1.60585,2.90,9.20
2008.04.03 05:08:46.683,1.60555,1.60585,2.90,9.20
2008.04.03 05:08:47.017,1.60555,1.60585,2.90,9.20
2008.04.03 05:08:47.351,1.60555,1.60585,2.90,9.20
2008.04.03 05:08:47.561,1.60555,1.60585,2.90,9.20
2008.04.03 05:08:47.771,1.60555,1.60585,2.90,9.20
2008.04.03 05:08:47.979,1.60555,1.60585,2.90,9.20
2008.04.03 05:08:48.188,1.60555,1.60585,2.90,9.20
2008.04.03 05:08:48.397,1.60555,1.60585,2.90,9.20
2008.04.03 05:08:48.732,1.60555,1.60585,2.90,9.20
2008.04.03 05:08:49.065,1.60555,1.60585,2.90,9.20
2008.04.03 05:08:49.399,1.60555,1.60585,2.90,9.20
2008.04.03 05:08:49.609,1.60555,1.60585,2.90,9.20
2008.04.03 05:08:49.818,1.60555,1.60585,2.90,9.20
2008.04.03 05:08:50.027,1.60555,1.60585,2.90,9.20
2008.04.03 05:08:50.236,1.60555,1.60585,2.90,9.20
2008.04.03 05:08:50.447,1.60555,1.60585,2.90,9.20
2008.04.03 05:08:50.772,1.60555,1.60585,2.90,9.20
2008.04.03 05:08:51.095,1.60555,1.60585,2.90,9.20
2008.04.03 05:08:51.421,1.60555,1.60585,2.90,9.20
2008.04.03 05:08:51.749,1.60555,1.60585,2.90,9.20
2008.04.03 05:08:51.967,1.60555,1.60585,2.90,9.20
2008.04.03 05:08:52.187,1.60555,1.60585,2.90,9.20
2008.04.03 05:08:52.407,1.60555,1.60585,2.90,9.20
2008.04.03 05:08:52.626,1.60555,1.60585,2.90,9.20
2008.04.03 05:08:52.925,1.60555,1.60585,2.90,9.20
2008.04.03 05:08:53.225,1.60555,1.60585,2.90,9.20
2008.04.03 05:08:53.530,1.60555,1.60585,2.90,9.20
