2018.05.18 14:00:00.073,1.30409,1.30412,1.00,2.14
2018.05.18 14:00:00.127,1.30411,1.30413,1.25,2.89
2018.05.18 14:00:00.302,1.30413,1.30415,1.25,3.45
2018.05.18 14:00:00.365,1.30415,1.30417,2.44,1.25
2018.05.18 14:00:00.679,1.30415,1.30417,1.25,1.69
2018.05.18 14:00:00.785,1.30413,1.30417,1.69,1.69
2018.05.18 14:00:00.988,1.30414,1.30415,1.25,1.25
2018.05.18 14:00:01.509,1.30412,1.30413,1.69,1.00
2018.05.18 14:00:02.031,1.3041,1.30412,3.19,1.00
2018.05.18 14:00:02.189,1.30409,1.30411,2.44,1.00
2018.05.18 14:00:02.739,1.30409,1.30412,1.50,1.50
2018.05.18 14:00:02.948,1.30407,1.30409,1.00,1.00
2018.05.18 14:00:03.109,1.30404,1.30407,1.25,1.50
2018.05.18 14:00:03.786,1.30402,1.30407,2.70,1.69
2018.05.18 14:00:03.893,1.30405,1.30409,3.19,1.50
2018.05.18 14:00:04.397,1.30406,1.30409,1.25,1.25
2018.05.18 14:00:04.712,1.30403,1.30406,1.25,1.00
2018.05.18 14:00:05.149,1.30404,1.30408,1.25,1.31
2018.05.18 14:00:05.966,1.30404,1.30407,1.25,1.00
2018.05.18 14:00:06.400,1.30402,1.30408,2.70,3.19
2018.05.18 14:00:06.908,1.30403,1.30407,1.87,1.00
2018.05.18 14:00:07.116,1.30401,1.30405,2.32,1.00
2018.05.18 14:00:07.271,1.30399,1.30403,1.69,1.00
2018.05.18 14:00:07.621,1.30398,1.30401,1.20,1.00
2018.05.18 14:00:07.828,1.30396,1.30401,1.00,1.00
2018.05.18 14:00:07.896,1.30399,1.30402,1.00,1.00
2018.05.18 14:00:07.950,1.304,1.30406,1.50,3.45
2018.05.18 14:00:08.500,1.30398,1.30404,5.33,1.00
2018.05.18 14:00:09.054,1.30399,1.30404,1.10,1.19
2018.05.18 14:00:09.875,1.30398,1.30403,1.39,1.69
2018.05.18 14:00:10.419,1.30397,1.30402,1.25,1.69
2018.05.18 14:00:10.471,1.30397,1.304,1.25,1.00
2018.05.18 14:00:11.010,1.30396,1.30401,3.07,1.00
2018.05.18 14:00:11.165,1.30394,1.304,2.89,1.69
2018.05.18 14:00:11.217,1.30394,1.30398,2.44,1.00
2018.05.18 14:00:11.547,1.30399,1.30404,1.87,2.62
2018.05.18 14:00:11.598,1.30399,1.30404,2.06,1.50
2018.05.18 14:00:12.118,1.30399,1.30405,1.12,2.89
2018.05.18 14:00:12.222,1.30397,1.30403,4.20,2.25
2018.05.18 14:00:12.750,1.30397,1.30402,1.12,1.00
2018.05.18 14:00:13.254,1.30397,1.30403,1.12,1.12
2018.05.18 14:00:13.357,1.30397,1.30401,1.31,1.00
2018.05.18 14:00:13.409,1.30396,1.30403,5.33,1.87
2018.05.18 14:00:13.756,1.30398,1.30403,4.31,1.87
2018.05.18 14:00:14.255,1.30397,1.30401,1.57,1.00
2018.05.18 14:00:15.304,1.30396,1.30401,1.95,1.00
2018.05.18 14:00:16.763,1.30396,1.30402,4.31,1.25
2018.05.18 14:00:18.660,1.30396,1.30402,3.45,1.50
2018.05.18 14:00:18.972,1.30399,1.30404,1.00,1.00
2018.05.18 14:00:19.536,1.30401,1.30405,1.00,1.00
2018.05.18 14:00:19.640,1.30403,1.30408,2.81,1.01
2018.05.18 14:00:19.898,1.30402,1.30407,1.62,1.87
2018.05.18 14:00:20.204,1.30403,1.30408,1.12,1.69
2018.05.18 14:00:20.731,1.30403,1.30408,2.06,1.69
2018.05.18 14:00:21.255,1.30402,1.30406,4.39,1.00
2018.05.18 14:00:21.409,1.304,1.30405,4.76,1.69
2018.05.18 14:00:21.617,1.304,1.30405,1.00,2.81
2018.05.18 14:00:22.125,1.30399,1.30405,2.70,3.75
2018.05.18 14:00:22.731,1.30399,1.30405,1.00,3.83
2018.05.18 14:00:23.263,1.30399,1.30404,1.00,1.25
2018.05.18 14:00:23.799,1.30398,1.30404,1.25,2.44
2018.05.18 14:00:24.347,1.30398,1.30404,1.95,1.69
2018.05.18 14:00:24.549,1.30398,1.30404,1.00,2.33
2018.05.18 14:00:24.863,1.30393,1.30396,2.32,1.00
2018.05.18 14:00:24.915,1.3039,1.30394,5.32,8.25
2018.05.18 14:00:25.186,1.30388,1.30392,3.00,23.25
2018.05.18 14:00:26.031,1.30389,1.30392,1.25,23.25
2018.05.18 14:00:26.762,1.30388,1.30392,3.56,23.25
2018.05.18 14:00:27.303,1.30389,1.30392,1.25,23.25
2018.05.18 14:00:27.646,1.30391,1.30393,1.00,23.25
2018.05.18 14:00:27.748,1.30392,1.30397,1.12,1.76
2018.05.18 14:00:27.800,1.30394,1.30398,1.00,1.00
2018.05.18 14:00:28.337,1.30394,1.30397,1.00,1.25
2018.05.18 14:00:28.575,1.30394,1.30399,1.00,1.25
2018.05.18 14:00:29.148,1.30394,1.30399,1.00,1.44
2018.05.18 14:00:29.468,1.30395,1.304,1.00,1.20
2018.05.18 14:00:29.991,1.30395,1.304,1.00,1.44
2018.05.18 14:00:30.525,1.30395,1.304,1.00,1.19
2018.05.18 14:00:31.247,1.30394,1.30397,2.81,1.00
2018.05.18 14:00:31.560,1.30379,1.30382,1.00,1.50
2018.05.18 14:00:32.073,1.30375,1.3038,1.01,1.00
2018.05.18 14:00:32.230,1.30374,1.30378,1.57,1.00
2018.05.18 14:00:32.282,1.30374,1.30378,1.00,1.00
2018.05.18 14:00:32.803,1.30372,1.30378,2.25,1.00
2018.05.18 14:00:33.338,1.30372,1.30378,1.50,1.87
2018.05.18 14:00:33.390,1.30371,1.30377,1.10,3.00
2018.05.18 14:00:33.595,1.3037,1.30375,1.20,1.25
2018.05.18 14:00:33.912,1.30368,1.30373,1.95,1.00
2018.05.18 14:00:34.326,1.30369,1.30375,1.50,1.10
2018.05.18 14:00:34.732,1.30367,1.30372,1.45,1.00
2018.05.18 14:00:35.047,1.30369,1.30375,1.50,2.51
2018.05.18 14:00:35.353,1.30369,1.30373,1.47,1.00
2018.05.18 14:00:35.513,1.30367,1.30372,1.95,1.00
2018.05.18 14:00:35.824,1.30365,1.3037,2.32,1.00
2018.05.18 14:00:35.927,1.30365,1.30372,3.64,1.87
2018.05.18 14:00:36.441,1.30365,1.30371,4.20,1.00
2018.05.18 14:00:36.827,1.30366,1.30373,1.39,3.07
2018.05.18 14:00:37.363,1.30366,1.30372,2.63,1.00
2018.05.18 14:00:37.878,1.30367,1.30373,1.50,2.25
2018.05.18 14:00:38.194,1.30365,1.30371,1.39,1.00
2018.05.18 14:00:38.502,1.30364,1.30369,2.14,1.00
2018.05.18 14:00:39.030,1.30364,1.3037,1.95,1.00
2018.05.18 14:00:39.569,1.30365,1.30371,1.76,1.25
2018.05.18 14:00:39.834,1.30369,1.30375,1.95,3.19
2018.05.18 14:00:40.340,1.30369,1.30376,2.70,1.95
2018.05.18 14:00:40.865,1.3037,1.30376,1.12,1.95
2018.05.18 14:00:41.382,1.30371,1.30376,1.25,1.39
2018.05.18 14:00:41.435,1.30373,1.30377,1.12,1.10
2018.05.18 14:00:41.745,1.3037,1.30375,2.06,1.00
2018.05.18 14:00:42.321,1.30369,1.30375,1.00,1.31
2018.05.18 14:00:42.698,1.30367,1.30373,2.51,1.00
2018.05.18 14:00:43.243,1.30366,1.30371,1.57,1.12
2018.05.18 14:00:44.147,1.30366,1.30372,1.10,2.06
2018.05.18 14:00:44.489,1.30369,1.30374,1.00,2.32
2018.05.18 14:00:45.112,1.30368,1.30373,1.00,1.50
2018.05.18 14:00:45.287,1.30364,1.30371,5.32,1.50
2018.05.18 14:00:45.798,1.30366,1.30371,1.25,1.25
2018.05.18 14:00:46.569,1.30366,1.3037,1.13,1.00
2018.05.18 14:00:47.121,1.30367,1.30372,1.00,3.19
2018.05.18 14:00:48.190,1.30366,1.30372,1.10,1.87
2018.05.18 14:00:49.024,1.30366,1.3037,1.20,1.00
2018.05.18 14:00:50.618,1.30365,1.3037,1.10,1.00
2018.05.18 14:00:51.140,1.30364,1.30369,1.00,1.12
2018.05.18 14:00:53.339,1.30363,1.30369,1.57,1.31
2018.05.18 14:00:53.791,1.30361,1.30365,1.57,1.87
2018.05.18 14:00:54.144,1.30358,1.30363,2.89,1.00
2018.05.18 14:00:54.580,1.30357,1.30363,1.13,2.06
2018.05.18 14:00:54.633,1.30359,1.30363,1.00,2.06
2018.05.18 14:00:55.048,1.30355,1.30361,1.88,2.06
2018.05.18 14:00:55.463,1.30355,1.30359,1.12,1.25
2018.05.18 14:00:56.032,1.30355,1.3036,1.87,1.00
2018.05.18 14:00:56.551,1.30356,1.30361,1.00,2.62
2018.05.18 14:00:57.064,1.30357,1.30361,1.25,1.00
2018.05.18 14:00:57.594,1.30357,1.30362,1.50,1.69
2018.05.18 14:00:58.904,1.30356,1.30362,1.12,2.89
2018.05.18 14:00:59.213,1.30354,1.30358,2.51,1.00
2018.05.18 14:00:59.453,1.30353,1.30356,1.87,1.00
2018.05.18 14:00:59.768,1.3035,1.30354,1.76,1.50
2018.05.18 14:00:59.894,1.30348,1.30352,1.50,1.69
2018.05.18 14:01:00.047,1.30345,1.30352,2.81,3.64
2018.05.18 14:01:00.706,1.30344,1.3035,2.32,2.81
2018.05.18 14:01:01.234,1.30343,1.30349,2.32,2.06
2018.05.18 14:01:01.287,1.30341,1.30345,3.07,1.00
2018.05.18 14:01:01.796,1.30341,1.30344,1.20,1.00
2018.05.18 14:01:02.161,1.3034,1.30345,1.12,1.12
2018.05.18 14:01:02.986,1.30339,1.30344,1.87,1.37
2018.05.18 14:01:03.540,1.30337,1.30343,2.44,1.20
2018.05.18 14:01:03.591,1.30339,1.30343,1.00,1.20
2018.05.18 14:01:03.986,1.30341,1.30343,1.00,1.00
2018.05.18 14:01:04.193,1.30338,1.30344,3.45,1.37
2018.05.18 14:01:04.707,1.30338,1.3034,1.20,1.00
2018.05.18 14:01:04.759,1.30337,1.3034,1.10,1.00
2018.05.18 14:01:05.025,1.30337,1.30343,1.50,1.50
2018.05.18 14:01:05.521,1.30339,1.30342,1.25,1.10
2018.05.18 14:01:06.034,1.3034,1.30343,1.00,1.00
2018.05.18 14:01:06.518,1.30338,1.30341,1.00,1.25
2018.05.18 14:01:07.045,1.30338,1.30342,1.00,1.12
2018.05.18 14:01:07.358,1.30336,1.30342,2.70,1.12
2018.05.18 14:01:07.512,1.30338,1.30342,1.00,1.87
2018.05.18 14:01:08.357,1.30336,1.30342,2.63,1.12
2018.05.18 14:01:08.867,1.30337,1.30342,1.00,2.06
2018.05.18 14:01:09.125,1.30339,1.30342,1.00,1.00
2018.05.18 14:01:09.648,1.30338,1.30342,1.00,1.00
2018.05.18 14:01:10.286,1.30337,1.30342,1.00,1.12
2018.05.18 14:01:10.895,1.30339,1.30342,1.00,1.12
2018.05.18 14:01:11.000,1.30337,1.30342,2.70,1.12
2018.05.18 14:01:11.361,1.30336,1.3034,1.69,1.00
2018.05.18 14:01:11.898,1.30334,1.30339,2.51,1.00
2018.05.18 14:01:12.001,1.30333,1.30337,1.10,1.00
2018.05.18 14:01:12.540,1.30335,1.30338,1.00,1.12
2018.05.18 14:01:13.133,1.30335,1.30337,1.00,1.00
2018.05.18 14:01:13.187,1.30333,1.30336,1.00,1.00
2018.05.18 14:01:13.755,1.30332,1.30335,2.32,1.00
2018.05.18 14:01:14.577,1.30334,1.30335,1.00,1.00
2018.05.18 14:01:15.551,1.30333,1.30335,1.00,1.00
2018.05.18 14:01:15.655,1.30332,1.30334,1.10,1.00
2018.05.18 14:01:16.054,1.3033,1.30333,1.20,1.00
2018.05.18 14:01:16.210,1.30333,1.30334,1.00,1.50
2018.05.18 14:01:16.527,1.30335,1.30336,1.00,1.00
2018.05.18 14:01:16.581,1.30333,1.30335,1.00,1.00
2018.05.18 14:01:17.109,1.30333,1.30334,1.00,1.00
2018.05.18 14:01:17.213,1.30333,1.30336,1.00,5.25
2018.05.18 14:01:17.755,1.30334,1.30335,1.00,1.00
2018.05.18 14:01:18.495,1.30334,1.30336,1.00,2.25
2018.05.18 14:01:18.942,1.30337,1.30338,1.00,1.00
2018.05.18 14:01:20.236,1.30337,1.30339,1.00,2.25
2018.05.18 14:01:20.774,1.30337,1.30338,1.00,1.00
2018.05.18 14:01:21.082,1.30337,1.3034,1.10,1.50
2018.05.18 14:01:21.383,1.30338,1.3034,1.00,1.50
2018.05.18 14:01:22.175,1.30339,1.30342,1.00,3.75
2018.05.18 14:01:22.917,1.30338,1.30341,1.00,1.12
2018.05.18 14:01:23.454,1.30339,1.30341,1.00,1.00
2018.05.18 14:01:24.344,1.3034,1.30341,1.00,1.00
2018.05.18 14:01:24.398,1.30344,1.30346,1.25,1.87
2018.05.18 14:01:24.451,1.30342,1.30345,1.76,1.00
2018.05.18 14:01:24.613,1.30342,1.30347,1.10,1.00
2018.05.18 14:01:24.667,1.30342,1.30345,1.58,1.00
2018.05.18 14:01:25.071,1.30345,1.30346,1.00,1.12
2018.05.18 14:01:25.176,1.30342,1.30347,2.14,1.37
2018.05.18 14:01:25.629,1.30342,1.30344,1.00,1.00
2018.05.18 14:01:26.141,1.30342,1.30345,1.00,1.00
2018.05.18 14:01:26.671,1.30343,1.30346,2.25,1.00
2018.05.18 14:01:27.201,1.30343,1.30347,1.00,1.87
2018.05.18 14:01:27.713,1.30342,1.30347,1.01,2.62
2018.05.18 14:01:28.253,1.30341,1.30346,1.76,1.00
2018.05.18 14:01:28.764,1.30341,1.30346,1.01,1.12
2018.05.18 14:01:29.299,1.30341,1.30346,1.00,2.25
2018.05.18 14:01:29.820,1.3034,1.30346,1.76,6.56
2018.05.18 14:01:30.416,1.30342,1.30345,1.00,1.12
2018.05.18 14:01:30.468,1.3034,1.30345,2.14,1.12
2018.05.18 14:01:30.782,1.30342,1.30346,1.00,4.12
2018.05.18 14:01:31.321,1.30342,1.30345,1.00,1.00
2018.05.18 14:01:31.425,1.3034,1.30345,1.88,1.00
2018.05.18 14:01:31.988,1.30341,1.30346,1.00,6.75
2018.05.18 14:01:33.628,1.3034,1.30346,2.32,1.87
2018.05.18 14:01:34.197,1.30341,1.30346,1.00,2.62
2018.05.18 14:01:35.043,1.30343,1.30346,1.00,1.95
2018.05.18 14:01:35.564,1.30343,1.30346,1.00,1.50
2018.05.18 14:01:36.085,1.30342,1.30346,1.00,1.00
2018.05.18 14:01:36.869,1.30341,1.30346,1.50,1.00
2018.05.18 14:01:37.286,1.30343,1.30347,1.00,1.12
2018.05.18 14:01:37.761,1.30341,1.30344,1.20,1.00
2018.05.18 14:01:37.864,1.3034,1.30343,1.12,1.69
2018.05.18 14:01:38.409,1.30339,1.30345,1.57,5.62
2018.05.18 14:01:38.827,1.30341,1.30343,1.00,1.00
2018.05.18 14:01:39.378,1.3034,1.30344,1.00,1.37
2018.05.18 14:01:39.964,1.30341,1.30344,1.00,1.37
2018.05.18 14:01:40.438,1.30339,1.30344,3.45,1.37
2018.05.18 14:01:40.972,1.30339,1.30342,1.00,1.00
2018.05.18 14:01:41.493,1.3034,1.30342,1.00,1.00
2018.05.18 14:01:42.939,1.30343,1.30345,1.00,1.31
2018.05.18 14:01:43.537,1.30342,1.30345,1.10,1.00
2018.05.18 14:01:44.079,1.30342,1.30346,1.00,1.25
2018.05.18 14:01:44.679,1.30343,1.30347,1.13,1.75
2018.05.18 14:01:45.201,1.30342,1.30347,2.51,2.00
2018.05.18 14:01:45.725,1.30343,1.30347,1.25,1.12
2018.05.18 14:01:46.231,1.30344,1.30347,1.00,1.12
2018.05.18 14:01:46.645,1.30342,1.30344,1.12,1.00
2018.05.18 14:01:46.901,1.3034,1.30343,1.00,1.00
2018.05.18 14:01:47.180,1.30338,1.30343,1.95,2.25
2018.05.18 14:01:47.705,1.30338,1.30341,1.00,1.37
2018.05.18 14:01:49.888,1.30336,1.30339,1.20,1.12
2018.05.18 14:01:50.443,1.30338,1.30339,1.00,1.00
2018.05.18 14:01:50.855,1.3034,1.30342,1.00,1.37
2018.05.18 14:01:50.958,1.30341,1.30343,1.00,1.37
2018.05.18 14:01:52.082,1.30342,1.30343,1.00,1.00
2018.05.18 14:01:52.319,1.30344,1.30346,2.63,1.00
2018.05.18 14:01:52.837,1.30344,1.30347,2.70,1.00
2018.05.18 14:01:53.344,1.30344,1.30347,3.08,1.00
2018.05.18 14:01:54.153,1.30344,1.30349,3.45,1.12
2018.05.18 14:01:54.310,1.30345,1.30347,1.50,1.37
2018.05.18 14:01:54.825,1.30345,1.30348,1.00,1.37
2018.05.18 14:01:55.184,1.30343,1.30348,2.44,1.87
2018.05.18 14:01:55.346,1.30343,1.30345,2.25,1.00
2018.05.18 14:01:55.885,1.30344,1.30346,1.00,1.00
2018.05.18 14:01:57.031,1.30345,1.30348,1.00,1.12
2018.05.18 14:01:57.570,1.30346,1.30348,1.50,1.00
2018.05.18 14:01:58.934,1.30346,1.30348,1.00,1.62
2018.05.18 14:01:59.092,1.30344,1.30348,1.00,1.37
2018.05.18 14:02:00.955,1.30344,1.30347,1.00,1.62
2018.05.18 14:02:01.502,1.30343,1.30347,1.50,1.69
2018.05.18 14:02:02.005,1.30342,1.30347,1.50,3.94
2018.05.18 14:02:02.168,1.30342,1.30344,1.00,1.00
2018.05.18 14:02:02.271,1.30343,1.30347,1.00,1.50
2018.05.18 14:02:02.784,1.30343,1.30345,1.00,1.00
2018.05.18 14:02:02.924,1.30341,1.30344,1.57,1.00
2018.05.18 14:02:04.980,1.3034,1.30342,2.70,1.00
2018.05.18 14:02:05.032,1.3034,1.30345,2.70,1.87
2018.05.18 14:02:06.605,1.30341,1.30344,1.00,1.25
2018.05.18 14:02:06.658,1.30341,1.30342,1.00,1.00
2018.05.18 14:02:06.918,1.30339,1.30342,1.00,1.00
2018.05.18 14:02:08.179,1.30338,1.30342,2.44,1.00
2018.05.18 14:02:08.697,1.30339,1.30344,2.44,1.62
2018.05.18 14:02:09.248,1.3034,1.30344,1.00,1.56
2018.05.18 14:02:10.804,1.3034,1.30344,1.50,1.00
2018.05.18 14:02:11.331,1.3034,1.30343,1.57,1.00
2018.05.18 14:02:12.139,1.3034,1.30345,1.57,1.25
2018.05.18 14:02:13.166,1.3034,1.30345,1.57,1.44
2018.05.18 14:02:13.688,1.30339,1.30344,1.57,3.94
2018.05.18 14:02:13.989,1.30339,1.30341,1.00,1.00
2018.05.18 14:02:14.245,1.30334,1.30338,2.25,1.50
2018.05.18 14:02:14.348,1.30333,1.30337,1.00,2.81
2018.05.18 14:02:14.876,1.30332,1.30336,1.00,1.69
2018.05.18 14:02:15.543,1.30335,1.30338,1.00,3.07
2018.05.18 14:02:15.698,1.30333,1.30338,1.00,3.26
2018.05.18 14:02:16.212,1.30332,1.30336,1.00,1.12
2018.05.18 14:02:17.869,1.30333,1.30336,1.00,1.50
2018.05.18 14:02:19.046,1.30334,1.30336,1.00,1.12
2018.05.18 14:02:19.247,1.30337,1.30341,1.50,5.32
2018.05.18 14:02:19.401,1.30337,1.30341,2.25,1.37
2018.05.18 14:02:19.996,1.30337,1.30341,1.50,1.50
2018.05.18 14:02:20.518,1.30336,1.30341,2.25,1.50
2018.05.18 14:02:20.674,1.30333,1.30338,2.32,1.87
2018.05.18 14:02:20.987,1.30337,1.3034,1.00,1.50
2018.05.18 14:02:21.707,1.30338,1.30342,1.00,1.57
2018.05.18 14:02:22.219,1.30337,1.30341,1.50,1.12
2018.05.18 14:02:22.882,1.30336,1.30342,1.69,4.31
2018.05.18 14:02:23.440,1.30337,1.30341,1.00,1.12
2018.05.18 14:02:24.043,1.30337,1.30341,1.00,1.31
2018.05.18 14:02:24.595,1.30336,1.30342,1.00,5.06
2018.05.18 14:02:25.116,1.30337,1.30342,1.00,4.50
2018.05.18 14:02:27.281,1.30336,1.30341,1.50,1.31
2018.05.18 14:02:27.799,1.30336,1.30339,1.00,1.00
2018.05.18 14:02:28.464,1.30336,1.3034,1.00,4.31
2018.05.18 14:02:29.027,1.30336,1.30339,1.50,1.19
2018.05.18 14:02:29.286,1.30336,1.3034,1.50,4.12
2018.05.18 14:02:29.830,1.30336,1.30339,1.50,1.00
2018.05.18 14:02:30.209,1.30335,1.30338,1.00,1.69
2018.05.18 14:02:30.836,1.30334,1.30337,1.00,3.00
2018.05.18 14:02:31.558,1.30334,1.30336,1.50,1.00
2018.05.18 14:02:31.777,1.30332,1.30336,1.00,1.87
2018.05.18 14:02:31.834,1.30332,1.30334,1.00,1.00
2018.05.18 14:02:32.349,1.30331,1.30333,1.00,1.25
2018.05.18 14:02:32.557,1.30328,1.30333,1.50,3.56
2018.05.18 14:02:32.661,1.30328,1.30329,1.00,1.00
2018.05.18 14:02:32.713,1.30325,1.30329,1.50,1.31
2018.05.18 14:02:33.257,1.30324,1.30329,2.25,1.87
2018.05.18 14:02:35.849,1.30322,1.30327,1.95,2.25
2018.05.18 14:02:35.900,1.30322,1.30326,1.00,2.44
2018.05.18 14:02:36.436,1.30321,1.30325,1.00,1.00
2018.05.18 14:02:37.598,1.30323,1.30325,1.00,1.00
2018.05.18 14:02:37.650,1.3032,1.30325,2.68,1.00
2018.05.18 14:02:38.164,1.30323,1.30325,1.00,1.25
2018.05.18 14:02:38.216,1.30324,1.30328,1.50,5.14
2018.05.18 14:02:38.321,1.30325,1.3033,1.00,3.26
2018.05.18 14:02:38.469,1.30327,1.3033,1.00,3.00
2018.05.18 14:02:38.886,1.30328,1.30332,1.00,1.19
2018.05.18 14:02:38.939,1.30326,1.30331,2.32,1.69
2018.05.18 14:02:39.199,1.30325,1.3033,2.62,2.25
2018.05.18 14:02:39.721,1.30326,1.3033,1.00,1.00
2018.05.18 14:02:40.384,1.30327,1.3033,1.00,1.00
2018.05.18 14:02:40.931,1.30326,1.3033,1.00,1.00
2018.05.18 14:02:41.652,1.30327,1.3033,1.00,1.00
2018.05.18 14:02:42.205,1.30326,1.30329,1.50,1.25
2018.05.18 14:02:42.618,1.30324,1.30327,1.00,1.00
2018.05.18 14:02:43.130,1.30323,1.30327,1.12,1.25
2018.05.18 14:02:43.640,1.30323,1.30326,1.00,1.25
2018.05.18 14:02:44.165,1.30322,1.30325,2.25,1.00
2018.05.18 14:02:44.726,1.30323,1.30326,1.00,1.00
2018.05.18 14:02:45.078,1.30315,1.30317,3.00,1.00
2018.05.18 14:02:45.605,1.30314,1.30318,1.00,2.81
2018.05.18 14:02:46.254,1.30313,1.30317,1.00,1.25
2018.05.18 14:02:46.806,1.30314,1.30318,1.00,1.69
2018.05.18 14:02:47.043,1.30312,1.30317,1.50,1.44
2018.05.18 14:02:47.465,1.30313,1.30318,1.50,1.57
2018.05.18 14:02:47.977,1.30313,1.30317,1.00,1.00
2018.05.18 14:02:48.500,1.30312,1.30317,1.50,1.44
2018.05.18 14:02:48.830,1.30311,1.30316,1.50,1.44
2018.05.18 14:02:49.137,1.30309,1.30313,1.50,1.31
2018.05.18 14:02:49.401,1.30311,1.30314,1.00,1.76
2018.05.18 14:02:49.913,1.30312,1.30316,1.50,2.06
2018.05.18 14:02:50.264,1.30314,1.30317,1.00,3.37
2018.05.18 14:02:50.316,1.30312,1.30316,1.50,1.12
2018.05.18 14:02:50.871,1.30312,1.30316,1.00,1.50
2018.05.18 14:02:51.178,1.3031,1.30317,1.57,3.45
2018.05.18 14:02:51.578,1.3031,1.30313,1.57,1.12
2018.05.18 14:02:52.117,1.3031,1.30313,1.50,1.44
2018.05.18 14:02:52.322,1.3031,1.30315,1.00,4.12
2018.05.18 14:02:52.683,1.30311,1.30314,1.00,1.69
2018.05.18 14:02:53.465,1.30311,1.30314,1.00,1.31
2018.05.18 14:02:53.980,1.3031,1.30314,1.00,1.62
2018.05.18 14:02:54.867,1.30307,1.30311,1.95,2.25
2018.05.18 14:02:55.185,1.30302,1.30306,1.50,1.76
2018.05.18 14:02:55.755,1.30301,1.30307,1.50,1.57
2018.05.18 14:02:55.929,1.30303,1.30307,1.00,1.72
2018.05.18 14:02:55.980,1.30301,1.30307,1.50,2.29
2018.05.18 14:02:56.139,1.30303,1.30307,1.00,1.46
2018.05.18 14:02:56.610,1.30304,1.30307,1.00,1.10
2018.05.18 14:02:56.867,1.30303,1.30307,1.00,1.01
2018.05.18 14:02:57.074,1.30299,1.30305,1.57,1.69
2018.05.18 14:02:57.126,1.30299,1.30303,1.10,1.25
2018.05.18 14:02:57.459,1.30297,1.30301,1.00,1.25
2018.05.18 14:02:58.039,1.30298,1.30302,1.00,1.01
2018.05.18 14:02:58.142,1.30296,1.30301,1.00,1.25
2018.05.18 14:02:58.350,1.30294,1.30299,1.00,1.00
2018.05.18 14:02:58.695,1.30295,1.30298,1.00,2.62
2018.05.18 14:02:59.344,1.30294,1.30298,1.00,2.25
2018.05.18 14:02:59.717,1.30292,1.30297,1.10,2.44
2018.05.18 14:02:59.776,1.30294,1.30297,1.00,1.25
2018.05.18 14:02:59.889,1.30291,1.30296,1.00,2.25
2018.05.18 14:03:00.238,1.30293,1.30295,1.00,1.20
2018.05.18 14:03:00.291,1.30288,1.30293,1.57,2.44
2018.05.18 14:03:02.134,1.3029,1.30293,1.00,1.19
2018.05.18 14:03:02.677,1.30289,1.30293,1.00,2.44
2018.05.18 14:03:03.223,1.30288,1.30293,1.57,2.06
2018.05.18 14:03:03.872,1.30289,1.30293,1.50,1.31
2018.05.18 14:03:04.405,1.30288,1.30293,1.00,4.95
2018.05.18 14:03:04.945,1.30288,1.30291,1.00,1.69
2018.05.18 14:03:06.197,1.30288,1.30291,1.00,1.44
2018.05.18 14:03:06.250,1.30288,1.30291,1.00,1.12
2018.05.18 14:03:06.966,1.30291,1.30293,1.00,1.10
2018.05.18 14:03:07.172,1.30291,1.30295,1.00,1.12
2018.05.18 14:03:07.474,1.30292,1.30297,1.87,1.00
2018.05.18 14:03:08.124,1.30293,1.30298,1.00,1.25
2018.05.18 14:03:08.470,1.30295,1.30298,1.00,1.50
2018.05.18 14:03:08.990,1.30293,1.30297,1.10,1.50
2018.05.18 14:03:09.098,1.30296,1.30298,1.00,1.62
2018.05.18 14:03:09.345,1.30295,1.303,1.00,1.87
2018.05.18 14:03:09.896,1.30294,1.303,1.57,2.81
2018.05.18 14:03:10.827,1.30296,1.30301,1.00,3.45
2018.05.18 14:03:11.348,1.30295,1.303,1.00,1.25
2018.05.18 14:03:11.875,1.30297,1.303,1.00,1.00
2018.05.18 14:03:12.382,1.30297,1.30301,1.00,2.33
2018.05.18 14:03:12.433,1.30297,1.30301,1.00,1.39
2018.05.18 14:03:12.807,1.30297,1.30301,1.00,2.70
2018.05.18 14:03:13.318,1.30297,1.30301,1.00,1.57
2018.05.18 14:03:13.514,1.30297,1.30302,1.00,4.39
2018.05.18 14:03:13.620,1.30295,1.30301,1.57,1.69
2018.05.18 14:03:13.861,1.30297,1.30302,1.50,3.94
2018.05.18 14:03:14.395,1.30298,1.30303,1.00,4.76
2018.05.18 14:03:14.960,1.30297,1.30302,1.00,1.69
2018.05.18 14:03:15.664,1.30298,1.30302,1.00,1.58
2018.05.18 14:03:16.026,1.30297,1.30302,1.00,1.69
2018.05.18 14:03:16.573,1.30297,1.30301,1.00,2.14
2018.05.18 14:03:16.625,1.30295,1.30301,1.69,2.89
2018.05.18 14:03:16.830,1.30297,1.30301,1.00,1.76
2018.05.18 14:03:17.313,1.30294,1.30297,1.69,1.69
2018.05.18 14:03:17.796,1.30295,1.30298,1.00,1.39
2018.05.18 14:03:18.314,1.30294,1.30298,1.00,1.25
2018.05.18 14:03:18.827,1.30294,1.30298,1.00,1.31
2018.05.18 14:03:19.421,1.30294,1.30298,1.00,1.01
2018.05.18 14:03:19.965,1.30295,1.30298,1.00,1.25
2018.05.18 14:03:20.123,1.30297,1.30299,1.00,3.00
2018.05.18 14:03:20.459,1.30295,1.30299,1.00,1.31
2018.05.18 14:03:21.630,1.30294,1.30299,1.50,3.00
2018.05.18 14:03:21.682,1.30296,1.30299,1.00,1.69
2018.05.18 14:03:22.187,1.30296,1.303,1.00,3.00
2018.05.18 14:03:22.707,1.30297,1.30301,1.00,1.37
2018.05.18 14:03:23.032,1.30299,1.30301,1.00,1.37
2018.05.18 14:03:23.290,1.30299,1.30302,1.00,1.12
2018.05.18 14:03:23.499,1.30301,1.30304,1.00,1.69
2018.05.18 14:03:24.055,1.303,1.30305,1.00,1.95
2018.05.18 14:03:24.779,1.303,1.30305,1.00,1.69
2018.05.18 14:03:25.481,1.30302,1.30305,1.00,1.50
2018.05.18 14:03:26.022,1.30302,1.30305,1.00,1.19
2018.05.18 14:03:26.124,1.30302,1.30306,1.00,1.39
2018.05.18 14:03:26.700,1.30302,1.30306,1.00,2.14
2018.05.18 14:03:27.480,1.30304,1.30306,1.00,1.20
2018.05.18 14:03:27.701,1.30304,1.30308,1.00,7.20
2018.05.18 14:03:28.011,1.30304,1.30307,1.00,1.44
2018.05.18 14:03:28.581,1.30304,1.30307,1.00,2.44
2018.05.18 14:03:28.633,1.30302,1.30307,1.50,1.12
2018.05.18 14:03:29.380,1.30304,1.30307,1.00,1.00
2018.05.18 14:03:29.932,1.30305,1.30309,1.00,1.37
2018.05.18 14:03:30.244,1.30309,1.30312,1.00,1.69
2018.05.18 14:03:31.285,1.30309,1.30313,1.00,1.57
2018.05.18 14:03:31.922,1.30309,1.30313,1.00,1.57
2018.05.18 14:03:32.468,1.30309,1.30313,1.00,1.57
2018.05.18 14:03:33.124,1.30309,1.30313,1.00,1.57
2018.05.18 14:03:33.178,1.30311,1.30314,2.25,2.51
2018.05.18 14:03:33.333,1.30309,1.30313,1.00,2.06
2018.05.18 14:03:33.437,1.30306,1.3031,1.00,1.44
2018.05.18 14:03:33.489,1.30304,1.30309,1.69,1.63
2018.05.18 14:03:34.014,1.30305,1.30309,1.00,1.69
2018.05.18 14:03:34.271,1.30303,1.3031,1.20,7.43
2018.05.18 14:03:35.223,1.30302,1.30308,3.26,1.12
2018.05.18 14:03:35.704,1.30304,1.30308,1.25,1.12
2018.05.18 14:03:37.102,1.30307,1.3031,1.00,1.12
2018.05.18 14:03:37.333,1.30304,1.30309,1.00,2.63
2018.05.18 14:03:37.704,1.30302,1.30308,1.50,1.00
2018.05.18 14:03:38.227,1.30305,1.30308,1.25,1.50
2018.05.18 14:03:38.749,1.30305,1.30307,1.25,1.31
2018.05.18 14:03:39.063,1.30307,1.3031,1.25,1.39
2018.05.18 14:03:39.116,1.30309,1.30311,1.25,2.89
2018.05.18 14:03:39.564,1.30307,1.30309,1.25,1.00
2018.05.18 14:03:40.215,1.30306,1.30309,1.25,1.19
2018.05.18 14:03:40.721,1.30306,1.30309,1.25,1.31
2018.05.18 14:03:41.273,1.30307,1.30312,1.25,2.19
2018.05.18 14:03:41.479,1.30305,1.30311,3.00,2.06
2018.05.18 14:03:42.013,1.30306,1.30311,1.69,1.31
2018.05.18 14:03:43.291,1.30305,1.3031,5.70,1.00
2018.05.18 14:03:43.572,1.30306,1.3031,1.25,1.87
2018.05.18 14:03:43.676,1.30306,1.3031,2.44,1.25
2018.05.18 14:03:43.836,1.30308,1.30311,1.25,5.06
2018.05.18 14:03:44.149,1.30306,1.30309,1.25,1.25
2018.05.18 14:03:44.535,1.30308,1.3031,1.25,1.12
2018.05.18 14:03:45.099,1.30308,1.30311,1.25,1.00
2018.05.18 14:03:45.623,1.30308,1.30312,1.25,1.69
2018.05.18 14:03:46.159,1.30309,1.30313,1.25,3.82
2018.05.18 14:03:46.334,1.30307,1.30311,3.19,1.25
2018.05.18 14:03:46.778,1.30307,1.3031,1.25,3.37
2018.05.18 14:03:47.138,1.30305,1.30309,1.25,4.01
2018.05.18 14:03:47.659,1.30304,1.30308,1.69,1.50
2018.05.18 14:03:48.194,1.30304,1.30309,1.69,1.57
2018.05.18 14:03:48.718,1.30305,1.30309,1.25,1.29
2018.05.18 14:03:49.362,1.30305,1.3031,1.00,4.39
2018.05.18 14:03:49.970,1.30304,1.30308,1.31,3.94
2018.05.18 14:03:50.333,1.30302,1.30306,3.19,2.62
2018.05.18 14:03:50.386,1.30301,1.30302,1.00,1.00
2018.05.18 14:03:50.488,1.303,1.30305,1.00,2.81
2018.05.18 14:03:51.027,1.303,1.30304,1.25,1.69
2018.05.18 14:03:51.569,1.30299,1.30304,1.25,2.51
2018.05.18 14:03:52.175,1.30299,1.30304,1.25,3.26
2018.05.18 14:03:52.278,1.30298,1.30304,5.06,3.26
2018.05.18 14:03:52.437,1.30299,1.30304,1.25,3.82
2018.05.18 14:03:52.779,1.30297,1.30301,1.87,1.25
2018.05.18 14:03:52.936,1.30297,1.30301,2.81,1.31
2018.05.18 14:03:53.440,1.30296,1.30301,4.12,2.89
2018.05.18 14:03:53.987,1.30296,1.30301,1.25,1.76
2018.05.18 14:03:54.510,1.30296,1.30301,1.00,2.70
2018.05.18 14:03:55.051,1.30297,1.30301,1.00,1.19
2018.05.18 14:03:56.086,1.30297,1.30301,1.69,1.25
2018.05.18 14:03:56.639,1.30297,1.30301,1.69,1.19
2018.05.18 14:03:57.190,1.30297,1.30301,1.50,1.12
2018.05.18 14:03:57.737,1.30297,1.30302,1.50,3.26
2018.05.18 14:03:58.316,1.30299,1.30302,1.25,1.69
2018.05.18 14:03:58.420,1.30299,1.30304,1.25,1.10
2018.05.18 14:03:59.103,1.303,1.30304,1.69,1.00
2018.05.18 14:03:59.908,1.303,1.30305,1.31,2.44
2018.05.18 14:04:00.010,1.303,1.30303,1.31,1.00
2018.05.18 14:04:00.216,1.303,1.30305,1.31,1.69
2018.05.18 14:04:00.766,1.303,1.30304,1.25,1.25
2018.05.18 14:04:02.790,1.30301,1.30305,1.25,1.25
2018.05.18 14:04:02.842,1.30299,1.30305,7.39,1.00
2018.05.18 14:04:02.894,1.30299,1.30305,6.45,1.25
2018.05.18 14:04:03.428,1.30299,1.30305,4.95,1.20
2018.05.18 14:04:04.353,1.30301,1.30305,1.00,1.04
2018.05.18 14:04:04.873,1.30301,1.30305,1.00,1.23
2018.05.18 14:04:05.713,1.30301,1.30306,1.12,1.50
2018.05.18 14:04:06.261,1.30301,1.30306,2.06,1.69
2018.05.18 14:04:06.778,1.30302,1.30306,1.25,1.25
2018.05.18 14:04:07.082,1.30305,1.3031,1.00,1.19
2018.05.18 14:04:07.595,1.30306,1.30311,1.00,1.69
2018.05.18 14:04:08.138,1.30306,1.30311,1.37,1.69
2018.05.18 14:04:08.666,1.30307,1.30314,4.87,5.70
2018.05.18 14:04:08.719,1.30311,1.30315,1.00,1.20
2018.05.18 14:04:09.062,1.30309,1.30313,1.37,1.19
2018.05.18 14:04:09.578,1.30309,1.30313,1.37,1.25
2018.05.18 14:04:09.901,1.30313,1.30318,1.87,2.70
2018.05.18 14:04:10.421,1.30314,1.3032,1.50,5.89
2018.05.18 14:04:11.289,1.30314,1.3032,1.00,4.20
2018.05.18 14:04:11.832,1.30314,1.3032,1.00,7.20
2018.05.18 14:04:12.225,1.30313,1.30319,2.25,1.95
2018.05.18 14:04:12.850,1.30313,1.30318,1.87,1.19
2018.05.18 14:04:13.654,1.30313,1.30318,1.87,1.19
2018.05.18 14:04:13.757,1.30313,1.30319,1.87,7.38
2018.05.18 14:04:14.306,1.30314,1.30319,1.00,8.13
2018.05.18 14:04:15.023,1.30314,1.30318,1.50,1.44
2018.05.18 14:04:15.623,1.30314,1.30318,1.87,1.00
2018.05.18 14:04:16.253,1.30314,1.3032,1.12,5.13
2018.05.18 14:04:16.766,1.30314,1.30319,1.00,1.38
2018.05.18 14:04:17.474,1.30314,1.30319,1.00,2.70
2018.05.18 14:04:17.631,1.30315,1.30317,1.00,1.25
2018.05.18 14:04:18.136,1.30314,1.30318,1.87,1.50
2018.05.18 14:04:18.678,1.30314,1.30317,1.87,1.00
2018.05.18 14:04:19.200,1.30314,1.30316,1.00,1.00
2018.05.18 14:04:19.720,1.30313,1.30316,1.12,1.44
2018.05.18 14:04:20.004,1.30313,1.30318,1.87,1.87
2018.05.18 14:04:20.262,1.30312,1.30318,1.50,6.07
2018.05.18 14:04:20.807,1.30313,1.30318,1.12,2.80
2018.05.18 14:04:21.265,1.30313,1.30318,1.50,1.57
2018.05.18 14:04:21.522,1.30313,1.30318,2.25,2.32
2018.05.18 14:04:22.056,1.30312,1.30317,1.12,1.87
2018.05.18 14:04:22.568,1.30313,1.30318,1.00,2.25
2018.05.18 14:04:23.183,1.30312,1.30318,1.87,2.62
2018.05.18 14:04:23.896,1.30311,1.30316,1.39,3.19
2018.05.18 14:04:24.504,1.3031,1.30316,2.14,4.12
2018.05.18 14:04:25.021,1.30309,1.30314,1.85,1.69
2018.05.18 14:04:25.721,1.30312,1.30316,1.50,4.20
2018.05.18 14:04:26.248,1.30312,1.30317,1.57,2.81
2018.05.18 14:04:26.794,1.30313,1.30317,1.00,1.00
2018.05.18 14:04:27.306,1.30314,1.30318,1.00,1.50
2018.05.18 14:04:27.824,1.30314,1.30318,1.00,1.19
2018.05.18 14:04:28.219,1.30312,1.30318,1.76,2.06
2018.05.18 14:04:28.723,1.30312,1.30319,3.64,5.89
2018.05.18 14:04:29.284,1.30312,1.30318,3.45,1.19
2018.05.18 14:04:29.489,1.30314,1.30318,1.00,1.50
2018.05.18 14:04:29.909,1.30313,1.30317,1.00,1.44
2018.05.18 14:04:30.293,1.30311,1.30316,1.10,1.69
2018.05.18 14:04:30.829,1.3031,1.30316,4.01,1.19
2018.05.18 14:04:31.364,1.3031,1.30316,3.83,1.44
2018.05.18 14:04:31.880,1.3031,1.30316,4.76,1.19
2018.05.18 14:04:31.984,1.3031,1.30317,4.57,2.51
2018.05.18 14:04:32.347,1.30313,1.30318,1.00,2.25
2018.05.18 14:04:32.695,1.30314,1.3032,1.95,3.19
2018.05.18 14:04:33.192,1.30316,1.30321,1.00,1.25
2018.05.18 14:04:33.941,1.30317,1.30322,1.00,1.44
2018.05.18 14:04:34.161,1.30318,1.30323,1.00,1.76
2018.05.18 14:04:34.663,1.30319,1.30323,1.00,1.69
2018.05.18 14:04:34.716,1.30319,1.30325,3.38,1.76
2018.05.18 14:04:34.824,1.30321,1.30327,3.26,1.25
2018.05.18 14:04:35.037,1.30323,1.30328,1.00,1.25
2018.05.18 14:04:35.347,1.30322,1.30327,1.20,1.19
2018.05.18 14:04:35.741,1.3032,1.30325,1.95,1.25
2018.05.18 14:04:35.843,1.30318,1.30323,1.01,1.25
2018.05.18 14:04:36.176,1.30317,1.30323,1.00,4.95
2018.05.18 14:04:36.687,1.30316,1.30321,2.25,1.19
2018.05.18 14:04:37.203,1.30316,1.30322,1.00,4.57
2018.05.18 14:04:37.894,1.30315,1.30321,1.25,1.50
2018.05.18 14:04:38.685,1.30314,1.3032,1.87,1.50
2018.05.18 14:04:39.462,1.30314,1.3032,2.06,1.44
2018.05.18 14:04:39.970,1.30314,1.3032,2.44,1.19
2018.05.18 14:04:40.372,1.30312,1.30319,3.56,3.19
2018.05.18 14:04:40.883,1.30312,1.30319,3.26,2.62
2018.05.18 14:04:41.203,1.30315,1.30319,1.00,1.19
2018.05.18 14:04:41.752,1.30315,1.3032,1.25,1.31
2018.05.18 14:04:42.660,1.30315,1.3032,1.13,1.31
2018.05.18 14:04:43.216,1.30315,1.3032,1.00,1.50
2018.05.18 14:04:43.584,1.30313,1.30318,2.70,1.25
2018.05.18 14:04:43.792,1.30311,1.30317,1.01,2.06
2018.05.18 14:04:44.306,1.3031,1.30317,1.76,1.76
2018.05.18 14:04:44.626,1.30312,1.30317,1.25,3.08
2018.05.18 14:04:46.381,1.30311,1.30315,1.25,1.00
2018.05.18 14:04:47.411,1.3031,1.30315,1.00,1.31
2018.05.18 14:04:48.092,1.30309,1.30315,3.56,1.12
2018.05.18 14:04:48.642,1.30309,1.30315,2.44,1.19
2018.05.18 14:04:49.495,1.30309,1.30314,2.89,1.19
2018.05.18 14:04:50.162,1.30312,1.30317,1.00,3.07
2018.05.18 14:04:50.395,1.30312,1.30318,1.57,2.06
2018.05.18 14:04:50.447,1.30311,1.30316,4.01,1.25
2018.05.18 14:04:50.794,1.3031,1.30317,3.64,4.01
2018.05.18 14:04:51.132,1.30311,1.30316,1.12,1.13
2018.05.18 14:04:51.661,1.3031,1.30316,3.07,1.31
2018.05.18 14:04:52.211,1.3031,1.30317,3.26,2.51
2018.05.18 14:04:52.728,1.30311,1.30317,1.00,3.45
2018.05.18 14:04:53.278,1.30311,1.30317,1.00,3.45
2018.05.18 14:04:53.776,1.30313,1.30317,1.00,1.76
2018.05.18 14:04:54.010,1.30311,1.30316,1.00,1.44
2018.05.18 14:04:54.168,1.3031,1.30314,1.00,2.25
2018.05.18 14:04:54.274,1.3031,1.30314,1.00,2.62
2018.05.18 14:04:54.826,1.30311,1.30314,1.00,1.25
2018.05.18 14:04:55.606,1.30311,1.30315,1.50,1.25
2018.05.18 14:04:56.421,1.30311,1.30315,1.00,1.44
2018.05.18 14:04:57.332,1.30311,1.30315,1.00,1.12
2018.05.18 14:04:57.853,1.30311,1.30315,1.00,1.19
2018.05.18 14:04:58.356,1.30311,1.30315,1.00,1.25
2018.05.18 14:04:58.991,1.30311,1.30314,1.00,1.25
2018.05.18 14:04:59.309,1.30311,1.30314,1.00,1.87
2018.05.18 14:04:59.362,1.30309,1.30314,1.87,1.87
2018.05.18 14:04:59.520,1.30311,1.30314,1.00,1.20
2018.05.18 14:05:00.049,1.30311,1.30315,1.00,2.14
2018.05.18 14:05:00.453,1.30311,1.30314,1.00,1.19
2018.05.18 14:05:00.506,1.30311,1.30314,1.00,1.25
2018.05.18 14:05:00.611,1.30311,1.30313,1.00,1.44
2018.05.18 14:05:00.958,1.30308,1.30313,1.50,1.87
2018.05.18 14:05:01.010,1.30309,1.30313,1.12,2.81
2018.05.18 14:05:01.621,1.30308,1.30312,1.00,1.00
2018.05.18 14:05:02.171,1.30308,1.30312,1.00,1.87
2018.05.18 14:05:02.354,1.30309,1.30313,1.00,1.57
2018.05.18 14:05:03.030,1.30309,1.30312,1.00,1.00
2018.05.18 14:05:03.555,1.30309,1.30313,1.00,1.10
2018.05.18 14:05:04.066,1.30309,1.30312,1.50,1.00
2018.05.18 14:05:04.430,1.30309,1.30314,1.50,1.69
2018.05.18 14:05:04.535,1.30309,1.30314,1.50,2.44
2018.05.18 14:05:04.791,1.30309,1.30314,1.50,1.25
2018.05.18 14:05:05.306,1.30313,1.30317,1.00,3.26
2018.05.18 14:05:05.837,1.30312,1.30315,1.00,1.19
2018.05.18 14:05:06.362,1.30312,1.30315,1.00,1.25
2018.05.18 14:05:07.168,1.30312,1.30315,1.00,1.19
2018.05.18 14:05:07.817,1.30311,1.30315,1.00,3.19
2018.05.18 14:05:08.730,1.30311,1.30315,1.00,2.62
2018.05.18 14:05:09.677,1.30311,1.30315,1.00,2.25
2018.05.18 14:05:09.986,1.3031,1.30314,1.00,1.19
2018.05.18 14:05:10.512,1.3031,1.30314,1.00,2.44
2018.05.18 14:05:11.023,1.3031,1.30314,1.00,1.87
2018.05.18 14:05:11.364,1.30309,1.30311,1.57,1.00
2018.05.18 14:05:11.417,1.30308,1.3031,1.00,1.00
2018.05.18 14:05:11.483,1.30306,1.3031,1.12,2.06
2018.05.18 14:05:12.042,1.30303,1.30304,1.20,1.00
2018.05.18 14:05:12.147,1.30303,1.30308,1.00,4.20
2018.05.18 14:05:12.882,1.30305,1.30309,1.00,1.00
2018.05.18 14:05:13.637,1.30305,1.3031,1.00,1.20
2018.05.18 14:05:14.052,1.30306,1.30311,1.00,1.31
2018.05.18 14:05:14.563,1.30306,1.3031,1.00,1.12
2018.05.18 14:05:15.088,1.30306,1.30311,1.50,1.25
2018.05.18 14:05:15.608,1.30307,1.30311,1.00,1.69
2018.05.18 14:05:16.174,1.30307,1.30311,1.00,1.50
2018.05.18 14:05:16.954,1.30308,1.30311,1.00,1.00
2018.05.18 14:05:17.108,1.30308,1.30313,1.00,2.32
2018.05.18 14:05:17.725,1.30309,1.30312,1.00,1.00
2018.05.18 14:05:18.236,1.30309,1.30312,1.00,1.19
2018.05.18 14:05:18.797,1.30309,1.30312,1.00,1.00
2018.05.18 14:05:18.914,1.30312,1.30315,1.00,1.00
2018.05.18 14:05:18.968,1.30313,1.30318,1.12,3.82
2018.05.18 14:05:19.524,1.30314,1.30318,1.00,1.25
2018.05.18 14:05:20.035,1.30314,1.30318,1.00,1.19
2018.05.18 14:05:20.537,1.30314,1.30318,1.00,3.00
2018.05.18 14:05:21.069,1.30314,1.30318,1.00,1.31
2018.05.18 14:05:21.580,1.30313,1.30318,1.00,1.69
2018.05.18 14:05:22.176,1.30314,1.30317,1.00,1.12
2018.05.18 14:05:22.552,1.30316,1.30318,1.00,1.69
2018.05.18 14:05:22.605,1.30317,1.3032,1.00,2.25
2018.05.18 14:05:22.667,1.30317,1.30322,1.00,1.76
2018.05.18 14:05:22.719,1.30317,1.3032,1.00,1.00
2018.05.18 14:05:22.771,1.30318,1.30323,1.00,2.14
2018.05.18 14:05:22.874,1.3032,1.30323,1.00,3.19
2018.05.18 14:05:22.977,1.30318,1.30322,1.12,1.31
2018.05.18 14:05:23.228,1.30318,1.30323,1.12,1.25
2018.05.18 14:05:23.750,1.30319,1.30322,1.00,1.00
2018.05.18 14:05:24.251,1.30319,1.30323,1.00,1.31
2018.05.18 14:05:24.304,1.30321,1.30325,1.00,4.95
2018.05.18 14:05:24.614,1.30318,1.30322,1.50,1.19
2018.05.18 14:05:25.006,1.3032,1.30324,1.00,1.37
2018.05.18 14:05:25.577,1.30319,1.30324,1.50,2.06
2018.05.18 14:05:26.109,1.3032,1.30324,1.00,1.19
2018.05.18 14:05:26.265,1.30318,1.30323,1.00,1.87
2018.05.18 14:05:26.808,1.30317,1.30322,1.12,2.44
2018.05.18 14:05:27.346,1.30317,1.30321,1.12,1.19
2018.05.18 14:05:27.812,1.30314,1.30318,2.51,1.25
2018.05.18 14:05:28.306,1.30314,1.30318,1.00,1.50
2018.05.18 14:05:28.879,1.30314,1.30318,1.00,1.87
2018.05.18 14:05:29.396,1.30314,1.30318,1.12,1.00
2018.05.18 14:05:29.871,1.30312,1.30317,1.75,1.44
2018.05.18 14:05:30.449,1.30311,1.30317,3.82,1.00
2018.05.18 14:05:30.501,1.30311,1.30317,2.51,1.00
2018.05.18 14:05:31.011,1.30312,1.30318,1.31,3.00
2018.05.18 14:05:33.062,1.30312,1.30317,1.12,1.00
2018.05.18 14:05:33.596,1.30313,1.30318,1.00,1.00
2018.05.18 14:05:34.387,1.30313,1.30317,1.12,1.00
2018.05.18 14:05:34.909,1.30313,1.30316,1.12,1.00
2018.05.18 14:05:35.427,1.30313,1.30317,1.12,1.00
2018.05.18 14:05:35.838,1.30314,1.30319,1.50,1.00
2018.05.18 14:05:36.149,1.30316,1.30321,1.00,1.50
2018.05.18 14:05:36.696,1.30317,1.30322,1.50,1.00
2018.05.18 14:05:37.005,1.30315,1.3032,2.25,1.25
2018.05.18 14:05:37.518,1.30316,1.30321,2.06,1.00
2018.05.18 14:05:38.073,1.30316,1.30321,1.50,1.00
2018.05.18 14:05:39.281,1.30315,1.30321,2.25,1.25
2018.05.18 14:05:39.791,1.30315,1.30321,1.87,1.87
2018.05.18 14:05:40.327,1.30315,1.30321,1.87,2.44
2018.05.18 14:05:40.734,1.30319,1.30324,1.00,1.20
2018.05.18 14:05:40.840,1.3032,1.30325,1.12,1.00
2018.05.18 14:05:40.945,1.3032,1.30323,1.20,1.00
2018.05.18 14:05:42.059,1.30318,1.30323,1.95,1.00
2018.05.18 14:05:43.177,1.30318,1.30324,1.87,2.25
2018.05.18 14:05:43.436,1.30318,1.30324,1.87,3.19
2018.05.18 14:05:44.031,1.30318,1.30323,1.87,1.25
2018.05.18 14:05:44.342,1.30321,1.30325,1.00,1.01
2018.05.18 14:05:44.602,1.3032,1.30327,2.70,2.70
2018.05.18 14:05:44.832,1.3032,1.30326,3.45,1.44
2018.05.18 14:05:45.175,1.30322,1.30326,1.00,1.44
2018.05.18 14:05:45.662,1.30322,1.30327,1.50,1.87
2018.05.18 14:05:46.240,1.30322,1.30329,1.50,3.26
2018.05.18 14:05:46.781,1.30323,1.30329,1.00,1.95
2018.05.18 14:05:47.282,1.30325,1.3033,1.00,2.51
2018.05.18 14:05:47.597,1.30327,1.30333,1.00,1.20
2018.05.18 14:05:48.513,1.30327,1.30331,1.00,1.31
2018.05.18 14:05:49.042,1.30326,1.30331,1.12,1.12
2018.05.18 14:05:49.424,1.30328,1.30332,1.00,1.25
2018.05.18 14:05:49.476,1.30326,1.30331,2.70,1.00
2018.05.18 14:05:49.990,1.30325,1.3033,3.75,1.12
2018.05.18 14:05:50.530,1.30325,1.30329,1.50,1.00
2018.05.18 14:05:51.089,1.30325,1.3033,1.00,1.25
2018.05.18 14:05:51.626,1.30325,1.30329,1.00,1.00
2018.05.18 14:05:52.026,1.30327,1.30331,1.00,1.00
2018.05.18 14:05:52.186,1.30328,1.30333,1.50,1.76
2018.05.18 14:05:52.704,1.30328,1.30332,1.00,1.25
2018.05.18 14:05:53.361,1.30328,1.30333,1.50,1.95
2018.05.18 14:05:53.837,1.30327,1.30332,1.00,1.95
2018.05.18 14:05:54.098,1.30325,1.30331,1.50,3.07
2018.05.18 14:05:54.646,1.30326,1.30331,1.00,2.51
2018.05.18 14:05:55.382,1.30326,1.3033,1.00,1.25
2018.05.18 14:05:55.933,1.30325,1.30331,1.20,1.25
2018.05.18 14:05:56.475,1.30328,1.30331,1.00,1.29
2018.05.18 14:05:57.012,1.30329,1.30331,1.00,1.00
2018.05.18 14:05:57.932,1.3033,1.30332,1.00,1.12
2018.05.18 14:05:58.322,1.30329,1.30332,1.00,1.00
2018.05.18 14:05:59.106,1.30328,1.30332,1.00,1.00
2018.05.18 14:05:59.696,1.30329,1.30332,1.00,1.87
2018.05.18 14:06:00.333,1.30329,1.30332,1.00,2.81
2018.05.18 14:06:00.591,1.30329,1.30333,1.00,3.00
2018.05.18 14:06:01.132,1.3033,1.30332,1.00,1.13
2018.05.18 14:06:01.184,1.30326,1.30332,2.62,1.31
2018.05.18 14:06:01.651,1.30328,1.30333,1.00,1.31
2018.05.18 14:06:02.161,1.30327,1.30332,2.62,1.00
2018.05.18 14:06:02.680,1.30327,1.30331,2.06,1.00
2018.05.18 14:06:03.296,1.30326,1.30332,4.39,1.88
2018.05.18 14:06:03.830,1.30327,1.30332,1.25,1.50
2018.05.18 14:06:04.147,1.3033,1.30336,4.57,2.06
2018.05.18 14:06:04.652,1.3033,1.30335,5.32,1.00
2018.05.18 14:06:05.325,1.3033,1.30334,1.95,1.00
2018.05.18 14:06:05.706,1.3033,1.30336,3.64,1.50
2018.05.18 14:06:05.758,1.30332,1.30337,2.32,1.00
2018.05.18 14:06:06.459,1.30331,1.30334,1.20,1.00
2018.05.18 14:06:06.613,1.3033,1.30335,1.50,3.00
2018.05.18 14:06:07.124,1.3033,1.30334,1.00,1.25
2018.05.18 14:06:07.688,1.3033,1.30335,1.00,4.87
2018.05.18 14:06:07.933,1.3033,1.30335,1.00,5.06
2018.05.18 14:06:08.457,1.30331,1.30334,1.00,1.12
2018.05.18 14:06:08.874,1.30332,1.30335,1.00,4.76
2018.05.18 14:06:09.065,1.30332,1.30337,1.12,1.50
2018.05.18 14:06:09.593,1.30332,1.30336,1.12,1.25
2018.05.18 14:06:09.697,1.30333,1.30338,1.00,2.14
2018.05.18 14:06:10.230,1.30334,1.30338,1.00,2.25
2018.05.18 14:06:11.012,1.30334,1.30339,1.95,1.00
2018.05.18 14:06:11.117,1.30336,1.3034,1.00,1.00
2018.05.18 14:06:11.753,1.30336,1.30341,1.50,3.00
2018.05.18 14:06:12.118,1.30338,1.30342,1.00,1.00
2018.05.18 14:06:12.328,1.3034,1.30345,1.00,3.56
2018.05.18 14:06:12.528,1.30342,1.30345,1.00,2.06
2018.05.18 14:06:12.993,1.30339,1.30344,1.87,1.25
2018.05.18 14:06:13.126,1.30339,1.30343,1.50,1.44
2018.05.18 14:06:13.372,1.30342,1.30347,1.50,1.69
2018.05.18 14:06:13.478,1.30343,1.30349,2.25,1.00
2018.05.18 14:06:13.583,1.30345,1.3035,1.00,2.89
2018.05.18 14:06:14.101,1.30344,1.3035,1.57,1.69
2018.05.18 14:06:14.445,1.30346,1.30353,2.70,1.39
2018.05.18 14:06:14.756,1.30347,1.30354,1.50,4.58
2018.05.18 14:06:15.265,1.30347,1.30352,1.00,1.31
2018.05.18 14:06:15.369,1.30345,1.30351,2.62,1.44
2018.05.18 14:06:15.627,1.30344,1.3035,2.25,1.69
2018.05.18 14:06:16.058,1.30343,1.30347,1.10,1.25
2018.05.18 14:06:16.571,1.30342,1.30346,1.95,1.00
2018.05.18 14:06:17.158,1.30343,1.30347,1.00,1.25
2018.05.18 14:06:17.666,1.30343,1.30347,1.00,1.19
2018.05.18 14:06:17.926,1.30342,1.30348,3.26,1.00
2018.05.18 14:06:18.441,1.30344,1.30348,1.10,1.00
2018.05.18 14:06:18.651,1.30345,1.3035,1.25,1.00
2018.05.18 14:06:19.277,1.30346,1.30351,1.00,1.19
2018.05.18 14:06:20.306,1.30344,1.30348,2.14,1.25
2018.05.18 14:06:20.359,1.30343,1.30348,1.57,1.25
2018.05.18 14:06:20.889,1.30343,1.30347,1.01,1.25
2018.05.18 14:06:21.436,1.30343,1.30347,1.10,1.44
2018.05.18 14:06:22.672,1.30343,1.30347,1.00,1.00
2018.05.18 14:06:23.517,1.30342,1.30347,1.10,1.00
2018.05.18 14:06:24.711,1.30342,1.30349,1.10,3.45
2018.05.18 14:06:25.355,1.30342,1.30349,1.10,2.70
2018.05.18 14:06:25.630,1.30348,1.30351,1.00,3.45
2018.05.18 14:06:25.734,1.30349,1.30354,1.31,1.20
2018.05.18 14:06:25.786,1.30351,1.30356,1.00,2.70
2018.05.18 14:06:25.839,1.30351,1.30357,1.25,3.64
2018.05.18 14:06:25.891,1.30354,1.30359,1.00,2.14
2018.05.18 14:06:25.943,1.30355,1.30359,1.00,1.00
2018.05.18 14:06:26.316,1.30353,1.3036,3.94,2.44
2018.05.18 14:06:26.630,1.30355,1.3036,1.00,1.31
2018.05.18 14:06:27.319,1.30355,1.3036,1.87,1.31
2018.05.18 14:06:27.627,1.30355,1.3036,1.57,1.69
2018.05.18 14:06:27.833,1.30353,1.30357,1.57,1.13
2018.05.18 14:06:28.011,1.30353,1.30359,1.57,1.87
2018.05.18 14:06:28.172,1.30354,1.3036,1.45,2.44
2018.05.18 14:06:28.485,1.30354,1.30358,2.70,1.00
2018.05.18 14:06:29.159,1.30354,1.3036,1.95,4.87
2018.05.18 14:06:29.708,1.30355,1.30359,1.45,3.37
2018.05.18 14:06:30.237,1.30356,1.3036,1.45,2.25
2018.05.18 14:06:30.999,1.30356,1.30361,1.45,2.81
2018.05.18 14:06:31.207,1.30356,1.30363,3.07,1.50
2018.05.18 14:06:31.742,1.30358,1.30362,1.45,1.00
2018.05.18 14:06:32.515,1.30358,1.30364,1.89,1.50
2018.05.18 14:06:32.620,1.3036,1.30365,6.45,1.50
2018.05.18 14:06:32.776,1.30361,1.30367,2.32,1.00
2018.05.18 14:06:34.037,1.30363,1.30369,2.25,1.50
2018.05.18 14:06:34.217,1.30365,1.30368,1.00,1.00
2018.05.18 14:06:34.322,1.30367,1.30373,1.00,2.32
2018.05.18 14:06:34.375,1.30369,1.30372,1.00,1.00
2018.05.18 14:06:34.632,1.30369,1.30375,2.51,1.00
2018.05.18 14:06:34.735,1.30371,1.30376,1.00,1.69
2018.05.18 14:06:35.083,1.30377,1.30382,1.00,1.50
2018.05.18 14:06:35.596,1.30375,1.30382,3.82,1.39
2018.05.18 14:06:36.325,1.30375,1.30382,2.32,1.01
2018.05.18 14:06:36.991,1.30375,1.30382,1.76,2.14
2018.05.18 14:06:37.307,1.30372,1.30377,1.57,1.50
2018.05.18 14:06:37.993,1.30371,1.30376,2.32,1.00
2018.05.18 14:06:38.457,1.3037,1.30375,3.45,1.00
2018.05.18 14:06:38.927,1.30368,1.3037,1.57,1.00
2018.05.18 14:06:39.031,1.30366,1.30372,3.07,1.50
2018.05.18 14:06:40.387,1.30366,1.3037,1.95,1.00
2018.05.18 14:06:40.930,1.30365,1.30369,2.32,1.00
2018.05.18 14:06:41.207,1.30365,1.30369,1.57,1.00
2018.05.18 14:06:41.625,1.30365,1.30372,1.13,4.65
2018.05.18 14:06:42.189,1.30365,1.30371,1.00,3.26
2018.05.18 14:06:42.738,1.30365,1.30371,1.50,3.07
2018.05.18 14:06:43.267,1.30366,1.30371,1.00,1.01
2018.05.18 14:06:43.860,1.30367,1.30371,1.00,1.00
2018.05.18 14:06:44.178,1.30367,1.30373,1.13,5.14
2018.05.18 14:06:44.387,1.30369,1.30373,1.00,1.50
2018.05.18 14:06:44.920,1.30368,1.30374,4.01,1.00
2018.05.18 14:06:45.231,1.3037,1.30374,1.95,1.00
2018.05.18 14:06:45.778,1.30371,1.30374,1.45,1.00
2018.05.18 14:06:46.556,1.30371,1.30376,1.45,1.00
2018.05.18 14:06:46.610,1.30373,1.30379,1.76,1.25
2018.05.18 14:06:46.938,1.30375,1.3038,1.45,1.31
2018.05.18 14:06:47.452,1.30375,1.3038,1.45,1.50
2018.05.18 14:06:47.711,1.30374,1.3038,1.45,1.50
2018.05.18 14:06:48.229,1.30374,1.3038,1.57,1.87
2018.05.18 14:06:48.695,1.30374,1.30378,1.57,1.00
2018.05.18 14:06:49.208,1.30374,1.30378,1.45,1.00
2018.05.18 14:06:49.361,1.30374,1.3038,1.45,2.44
2018.05.18 14:06:50.083,1.30375,1.30379,1.45,1.00
2018.05.18 14:06:51.080,1.30375,1.30381,2.33,1.25
2018.05.18 14:06:51.184,1.30376,1.30381,2.70,1.00
2018.05.18 14:06:51.237,1.30378,1.30384,1.95,1.50
2018.05.18 14:06:51.358,1.3038,1.30384,1.20,1.00
2018.05.18 14:06:51.667,1.30381,1.30384,1.45,1.00
2018.05.18 14:06:51.718,1.30381,1.30386,1.45,1.13
2018.05.18 14:06:52.393,1.30382,1.30387,1.45,1.13
2018.05.18 14:06:52.604,1.30384,1.30389,1.45,1.50
2018.05.18 14:06:53.150,1.30384,1.30388,1.45,1.00
2018.05.18 14:06:53.470,1.30383,1.30385,1.45,1.00
2018.05.18 14:06:53.573,1.30382,1.30385,1.45,1.00
2018.05.18 14:06:54.084,1.3038,1.30385,2.70,1.00
2018.05.18 14:06:55.629,1.30381,1.30385,1.45,1.50
2018.05.18 14:06:56.258,1.3038,1.30382,1.20,1.00
2018.05.18 14:06:56.310,1.30377,1.30383,2.89,2.06
2018.05.18 14:06:57.243,1.30377,1.30382,2.70,1.00
2018.05.18 14:06:57.756,1.30377,1.30381,1.45,1.25
2018.05.18 14:06:58.654,1.30376,1.30381,1.45,1.69
2018.05.18 14:06:59.595,1.30376,1.30379,1.45,1.00
2018.05.18 14:06:59.752,1.30376,1.30381,1.57,1.50
2018.05.18 14:06:59.856,1.30376,1.30378,1.57,1.00
2018.05.18 14:07:00.502,1.30375,1.30379,2.70,1.00
2018.05.18 14:07:00.793,1.30373,1.30378,1.88,1.00
2018.05.18 14:07:01.957,1.30373,1.30378,1.58,1.50
2018.05.18 14:07:02.527,1.30373,1.30378,1.58,1.00
2018.05.18 14:07:03.054,1.30373,1.30378,1.58,1.00
2018.05.18 14:07:03.311,1.30377,1.30381,1.00,1.57
2018.05.18 14:07:03.862,1.30376,1.30381,1.12,1.00
2018.05.18 14:07:05.490,1.30376,1.30382,2.51,1.25
2018.05.18 14:07:05.847,1.30378,1.30381,1.12,1.00
2018.05.18 14:07:06.471,1.30376,1.3038,1.00,1.00
2018.05.18 14:07:06.626,1.30373,1.30377,2.70,1.00
2018.05.18 14:07:07.188,1.30373,1.30376,1.75,1.00
2018.05.18 14:07:07.344,1.30372,1.30376,1.20,1.00
2018.05.18 14:07:07.449,1.30372,1.30378,1.76,1.00
2018.05.18 14:07:07.688,1.30372,1.30378,1.39,1.00
2018.05.18 14:07:07.792,1.30375,1.30381,2.25,2.70
2018.05.18 14:07:07.919,1.30375,1.30381,3.00,1.20
2018.05.18 14:07:07.972,1.30375,1.3038,1.31,1.69
2018.05.18 14:07:08.491,1.30375,1.30379,1.12,1.00
2018.05.18 14:07:09.367,1.30374,1.30379,1.01,1.19
2018.05.18 14:07:09.976,1.30373,1.30379,1.95,1.25
2018.05.18 14:07:10.184,1.30373,1.30378,1.12,1.00
2018.05.18 14:07:11.036,1.30371,1.30375,1.57,1.00
2018.05.18 14:07:11.090,1.30371,1.30377,3.45,1.69
2018.05.18 14:07:11.198,1.30374,1.30378,1.00,1.88
2018.05.18 14:07:11.833,1.30373,1.30378,1.12,1.00
2018.05.18 14:07:12.196,1.30376,1.3038,1.00,1.50
2018.05.18 14:07:13.030,1.30376,1.30379,1.12,1.00
2018.05.18 14:07:13.574,1.30374,1.30379,3.00,1.00
2018.05.18 14:07:14.625,1.30376,1.3038,1.00,1.31
2018.05.18 14:07:15.177,1.30377,1.3038,1.00,1.50
2018.05.18 14:07:15.698,1.30376,1.3038,1.00,2.25
2018.05.18 14:07:16.340,1.30375,1.3038,1.87,1.87
2018.05.18 14:07:17.083,1.30376,1.3038,1.00,2.06
2018.05.18 14:07:17.535,1.30376,1.30382,1.69,3.56
2018.05.18 14:07:17.588,1.30378,1.30382,1.00,1.87
2018.05.18 14:07:18.499,1.30379,1.30382,1.00,1.00
2018.05.18 14:07:18.757,1.3038,1.30384,4.20,1.00
2018.05.18 14:07:19.120,1.30382,1.30385,1.00,1.00
2018.05.18 14:07:19.652,1.30381,1.30385,1.12,1.00
2018.05.18 14:07:20.173,1.30381,1.30383,1.00,1.00
2018.05.18 14:07:20.408,1.30379,1.30383,1.12,1.00
2018.05.18 14:07:21.806,1.30378,1.30382,2.70,1.00
2018.05.18 14:07:22.157,1.30379,1.3038,1.00,1.00
2018.05.18 14:07:22.690,1.30376,1.30381,1.75,2.44
2018.05.18 14:07:23.052,1.30376,1.30379,1.75,1.00
2018.05.18 14:07:23.261,1.30375,1.30379,2.32,1.00
2018.05.18 14:07:23.831,1.30375,1.30378,2.32,1.00
2018.05.18 14:07:24.494,1.30375,1.30378,1.00,1.00
2018.05.18 14:07:25.125,1.30374,1.30378,1.87,1.00
2018.05.18 14:07:25.778,1.30375,1.30378,1.00,1.00
2018.05.18 14:07:26.339,1.30374,1.30378,1.57,1.25
2018.05.18 14:07:26.881,1.30375,1.30378,1.00,1.00
2018.05.18 14:07:27.477,1.30374,1.30377,1.50,1.00
2018.05.18 14:07:27.999,1.30375,1.30378,1.00,1.00
2018.05.18 14:07:28.825,1.30376,1.30378,1.00,1.00
2018.05.18 14:07:29.336,1.30375,1.30378,1.00,1.25
2018.05.18 14:07:29.881,1.30376,1.30378,1.00,1.00
2018.05.18 14:07:30.446,1.30375,1.30378,1.00,1.00
2018.05.18 14:07:30.989,1.30376,1.30379,1.00,1.00
2018.05.18 14:07:31.259,1.30376,1.30377,1.00,1.00
2018.05.18 14:07:31.949,1.30375,1.30377,1.00,1.00
2018.05.18 14:07:32.700,1.30375,1.30376,1.00,1.00
2018.05.18 14:07:32.804,1.30374,1.30377,1.12,1.00
2018.05.18 14:07:32.929,1.30374,1.30379,2.44,1.00
2018.05.18 14:07:32.980,1.30374,1.30377,2.25,1.00
2018.05.18 14:07:33.034,1.30374,1.30378,2.32,1.00
2018.05.18 14:07:33.343,1.30376,1.30378,1.00,1.00
2018.05.18 14:07:33.843,1.30377,1.3038,1.50,1.00
2018.05.18 14:07:34.354,1.30378,1.3038,1.00,1.00
2018.05.18 14:07:34.562,1.30376,1.30379,2.70,1.00
2018.05.18 14:07:35.245,1.30377,1.30379,1.00,1.00
2018.05.18 14:07:35.661,1.30378,1.30382,1.00,1.69
2018.05.18 14:07:35.935,1.3038,1.30382,1.00,1.00
2018.05.18 14:07:36.450,1.3038,1.30382,1.50,1.00
2018.05.18 14:07:37.724,1.3038,1.30382,1.50,1.00
2018.05.18 14:07:39.089,1.30379,1.30383,2.44,1.00
2018.05.18 14:07:39.583,1.30379,1.30381,1.00,1.00
2018.05.18 14:07:40.120,1.30378,1.30381,3.64,1.00
2018.05.18 14:07:40.626,1.30379,1.30383,2.81,1.00
2018.05.18 14:07:40.960,1.30381,1.30382,1.00,1.00
2018.05.18 14:07:41.011,1.30381,1.30383,1.00,1.25
2018.05.18 14:07:41.652,1.3038,1.30383,2.25,1.00
2018.05.18 14:07:42.650,1.3038,1.30382,1.00,1.00
2018.05.18 14:07:43.013,1.30379,1.30381,1.95,1.00
2018.05.18 14:07:43.065,1.30379,1.30382,1.20,1.00
2018.05.18 14:07:43.568,1.3038,1.30382,1.00,1.00
2018.05.18 14:07:44.627,1.30379,1.30381,1.57,1.00
2018.05.18 14:07:44.989,1.30379,1.30382,1.50,1.00
2018.05.18 14:07:46.222,1.30379,1.30383,1.00,1.25
2018.05.18 14:07:46.975,1.30379,1.30381,1.00,1.00
2018.05.18 14:07:47.079,1.30379,1.30382,1.50,1.00
2018.05.18 14:07:47.752,1.30379,1.30381,1.00,1.00
2018.05.18 14:07:48.309,1.30379,1.30382,1.50,1.00
2018.05.18 14:07:48.937,1.3038,1.30382,1.00,1.00
2018.05.18 14:07:49.494,1.30379,1.30382,1.50,1.00
2018.05.18 14:07:50.011,1.30379,1.30381,1.50,1.00
2018.05.18 14:07:50.114,1.30379,1.30382,1.50,1.00
2018.05.18 14:07:50.661,1.30379,1.30381,1.00,1.00
2018.05.18 14:07:51.167,1.30378,1.30381,2.51,1.00
2018.05.18 14:07:51.707,1.30378,1.3038,2.25,1.00
2018.05.18 14:07:52.247,1.30379,1.30381,1.00,1.00
2018.05.18 14:07:52.351,1.30379,1.3038,1.00,1.00
2018.05.18 14:07:52.404,1.30379,1.30381,1.00,1.50
2018.05.18 14:07:52.707,1.30379,1.3038,1.00,1.00
2018.05.18 14:07:53.124,1.30379,1.30381,1.00,1.00
2018.05.18 14:07:53.741,1.3038,1.30383,1.00,3.19
2018.05.18 14:07:53.844,1.30379,1.30381,1.00,1.00
2018.05.18 14:07:54.358,1.30379,1.3038,1.00,1.00
2018.05.18 14:07:54.619,1.3038,1.30381,1.00,1.00
2018.05.18 14:07:54.827,1.30379,1.3038,1.00,1.00
2018.05.18 14:07:55.365,1.30378,1.3038,1.00,1.00
2018.05.18 14:07:55.949,1.30379,1.3038,1.00,1.00
2018.05.18 14:07:56.001,1.30379,1.30381,1.00,1.00
2018.05.18 14:07:56.650,1.30379,1.3038,1.00,1.00
2018.05.18 14:07:57.529,1.30378,1.3038,1.00,1.00
2018.05.18 14:07:58.088,1.30377,1.3038,1.00,1.00
2018.05.18 14:07:58.302,1.30379,1.3038,1.00,1.00
2018.05.18 14:07:59.043,1.3038,1.30381,1.00,1.00
2018.05.18 14:07:59.732,1.30379,1.3038,1.00,1.00
2018.05.18 14:07:59.785,1.3038,1.30382,1.00,1.50
2018.05.18 14:07:59.838,1.30379,1.30381,1.00,2.44
2018.05.18 14:07:59.945,1.30375,1.30377,1.00,1.25
2018.05.18 14:08:00.225,1.30378,1.30379,1.00,1.00
2018.05.18 14:08:00.662,1.30379,1.30381,1.00,1.00
2018.05.18 14:08:00.818,1.3038,1.30383,1.00,3.64
2018.05.18 14:08:01.362,1.30381,1.30384,1.00,2.63
2018.05.18 14:08:01.834,1.3038,1.30381,1.00,1.00
2018.05.18 14:08:02.820,1.30379,1.3038,1.50,1.00
2018.05.18 14:08:03.332,1.3038,1.30383,1.00,3.07
2018.05.18 14:08:04.617,1.3038,1.30382,1.00,1.31
2018.05.18 14:08:04.944,1.30379,1.30381,1.00,1.00
2018.05.18 14:08:05.221,1.3038,1.30382,1.00,1.69
2018.05.18 14:08:05.815,1.30379,1.30382,1.50,1.00
2018.05.18 14:08:06.291,1.30378,1.3038,2.25,1.00
2018.05.18 14:08:07.028,1.3038,1.30381,1.00,1.00
2018.05.18 14:08:07.081,1.30379,1.30382,2.25,1.00
2018.05.18 14:08:07.379,1.30381,1.30382,1.00,1.00
2018.05.18 14:08:07.939,1.3038,1.30382,1.00,1.00
2018.05.18 14:08:08.477,1.30381,1.30382,1.00,1.00
2018.05.18 14:08:09.049,1.30381,1.30383,1.00,1.00
2018.05.18 14:08:09.360,1.3038,1.30381,1.00,1.00
2018.05.18 14:08:09.568,1.30378,1.3038,1.00,1.00
2018.05.18 14:08:11.012,1.30379,1.3038,1.00,1.00
2018.05.18 14:08:11.169,1.30381,1.30382,1.00,1.00
2018.05.18 14:08:11.481,1.30383,1.30385,1.00,1.00
2018.05.18 14:08:11.739,1.30382,1.30383,1.00,1.00
2018.05.18 14:08:12.336,1.30382,1.30383,1.00,1.25
2018.05.18 14:08:12.886,1.30382,1.30383,1.00,1.00
2018.05.18 14:08:13.455,1.30381,1.30383,1.50,1.00
2018.05.18 14:08:13.701,1.30383,1.30386,1.00,2.51
2018.05.18 14:08:13.754,1.30385,1.30387,1.00,1.00
2018.05.18 14:08:14.013,1.30387,1.30389,1.00,4.95
2018.05.18 14:08:14.066,1.30387,1.3039,1.00,4.76
2018.05.18 14:08:14.556,1.30387,1.30388,1.00,1.00
2018.05.18 14:08:14.717,1.30388,1.3039,1.00,1.87
2018.05.18 14:08:15.027,1.30386,1.30388,2.25,1.00
2018.05.18 14:08:15.080,1.30387,1.30388,1.00,1.00
2018.05.18 14:08:15.852,1.30386,1.30388,2.25,1.25
2018.05.18 14:08:16.318,1.30385,1.30386,1.00,1.00
2018.05.18 14:08:16.478,1.30382,1.30383,1.00,1.25
2018.05.18 14:08:16.580,1.30383,1.30386,1.00,1.29
2018.05.18 14:08:16.745,1.30382,1.30383,1.00,1.00
2018.05.18 14:08:16.849,1.30383,1.30385,1.00,1.25
2018.05.18 14:08:16.951,1.30383,1.30384,1.00,1.00
2018.05.18 14:08:17.003,1.30383,1.30385,1.00,1.25
2018.05.18 14:08:17.054,1.30383,1.30384,1.00,1.00
2018.05.18 14:08:17.413,1.30383,1.30386,1.00,1.50
2018.05.18 14:08:17.525,1.3038,1.30382,1.50,1.00
2018.05.18 14:08:17.595,1.30381,1.30384,1.00,1.37
2018.05.18 14:08:17.750,1.30379,1.30381,1.50,1.00
2018.05.18 14:08:18.323,1.30376,1.30379,2.70,1.00
2018.05.18 14:08:18.583,1.30378,1.30379,1.00,1.00
2018.05.18 14:08:19.090,1.30376,1.30379,3.75,1.00
2018.05.18 14:08:19.348,1.30377,1.30378,1.00,1.00
2018.05.18 14:08:19.608,1.30378,1.30379,1.00,1.00
2018.05.18 14:08:19.798,1.30377,1.30378,1.00,1.00
2018.05.18 14:08:20.713,1.30376,1.30377,1.00,1.00
2018.05.18 14:08:21.231,1.30375,1.30377,1.00,1.00
2018.05.18 14:08:21.738,1.30374,1.30377,1.50,1.00
2018.05.18 14:08:22.279,1.30375,1.30376,1.00,1.00
2018.05.18 14:08:22.804,1.30373,1.30374,1.00,1.00
2018.05.18 14:08:23.113,1.30371,1.30372,1.00,1.00
2018.05.18 14:08:23.577,1.30368,1.30372,1.31,1.50
2018.05.18 14:08:23.629,1.30368,1.3037,1.00,1.00
2018.05.18 14:08:24.146,1.30367,1.30369,1.50,1.00
2018.05.18 14:08:25.980,1.30368,1.3037,1.00,1.00
2018.05.18 14:08:26.084,1.30367,1.30369,1.50,1.00
2018.05.18 14:08:26.395,1.30365,1.30366,1.00,1.00
2018.05.18 14:08:26.697,1.30363,1.30365,1.00,3.75
2018.05.18 14:08:27.112,1.30361,1.30363,1.00,1.50
2018.05.18 14:08:27.635,1.30362,1.30364,1.00,4.50
2018.05.18 14:08:27.973,1.30357,1.30358,1.00,1.35
2018.05.18 14:08:28.026,1.30353,1.30354,1.00,2.25
2018.05.18 14:08:28.338,1.30353,1.30356,1.00,2.25
2018.05.18 14:08:28.548,1.30357,1.30358,1.00,1.50
2018.05.18 14:08:28.757,1.30354,1.30356,1.00,1.50
2018.05.18 14:08:28.862,1.30353,1.30354,1.00,1.50
2018.05.18 14:08:29.396,1.30352,1.30353,1.00,1.00
2018.05.18 14:08:29.502,1.30353,1.30355,1.00,2.25
2018.05.18 14:08:29.608,1.3035,1.30352,1.10,1.00
2018.05.18 14:08:29.711,1.30351,1.30353,1.00,2.25
2018.05.18 14:08:29.953,1.3035,1.30351,1.00,1.00
2018.05.18 14:08:30.365,1.30351,1.30353,1.00,3.19
2018.05.18 14:08:30.872,1.30351,1.30352,1.00,1.00
2018.05.18 14:08:31.297,1.30349,1.3035,1.00,1.50
2018.05.18 14:08:31.835,1.30348,1.30349,1.50,1.00
2018.05.18 14:08:32.380,1.30347,1.30349,1.00,1.00
2018.05.18 14:08:32.906,1.30347,1.30348,1.00,1.00
2018.05.18 14:08:33.517,1.30346,1.30348,1.00,1.00
2018.05.18 14:08:34.280,1.30348,1.30349,1.00,1.00
2018.05.18 14:08:34.489,1.30345,1.30348,1.50,2.62
2018.05.18 14:08:34.703,1.30343,1.30345,1.00,1.00
2018.05.18 14:08:35.216,1.30344,1.30346,1.00,1.69
2018.05.18 14:08:35.742,1.30343,1.30344,1.00,1.00
2018.05.18 14:08:36.257,1.30345,1.30346,1.00,1.00
2018.05.18 14:08:36.984,1.30346,1.30348,1.00,1.87
2018.05.18 14:08:37.295,1.30345,1.30348,1.00,1.87
2018.05.18 14:08:37.917,1.30346,1.30347,1.00,1.00
2018.05.18 14:08:37.970,1.30344,1.30346,2.25,1.00
2018.05.18 14:08:38.597,1.30343,1.30345,1.00,1.00
2018.05.18 14:08:38.667,1.30342,1.30344,1.00,1.00
2018.05.18 14:08:38.720,1.30347,1.30348,1.00,1.10
2018.05.18 14:08:38.979,1.30348,1.3035,1.00,1.29
2018.05.18 14:08:39.084,1.30348,1.30351,1.00,2.14
2018.05.18 14:08:39.347,1.30349,1.30351,1.00,2.14
2018.05.18 14:08:39.533,1.30343,1.30345,2.51,1.00
2018.05.18 14:08:39.585,1.30346,1.30348,1.00,5.06
2018.05.18 14:08:39.689,1.30344,1.30346,1.00,1.12
2018.05.18 14:08:39.999,1.30343,1.30345,1.50,1.00
2018.05.18 14:08:40.305,1.30348,1.3035,1.00,1.31
2018.05.18 14:08:40.410,1.30348,1.30349,1.00,1.00
2018.05.18 14:08:40.927,1.30348,1.3035,1.00,1.57
2018.05.18 14:08:41.107,1.30347,1.30349,1.00,1.44
2018.05.18 14:08:41.160,1.30345,1.30346,1.00,1.00
2018.05.18 14:08:41.316,1.30345,1.30348,1.00,5.51
2018.05.18 14:08:41.795,1.30347,1.30349,1.00,1.10
2018.05.18 14:08:42.111,1.30346,1.30347,1.00,1.00
2018.05.18 14:08:42.317,1.30348,1.3035,1.00,1.44
2018.05.18 14:08:42.859,1.30348,1.30351,1.00,6.82
2018.05.18 14:08:43.396,1.30348,1.30351,1.00,2.32
2018.05.18 14:08:43.692,1.30344,1.30346,1.50,1.00
2018.05.18 14:08:43.796,1.30346,1.30349,1.00,2.51
2018.05.18 14:08:44.108,1.30347,1.30349,1.00,3.19
2018.05.18 14:08:44.628,1.30346,1.30348,1.00,2.06
2018.05.18 14:08:44.681,1.30345,1.30349,1.00,4.01
2018.05.18 14:08:45.244,1.30346,1.30348,1.00,1.12
2018.05.18 14:08:45.495,1.30345,1.30347,1.00,1.50
2018.05.18 14:08:45.751,1.30342,1.30344,1.12,1.25
2018.05.18 14:08:45.859,1.30343,1.30345,1.00,1.50
2018.05.18 14:08:45.912,1.30341,1.30344,1.37,1.95
2018.05.18 14:08:46.016,1.30344,1.30345,1.00,1.00
2018.05.18 14:08:46.070,1.30344,1.30346,1.00,1.00
2018.05.18 14:08:46.123,1.30341,1.30343,1.00,1.00
2018.05.18 14:08:46.470,1.30338,1.3034,1.69,1.00
2018.05.18 14:08:46.577,1.30336,1.30338,1.00,1.00
2018.05.18 14:08:46.894,1.30338,1.30339,1.00,1.00
2018.05.18 14:08:47.441,1.30339,1.30341,1.00,2.14
2018.05.18 14:08:47.963,1.30339,1.30341,1.00,1.25
2018.05.18 14:08:48.412,1.30339,1.30342,1.00,3.26
2018.05.18 14:08:48.929,1.30339,1.30341,1.00,1.00
2018.05.18 14:08:49.256,1.30338,1.3034,1.00,1.87
2018.05.18 14:08:49.804,1.30337,1.3034,1.00,1.44
2018.05.18 14:08:50.336,1.30338,1.3034,1.00,1.25
2018.05.18 14:08:51.097,1.30337,1.3034,1.00,1.25
2018.05.18 14:08:51.596,1.30337,1.30338,1.00,1.00
2018.05.18 14:08:52.183,1.30338,1.30339,1.00,1.00
2018.05.18 14:08:52.717,1.30337,1.30338,1.00,1.00
2018.05.18 14:08:53.006,1.30337,1.30341,1.00,4.76
2018.05.18 14:08:53.058,1.30336,1.30337,1.00,1.00
2018.05.18 14:08:53.264,1.30334,1.30336,1.00,1.00
2018.05.18 14:08:54.409,1.30335,1.30336,1.00,1.00
2018.05.18 14:08:54.995,1.30334,1.30336,1.00,1.00
2018.05.18 14:08:55.718,1.30335,1.30336,1.00,1.00
2018.05.18 14:08:56.053,1.30333,1.30335,2.25,1.00
2018.05.18 14:08:56.208,1.30335,1.30336,1.00,1.00
2018.05.18 14:08:57.374,1.30336,1.30337,1.00,1.00
2018.05.18 14:08:57.531,1.30332,1.30334,1.00,1.00
2018.05.18 14:08:57.779,1.30335,1.30336,1.00,1.00
2018.05.18 14:08:59.369,1.30335,1.30336,1.00,1.00
2018.05.18 14:08:59.615,1.30335,1.30338,2.25,1.10
2018.05.18 14:08:59.720,1.30337,1.30339,1.00,1.20
2018.05.18 14:09:00.031,1.30338,1.3034,1.00,1.10
2018.05.18 14:09:00.238,1.30341,1.30343,1.00,1.25
2018.05.18 14:09:00.400,1.30342,1.30346,1.12,1.69
2018.05.18 14:09:00.606,1.30343,1.30348,2.25,1.87
2018.05.18 14:09:00.931,1.30348,1.30351,1.00,1.76
2018.05.18 14:09:01.340,1.30348,1.30353,1.50,3.07
2018.05.18 14:09:01.652,1.3035,1.30353,1.00,3.00
2018.05.18 14:09:01.962,1.30348,1.30352,1.00,1.87
2018.05.18 14:09:02.476,1.30349,1.30352,1.00,1.50
2018.05.18 14:09:02.631,1.3035,1.30354,1.50,1.39
2018.05.18 14:09:03.232,1.3035,1.30354,1.50,2.06
2018.05.18 14:09:03.605,1.30349,1.30355,2.25,1.57
2018.05.18 14:09:03.912,1.30351,1.30355,1.00,3.19
2018.05.18 14:09:04.438,1.3035,1.30356,1.00,4.95
2018.05.18 14:09:04.748,1.3035,1.30353,1.00,2.44
2018.05.18 14:09:05.105,1.3035,1.30355,1.50,4.87
2018.05.18 14:09:05.209,1.3035,1.30354,1.00,1.19
2018.05.18 14:09:05.518,1.30352,1.30355,1.00,1.25
2018.05.18 14:09:05.867,1.30351,1.30354,1.00,1.69
2018.05.18 14:09:06.379,1.3035,1.30354,1.00,1.19
2018.05.18 14:09:07.041,1.30351,1.30354,1.00,2.44
2018.05.18 14:09:07.582,1.30349,1.30355,1.10,5.44
2018.05.18 14:09:07.633,1.30348,1.30352,2.32,1.00
2018.05.18 14:09:08.161,1.30347,1.30351,1.50,1.19
2018.05.18 14:09:08.316,1.30347,1.30352,1.00,1.50
2018.05.18 14:09:08.368,1.30348,1.30351,1.00,1.19
2018.05.18 14:09:08.420,1.30346,1.30351,2.25,1.19
2018.05.18 14:09:08.522,1.30347,1.30352,1.00,2.43
2018.05.18 14:09:09.026,1.30347,1.30351,1.50,1.00
2018.05.18 14:09:09.442,1.30349,1.30352,1.00,1.25
2018.05.18 14:09:10.063,1.30348,1.30351,1.10,3.00
2018.05.18 14:09:10.168,1.30346,1.30351,3.07,1.37
2018.05.18 14:09:10.332,1.30348,1.30353,1.00,7.20
2018.05.18 14:09:10.852,1.30348,1.30352,1.00,1.50
2018.05.18 14:09:11.695,1.3035,1.30353,1.50,1.19
2018.05.18 14:09:11.800,1.3035,1.30354,1.69,1.00
2018.05.18 14:09:12.003,1.30352,1.30354,1.00,1.00
2018.05.18 14:09:12.105,1.30352,1.30356,1.00,2.62
2018.05.18 14:09:12.643,1.30352,1.30356,1.00,1.87
2018.05.18 14:09:13.144,1.30352,1.30356,1.50,1.12
2018.05.18 14:09:13.661,1.30352,1.30355,1.00,1.19
2018.05.18 14:09:14.152,1.30352,1.30357,1.50,3.37
2018.05.18 14:09:14.648,1.30352,1.30356,1.00,1.20
2018.05.18 14:09:15.174,1.30352,1.30356,1.00,1.95
2018.05.18 14:09:15.695,1.30352,1.30356,1.00,2.51
2018.05.18 14:09:16.228,1.30351,1.30355,1.50,1.25
2018.05.18 14:09:16.568,1.30351,1.30355,1.00,1.31
2018.05.18 14:09:16.671,1.30351,1.30355,1.50,1.25
2018.05.18 14:09:17.197,1.30351,1.30356,1.50,4.01
2018.05.18 14:09:17.302,1.30351,1.30356,1.50,4.95
2018.05.18 14:09:17.684,1.30348,1.30354,1.57,1.54
2018.05.18 14:09:17.870,1.30347,1.30352,1.50,1.01
2018.05.18 14:09:18.845,1.30347,1.30352,1.50,2.14
2018.05.18 14:09:19.359,1.30351,1.30354,1.00,2.14
2018.05.18 14:09:19.872,1.30352,1.30355,1.00,3.45
2018.05.18 14:09:20.123,1.30352,1.30356,1.00,1.10
2018.05.18 14:09:20.228,1.3035,1.30356,2.63,3.82
2018.05.18 14:09:20.806,1.30351,1.30355,1.00,1.31
2018.05.18 14:09:21.020,1.30349,1.30352,1.00,1.50
2018.05.18 14:09:21.683,1.30348,1.30352,1.50,1.25
2018.05.18 14:09:23.001,1.30347,1.30353,1.50,1.76
2018.05.18 14:09:23.724,1.30346,1.3035,2.25,1.00
2018.05.18 14:09:23.828,1.30343,1.3035,4.20,4.80
2018.05.18 14:09:24.698,1.30343,1.30349,3.00,1.76
2018.05.18 14:09:25.102,1.30342,1.30347,2.44,1.25
2018.05.18 14:09:25.414,1.30344,1.30349,1.00,1.01
2018.05.18 14:09:25.957,1.30343,1.3035,4.58,2.51
2018.05.18 14:09:26.270,1.30348,1.30353,1.25,1.57
2018.05.18 14:09:26.800,1.30349,1.30354,1.00,1.50
2018.05.18 14:09:27.128,1.30351,1.30355,1.00,2.70
2018.05.18 14:09:27.411,1.30349,1.30354,1.69,1.87
2018.05.18 14:09:27.934,1.30348,1.30353,1.00,1.31
2018.05.18 14:09:28.245,1.3035,1.30356,1.50,2.33
2018.05.18 14:09:28.711,1.30352,1.30358,1.00,2.25
2018.05.18 14:09:29.355,1.30352,1.30358,1.00,1.31
2018.05.18 14:09:29.839,1.30352,1.30357,1.00,3.00
2018.05.18 14:09:30.352,1.30351,1.30357,3.00,3.64
2018.05.18 14:09:30.916,1.30351,1.30357,3.00,3.83
2018.05.18 14:09:32.088,1.30351,1.30356,1.50,1.25
2018.05.18 14:09:32.498,1.30353,1.30358,1.00,5.06
2018.05.18 14:09:33.000,1.30353,1.30358,1.00,4.31
2018.05.18 14:09:33.106,1.3035,1.30356,3.82,1.63
2018.05.18 14:09:33.317,1.3035,1.30354,1.00,1.69
2018.05.18 14:09:33.842,1.30349,1.30354,1.00,2.51
2018.05.18 14:09:34.374,1.3035,1.30355,1.50,1.69
2018.05.18 14:09:34.691,1.30348,1.30353,1.00,1.58
2018.05.18 14:09:34.898,1.30348,1.30354,3.75,1.31
2018.05.18 14:09:35.244,1.30348,1.30352,1.10,1.25
2018.05.18 14:09:35.556,1.30346,1.3035,1.50,1.25
2018.05.18 14:09:35.886,1.30343,1.30348,1.45,3.19
2018.05.18 14:09:35.939,1.30343,1.30349,1.95,3.19
2018.05.18 14:09:35.991,1.30343,1.30349,1.87,2.14
2018.05.18 14:09:36.043,1.30346,1.3035,1.00,2.89
2018.05.18 14:09:36.524,1.30344,1.3035,1.50,2.06
2018.05.18 14:09:36.835,1.30346,1.30351,1.00,1.58
2018.05.18 14:09:37.328,1.30344,1.30351,2.81,3.64
2018.05.18 14:09:37.461,1.30344,1.3035,1.12,4.88
2018.05.18 14:09:37.718,1.30344,1.30349,1.00,1.57
2018.05.18 14:09:38.196,1.30343,1.30347,1.57,1.69
2018.05.18 14:09:38.300,1.30337,1.30343,3.56,1.69
2018.05.18 14:09:38.562,1.30337,1.30341,1.57,1.00
2018.05.18 14:09:39.090,1.30336,1.3034,1.00,1.69
2018.05.18 14:09:39.245,1.30334,1.3034,2.51,3.08
2018.05.18 14:09:39.454,1.30332,1.30338,2.14,2.32
2018.05.18 14:09:39.676,1.30334,1.30339,1.00,2.32
2018.05.18 14:09:39.780,1.30332,1.30339,1.39,2.32
2018.05.18 14:09:40.038,1.30334,1.30339,1.00,1.39
2018.05.18 14:09:40.244,1.30332,1.30337,1.31,1.00
2018.05.18 14:09:40.474,1.30336,1.30339,1.00,1.10
2018.05.18 14:09:40.736,1.30335,1.30341,2.51,1.39
2018.05.18 14:09:40.892,1.30339,1.30343,1.00,1.01
2018.05.18 14:09:41.372,1.30337,1.3034,1.00,1.00
2018.05.18 14:09:41.738,1.30334,1.30339,2.25,1.10
2018.05.18 14:09:41.790,1.30338,1.30342,1.00,1.39
2018.05.18 14:09:42.098,1.3034,1.30344,1.00,2.51
2018.05.18 14:09:42.610,1.30341,1.30345,1.00,2.51
2018.05.18 14:09:42.764,1.30338,1.30344,1.10,1.95
2018.05.18 14:09:42.978,1.30337,1.30343,1.25,2.89
2018.05.18 14:09:43.394,1.30339,1.30343,1.00,1.95
2018.05.18 14:09:43.898,1.3034,1.30343,1.00,2.06
2018.05.18 14:09:43.952,1.30338,1.30343,1.00,1.95
2018.05.18 14:09:44.494,1.30339,1.30343,1.00,2.44
2018.05.18 14:09:45.008,1.30338,1.30343,1.12,1.76
2018.05.18 14:09:45.491,1.30341,1.30343,1.00,2.51
2018.05.18 14:09:45.755,1.30341,1.30347,1.95,5.44
2018.05.18 14:09:45.861,1.3034,1.30345,1.01,1.00
2018.05.18 14:09:46.244,1.30338,1.30344,1.00,3.19
2018.05.18 14:09:46.401,1.30338,1.30344,1.12,5.14
2018.05.18 14:09:46.962,1.30336,1.30342,1.88,1.20
2018.05.18 14:09:47.519,1.30338,1.30342,1.00,1.01
2018.05.18 14:09:49.209,1.30339,1.30344,1.00,1.57
2018.05.18 14:09:49.612,1.30337,1.30341,1.12,1.00
2018.05.18 14:09:50.125,1.30336,1.30341,1.50,2.70
2018.05.18 14:09:50.596,1.30338,1.30343,1.00,2.51
2018.05.18 14:09:50.804,1.30339,1.30344,1.00,1.39
2018.05.18 14:09:51.354,1.3034,1.30344,1.00,1.39
2018.05.18 14:09:51.864,1.30339,1.30345,2.25,4.01
2018.05.18 14:09:52.128,1.3034,1.30345,1.00,1.01
2018.05.18 14:09:52.776,1.3034,1.30345,1.00,2.14
2018.05.18 14:09:53.322,1.30341,1.30346,1.00,2.70
2018.05.18 14:09:53.860,1.3034,1.30346,1.00,2.32
2018.05.18 14:09:54.402,1.30339,1.30346,2.70,1.76
2018.05.18 14:09:54.770,1.30341,1.30346,1.00,2.70
2018.05.18 14:09:55.425,1.30341,1.30346,1.00,1.87
2018.05.18 14:09:55.942,1.30342,1.30348,1.00,4.01
2018.05.18 14:09:56.483,1.30343,1.30347,1.00,1.25
2018.05.18 14:09:57.042,1.30343,1.30348,1.00,2.70
2018.05.18 14:09:57.379,1.30345,1.30349,1.50,2.70
2018.05.18 14:09:57.692,1.30347,1.30351,1.50,1.19
2018.05.18 14:09:58.218,1.30348,1.30351,1.50,1.44
2018.05.18 14:09:58.744,1.30347,1.30351,1.00,3.37
2018.05.18 14:09:59.250,1.30348,1.30351,1.50,1.19
2018.05.18 14:09:59.677,1.30353,1.30357,2.32,1.00
2018.05.18 14:10:00.226,1.30353,1.3036,2.51,4.87
2018.05.18 14:10:00.789,1.30358,1.3036,1.50,1.50
2018.05.18 14:10:00.842,1.30359,1.30362,1.00,1.07
2018.05.18 14:10:00.947,1.30359,1.30363,1.00,3.19
2018.05.18 14:10:01.518,1.30359,1.30364,1.20,3.94
2018.05.18 14:10:01.779,1.3036,1.30364,1.95,1.50
2018.05.18 14:10:02.297,1.3036,1.30365,2.70,2.25
2018.05.18 14:10:02.803,1.3036,1.30364,2.70,1.19
2018.05.18 14:10:02.861,1.3036,1.30365,1.95,3.56
2018.05.18 14:10:03.117,1.3036,1.30365,2.70,3.00
2018.05.18 14:10:03.532,1.30359,1.30361,1.45,1.25
2018.05.18 14:10:04.144,1.30358,1.30362,1.45,2.62
2018.05.18 14:10:04.683,1.30358,1.30364,2.70,3.19
2018.05.18 14:10:04.889,1.3036,1.30365,1.10,2.44
2018.05.18 14:10:05.390,1.3036,1.30365,1.95,2.06
2018.05.18 14:10:05.908,1.3036,1.30364,1.45,1.87
2018.05.18 14:10:06.420,1.3036,1.30364,1.45,2.06
2018.05.18 14:10:06.576,1.3036,1.30362,1.45,1.00
2018.05.18 14:10:06.732,1.30359,1.30364,2.70,1.12
2018.05.18 14:10:07.249,1.3036,1.30364,1.45,1.19
2018.05.18 14:10:07.760,1.3036,1.30364,1.45,1.00
2018.05.18 14:10:08.291,1.3036,1.30364,1.45,1.87
2018.05.18 14:10:08.809,1.30358,1.30364,3.26,1.87
2018.05.18 14:10:09.084,1.30361,1.30365,1.45,1.12
2018.05.18 14:10:09.553,1.30363,1.30368,1.57,1.87
2018.05.18 14:10:10.071,1.30363,1.30366,1.57,1.31
2018.05.18 14:10:10.593,1.30363,1.30365,1.45,1.50
2018.05.18 14:10:11.043,1.30363,1.30368,1.20,1.44
2018.05.18 14:10:11.426,1.30362,1.30366,1.95,1.44
2018.05.18 14:10:11.949,1.30362,1.30366,1.20,3.00
2018.05.18 14:10:12.297,1.30363,1.30366,1.45,1.69
2018.05.18 14:10:12.560,1.30362,1.30364,1.95,1.00
2018.05.18 14:10:12.720,1.30361,1.30364,1.57,1.25
2018.05.18 14:10:13.236,1.3036,1.30363,3.07,1.00
2018.05.18 14:10:13.769,1.30361,1.30365,1.45,1.87
2018.05.18 14:10:14.328,1.30361,1.30367,2.70,1.69
2018.05.18 14:10:14.562,1.30364,1.3037,1.20,3.82
2018.05.18 14:10:14.616,1.30365,1.30369,2.70,2.25
2018.05.18 14:10:14.935,1.30368,1.3037,1.00,1.44
2018.05.18 14:10:15.106,1.30366,1.30373,3.07,2.25
2018.05.18 14:10:15.311,1.30367,1.30369,1.45,1.00
2018.05.18 14:10:15.415,1.30364,1.30367,1.57,1.00
2018.05.18 14:10:15.761,1.30364,1.30369,1.57,2.06
2018.05.18 14:10:16.350,1.30365,1.3037,1.45,1.19
2018.05.18 14:10:16.507,1.30366,1.30372,1.57,1.31
2018.05.18 14:10:16.763,1.30368,1.30372,1.45,1.00
2018.05.18 14:10:17.305,1.30368,1.30374,2.70,2.25
2018.05.18 14:10:17.409,1.3037,1.30375,1.95,2.62
2018.05.18 14:10:17.715,1.3037,1.30375,1.45,2.25
2018.05.18 14:10:18.234,1.30369,1.30374,1.95,1.50
2018.05.18 14:10:18.869,1.30371,1.30375,1.20,2.81
2018.05.18 14:10:18.922,1.30372,1.30375,1.00,3.00
2018.05.18 14:10:19.079,1.3037,1.30374,1.45,2.44
2018.05.18 14:10:19.312,1.30369,1.30374,2.32,1.87
2018.05.18 14:10:19.838,1.30371,1.30376,1.45,2.06
2018.05.18 14:10:20.329,1.30372,1.30376,1.57,1.25
2018.05.18 14:10:20.846,1.30372,1.30377,1.57,1.12
2018.05.18 14:10:21.190,1.30372,1.30376,1.45,1.44
2018.05.18 14:10:21.241,1.30371,1.30376,1.57,1.31
2018.05.18 14:10:21.753,1.3037,1.30375,2.70,1.69
2018.05.18 14:10:22.291,1.30369,1.30373,1.45,1.44
2018.05.18 14:10:22.976,1.30369,1.30373,1.45,1.31
2018.05.18 14:10:23.029,1.30369,1.30373,1.45,1.31
2018.05.18 14:10:23.500,1.30368,1.30373,2.70,2.06
2018.05.18 14:10:23.698,1.30368,1.30373,2.70,2.06
2018.05.18 14:10:24.116,1.30368,1.30373,2.70,3.94
2018.05.18 14:10:24.219,1.30369,1.30373,1.45,2.06
2018.05.18 14:10:24.780,1.30369,1.30372,1.45,1.12
2018.05.18 14:10:25.367,1.30368,1.30372,1.95,1.50
2018.05.18 14:10:25.813,1.30367,1.30373,2.70,1.87
2018.05.18 14:10:25.864,1.30368,1.30373,1.45,1.69
2018.05.18 14:10:26.274,1.30369,1.30375,1.95,4.31
2018.05.18 14:10:26.429,1.30372,1.30375,1.00,1.87
2018.05.18 14:10:26.482,1.30371,1.30376,1.10,2.81
2018.05.18 14:10:26.627,1.30372,1.30375,1.20,2.81
2018.05.18 14:10:26.937,1.30369,1.30371,1.45,1.25
2018.05.18 14:10:26.989,1.30366,1.30371,1.95,1.44
2018.05.18 14:10:27.289,1.30366,1.30369,1.45,2.06
2018.05.18 14:10:27.496,1.30363,1.30367,1.50,1.19
2018.05.18 14:10:27.599,1.30364,1.30368,1.45,3.19
2018.05.18 14:10:27.830,1.30363,1.30367,1.95,1.25
2018.05.18 14:10:28.193,1.30364,1.30369,1.95,1.87
2018.05.18 14:10:28.787,1.30365,1.30369,1.45,2.25
2018.05.18 14:10:29.302,1.30366,1.30369,1.20,1.44
2018.05.18 14:10:29.811,1.30366,1.3037,1.20,3.19
2018.05.18 14:10:30.430,1.30365,1.30369,2.70,1.50
2018.05.18 14:10:30.961,1.30365,1.30369,1.95,2.25
2018.05.18 14:10:31.508,1.30364,1.30369,1.45,3.19
2018.05.18 14:10:32.095,1.30363,1.30367,1.95,1.25
2018.05.18 14:10:32.460,1.30365,1.30369,1.00,1.31
2018.05.18 14:10:32.615,1.30366,1.30369,1.45,1.19
2018.05.18 14:10:33.148,1.30365,1.30369,1.95,2.25
2018.05.18 14:10:33.654,1.30365,1.30369,1.20,2.62
2018.05.18 14:10:33.958,1.30364,1.30365,1.20,1.25
2018.05.18 14:10:34.114,1.30361,1.30366,2.32,2.81
2018.05.18 14:10:34.624,1.30361,1.30366,1.95,3.75
2018.05.18 14:10:35.152,1.30362,1.30366,1.45,3.75
2018.05.18 14:10:35.714,1.30362,1.30366,1.20,3.00
2018.05.18 14:10:36.129,1.30362,1.30366,1.95,1.44
2018.05.18 14:10:36.658,1.30362,1.30365,1.20,1.69
2018.05.18 14:10:37.119,1.30361,1.30365,1.45,2.06
2018.05.18 14:10:37.222,1.30361,1.30364,1.95,1.25
2018.05.18 14:10:37.751,1.30361,1.30364,1.95,1.19
2018.05.18 14:10:38.168,1.30361,1.30363,1.20,1.00
2018.05.18 14:10:38.425,1.30361,1.30366,1.95,5.06
2018.05.18 14:10:38.970,1.30362,1.30366,1.20,2.06
2018.05.18 14:10:39.281,1.30362,1.30366,1.95,1.44
2018.05.18 14:10:39.797,1.30361,1.30364,1.95,1.00
2018.05.18 14:10:40.386,1.3036,1.30362,1.45,1.00
2018.05.18 14:10:40.544,1.30359,1.30362,1.45,1.25
2018.05.18 14:10:40.699,1.30358,1.30364,2.70,2.44
2018.05.18 14:10:40.751,1.30358,1.30362,1.95,1.00
2018.05.18 14:10:41.288,1.30358,1.30362,1.95,1.87
2018.05.18 14:10:41.814,1.30358,1.30362,1.95,1.25
2018.05.18 14:10:42.331,1.30358,1.30363,1.95,1.87
2018.05.18 14:10:42.987,1.3036,1.30364,1.00,1.50
2018.05.18 14:10:43.401,1.30362,1.30365,1.20,1.62
2018.05.18 14:10:43.952,1.30363,1.30366,1.00,1.44
2018.05.18 14:10:44.530,1.30363,1.30366,1.50,1.87
2018.05.18 14:10:44.945,1.30363,1.30366,1.20,1.25
2018.05.18 14:10:45.449,1.30363,1.30368,2.70,2.81
2018.05.18 14:10:45.752,1.30363,1.30364,1.95,1.00
2018.05.18 14:10:45.910,1.30363,1.30366,1.20,1.00
2018.05.18 14:10:45.962,1.30365,1.30366,1.00,1.00
2018.05.18 14:10:46.109,1.30366,1.30369,1.95,1.12
2018.05.18 14:10:46.472,1.30368,1.30371,1.00,2.25
2018.05.18 14:10:46.891,1.30368,1.30372,1.95,1.19
2018.05.18 14:10:47.097,1.30369,1.30373,1.45,1.25
2018.05.18 14:10:47.353,1.3037,1.30373,1.20,1.31
2018.05.18 14:10:47.890,1.3037,1.30373,1.45,1.44
2018.05.18 14:10:48.429,1.3037,1.30373,1.20,1.44
2018.05.18 14:10:48.582,1.3037,1.30373,1.95,1.00
2018.05.18 14:10:48.718,1.30373,1.30375,1.95,1.00
2018.05.18 14:10:48.820,1.30372,1.30375,1.10,1.25
2018.05.18 14:10:49.333,1.30371,1.30375,1.00,1.19
2018.05.18 14:10:49.788,1.30373,1.30377,1.00,1.87
2018.05.18 14:10:49.840,1.30372,1.30378,1.10,2.51
2018.05.18 14:10:49.942,1.30374,1.30378,1.00,1.19
2018.05.18 14:10:50.279,1.30375,1.3038,1.00,4.50
2018.05.18 14:10:50.484,1.30373,1.30379,2.32,2.62
2018.05.18 14:10:50.999,1.30373,1.30378,1.10,1.69
2018.05.18 14:10:52.039,1.30372,1.30377,2.70,1.00
2018.05.18 14:10:52.583,1.30373,1.3038,1.45,2.62
2018.05.18 14:10:52.987,1.30376,1.3038,1.95,1.19
2018.05.18 14:10:53.516,1.30376,1.30383,1.45,5.62
2018.05.18 14:10:54.180,1.30376,1.30381,1.45,1.69
2018.05.18 14:10:55.402,1.30378,1.30381,1.00,2.44
2018.05.18 14:10:55.932,1.30376,1.30381,1.95,2.06
2018.05.18 14:10:56.235,1.30379,1.30384,1.10,1.87
2018.05.18 14:10:56.754,1.30378,1.30384,1.45,1.37
2018.05.18 14:10:57.260,1.30378,1.30384,2.14,1.81
2018.05.18 14:10:57.777,1.30378,1.30384,1.70,1.12
2018.05.18 14:10:58.166,1.30378,1.30383,1.00,3.19
2018.05.18 14:10:58.636,1.30375,1.3038,1.95,2.06
2018.05.18 14:10:58.689,1.30374,1.30379,1.20,1.56
2018.05.18 14:10:59.065,1.30377,1.30381,1.00,2.89
2018.05.18 14:10:59.672,1.30378,1.30382,1.00,1.57
2018.05.18 14:11:00.699,1.30377,1.30381,1.00,1.12
2018.05.18 14:11:01.313,1.30377,1.30381,1.00,1.19
2018.05.18 14:11:01.893,1.30376,1.30381,1.10,1.87
2018.05.18 14:11:02.201,1.30379,1.30384,1.10,3.94
2018.05.18 14:11:02.512,1.30382,1.30385,1.00,3.07
2018.05.18 14:11:02.984,1.30383,1.30386,1.00,1.57
2018.05.18 14:11:03.087,1.30383,1.30387,1.00,2.14
2018.05.18 14:11:03.190,1.30381,1.30387,1.20,1.56
2018.05.18 14:11:03.741,1.30381,1.30385,1.10,1.69
2018.05.18 14:11:04.190,1.30379,1.30384,1.00,1.19
2018.05.18 14:11:04.241,1.30381,1.30384,1.00,1.25
2018.05.18 14:11:04.293,1.30378,1.30383,1.87,1.13
2018.05.18 14:11:04.448,1.30378,1.30382,1.95,1.25
2018.05.18 14:11:04.959,1.30378,1.30384,1.20,3.19
2018.05.18 14:11:05.470,1.30378,1.30382,1.10,1.25
2018.05.18 14:11:06.008,1.30377,1.30381,1.50,1.69
2018.05.18 14:11:07.161,1.30377,1.30381,1.50,1.69
2018.05.18 14:11:08.258,1.30377,1.30382,1.00,2.33
2018.05.18 14:11:08.775,1.30376,1.30382,1.00,2.63
2018.05.18 14:11:09.313,1.30376,1.30382,1.00,3.00
2018.05.18 14:11:09.852,1.30379,1.30383,1.00,2.14
2018.05.18 14:11:09.904,1.30379,1.30384,1.00,2.14
2018.05.18 14:11:10.421,1.30379,1.30384,1.10,2.81
2018.05.18 14:11:11.040,1.30378,1.30383,2.32,2.44
2018.05.18 14:11:12.402,1.30378,1.30382,1.57,1.25
2018.05.18 14:11:13.682,1.30378,1.30383,1.10,2.25
2018.05.18 14:11:14.048,1.30375,1.3038,2.70,1.50
2018.05.18 14:11:14.365,1.30374,1.30379,1.12,1.69
2018.05.18 14:11:14.924,1.30374,1.30379,1.00,3.00
2018.05.18 14:11:15.556,1.30374,1.30379,1.00,3.75
2018.05.18 14:11:15.608,1.30375,1.30379,1.00,1.12
2018.05.18 14:11:15.711,1.30374,1.30379,1.00,1.87
2018.05.18 14:11:16.632,1.30374,1.30378,1.00,1.12
2018.05.18 14:11:16.943,1.30374,1.30378,1.75,1.00
2018.05.18 14:11:16.997,1.30378,1.30381,1.00,1.20
2018.05.18 14:11:17.531,1.30377,1.30383,1.10,2.44
2018.05.18 14:11:17.923,1.3038,1.30385,1.50,2.32
2018.05.18 14:11:18.332,1.30381,1.30387,1.00,4.95
2018.05.18 14:11:18.486,1.30383,1.30387,1.50,1.31
2018.05.18 14:11:19.078,1.30383,1.30388,1.20,3.19
2018.05.18 14:11:19.384,1.30382,1.30386,1.20,1.62
2018.05.18 14:11:19.538,1.3038,1.30385,2.32,1.12
2018.05.18 14:11:19.742,1.3038,1.30385,1.57,1.19
2018.05.18 14:11:20.254,1.3038,1.30383,2.70,1.19
2018.05.18 14:11:20.364,1.3038,1.30384,2.70,3.00
2018.05.18 14:11:20.871,1.3038,1.30383,1.95,1.00
2018.05.18 14:11:21.520,1.3038,1.30383,2.25,1.00
2018.05.18 14:11:22.117,1.3038,1.30384,1.50,1.69
2018.05.18 14:11:22.666,1.30379,1.30384,1.10,1.44
2018.05.18 14:11:23.199,1.30379,1.30383,1.00,1.44
2018.05.18 14:11:23.406,1.30377,1.30381,1.20,3.37
2018.05.18 14:11:23.716,1.30376,1.30378,1.00,1.44
2018.05.18 14:11:24.265,1.30375,1.30379,1.00,1.37
2018.05.18 14:11:24.997,1.30375,1.30379,1.00,1.37
2018.05.18 14:11:25.049,1.30375,1.3038,2.44,1.00
2018.05.18 14:11:25.155,1.3038,1.30382,1.00,2.70
2018.05.18 14:11:25.261,1.3038,1.30385,1.87,1.31
2018.05.18 14:11:25.416,1.3038,1.30385,1.20,1.87
2018.05.18 14:11:25.629,1.30382,1.30386,1.00,1.44
2018.05.18 14:11:26.040,1.30384,1.3039,1.31,3.64
2018.05.18 14:11:26.408,1.30386,1.30391,1.76,1.50
2018.05.18 14:11:26.919,1.30387,1.30391,1.00,2.81
2018.05.18 14:11:27.130,1.30386,1.30391,1.10,1.31
2018.05.18 14:11:27.182,1.30386,1.30391,1.10,1.50
2018.05.18 14:11:27.498,1.30391,1.30396,1.45,2.25
2018.05.18 14:11:27.649,1.30391,1.30396,1.10,2.06
2018.05.18 14:11:28.152,1.30391,1.30397,1.95,1.19
2018.05.18 14:11:28.652,1.30393,1.30399,1.95,1.44
2018.05.18 14:11:29.178,1.30395,1.304,1.00,3.07
2018.05.18 14:11:29.474,1.30395,1.30402,1.10,1.76
2018.05.18 14:11:29.680,1.30394,1.304,2.51,1.39
2018.05.18 14:11:29.785,1.30392,1.30398,2.70,1.25
2018.05.18 14:11:29.836,1.30392,1.30398,2.32,1.19
2018.05.18 14:11:30.184,1.30394,1.304,1.25,1.57
2018.05.18 14:11:30.728,1.30395,1.304,1.10,1.50
2018.05.18 14:11:30.990,1.30393,1.30398,2.14,1.19
2018.05.18 14:11:31.527,1.30394,1.30399,1.00,2.32
2018.05.18 14:11:32.045,1.30392,1.30399,2.32,3.82
2018.05.18 14:11:32.571,1.30394,1.30399,1.00,2.32
2018.05.18 14:11:33.078,1.30393,1.30398,1.95,1.19
2018.05.18 14:11:33.240,1.30393,1.30399,1.95,1.39
2018.05.18 14:11:33.620,1.30393,1.304,3.83,5.51
2018.05.18 14:11:34.834,1.30393,1.304,3.08,3.26
2018.05.18 14:11:35.252,1.30394,1.304,1.20,3.45
2018.05.18 14:11:35.779,1.30395,1.304,1.00,2.89
2018.05.18 14:11:36.197,1.30397,1.30402,1.00,2.81
2018.05.18 14:11:36.742,1.30396,1.30401,1.10,1.50
2018.05.18 14:11:37.103,1.30394,1.30399,1.20,1.19
2018.05.18 14:11:37.206,1.30393,1.30396,1.20,1.69
2018.05.18 14:11:37.364,1.30392,1.30397,1.00,1.76
2018.05.18 14:11:37.774,1.30393,1.30397,1.00,1.25
2018.05.18 14:11:38.298,1.30391,1.30398,2.51,2.32
2018.05.18 14:11:38.844,1.30392,1.30398,1.50,3.37
2018.05.18 14:11:39.151,1.30392,1.30398,1.50,2.25
2018.05.18 14:11:39.254,1.30395,1.30398,1.00,1.25
2018.05.18 14:11:39.796,1.30394,1.30399,1.76,1.19
2018.05.18 14:11:40.155,1.30395,1.304,2.14,1.25
2018.05.18 14:11:40.483,1.30395,1.304,1.29,1.19
2018.05.18 14:11:40.639,1.30396,1.30403,2.51,3.45
2018.05.18 14:11:40.742,1.30398,1.30403,1.00,3.07
2018.05.18 14:11:41.072,1.304,1.30405,1.50,2.32
2018.05.18 14:11:41.399,1.304,1.30404,1.00,1.25
2018.05.18 14:11:41.949,1.30401,1.30405,1.00,2.51
2018.05.18 14:11:42.463,1.304,1.30405,1.00,1.39
2018.05.18 14:11:42.641,1.304,1.30404,1.00,1.44
2018.05.18 14:11:43.185,1.30399,1.30405,2.70,2.14
2018.05.18 14:11:43.548,1.30403,1.30406,1.25,1.76
2018.05.18 14:11:43.860,1.30409,1.30412,1.00,1.39
2018.05.18 14:11:43.913,1.30409,1.30414,1.00,1.39
2018.05.18 14:11:44.424,1.30408,1.30414,3.45,1.69
2018.05.18 14:11:44.960,1.3041,1.30415,1.00,4.39
2018.05.18 14:11:45.464,1.30409,1.30415,1.00,3.00
2018.05.18 14:11:45.673,1.3041,1.30414,1.19,1.25
2018.05.18 14:11:45.975,1.30412,1.30417,1.25,2.14
2018.05.18 14:11:46.079,1.30414,1.30418,1.00,1.29
2018.05.18 14:11:46.285,1.30414,1.30419,1.10,2.44
2018.05.18 14:11:46.418,1.30413,1.30419,1.01,4.20
2018.05.18 14:11:46.473,1.30413,1.30419,1.95,3.19
2018.05.18 14:11:46.534,1.30415,1.30419,1.50,1.44
2018.05.18 14:11:46.792,1.30414,1.3042,2.14,3.00
2018.05.18 14:11:47.337,1.30413,1.3042,3.26,2.81
2018.05.18 14:11:47.947,1.30413,1.30418,2.14,1.37
2018.05.18 14:11:48.254,1.30412,1.30417,2.14,2.44
2018.05.18 14:11:48.357,1.30412,1.30417,2.14,2.06
2018.05.18 14:11:48.783,1.30411,1.30416,1.10,2.81
2018.05.18 14:11:48.836,1.3041,1.30415,1.29,2.06
2018.05.18 14:11:49.149,1.30408,1.30413,1.69,1.19
2018.05.18 14:11:49.700,1.30408,1.30413,1.69,1.44
2018.05.18 14:11:50.015,1.30408,1.30413,1.69,1.25
2018.05.18 14:11:50.521,1.3041,1.30415,1.69,1.69
2018.05.18 14:11:51.034,1.3041,1.30415,1.69,1.76
2018.05.18 14:11:51.544,1.30409,1.30415,1.95,1.44
2018.05.18 14:11:51.699,1.3041,1.30416,1.57,4.20
2018.05.18 14:11:52.205,1.30409,1.30414,1.01,1.69
2018.05.18 14:11:52.517,1.30408,1.30412,1.19,1.87
2018.05.18 14:11:53.053,1.30408,1.30412,1.19,1.19
2018.05.18 14:11:53.663,1.30406,1.3041,1.01,1.44
2018.05.18 14:11:54.135,1.30403,1.30409,3.08,1.44
2018.05.18 14:11:54.188,1.30403,1.30409,2.70,1.44
2018.05.18 14:11:54.792,1.30401,1.30405,2.14,1.31
2018.05.18 14:11:54.972,1.30399,1.30403,1.00,1.44
2018.05.18 14:11:55.503,1.30398,1.30402,1.50,1.25
2018.05.18 14:11:56.049,1.30398,1.30402,1.01,1.31
2018.05.18 14:11:57.172,1.30402,1.30404,1.00,1.07
2018.05.18 14:11:57.276,1.30402,1.30407,1.31,2.51
2018.05.18 14:11:57.620,1.30404,1.30409,1.25,2.51
2018.05.18 14:11:58.214,1.30404,1.30408,1.01,1.19
2018.05.18 14:11:58.949,1.30404,1.30409,1.10,1.87
2018.05.18 14:11:59.655,1.30404,1.30408,1.01,1.19
2018.05.18 14:12:00.194,1.30404,1.30408,1.01,1.69
2018.05.18 14:12:00.650,1.30404,1.30406,1.10,1.25
2018.05.18 14:12:01.196,1.30404,1.30408,1.00,1.19
2018.05.18 14:12:01.535,1.30406,1.30407,1.00,1.00
2018.05.18 14:12:01.588,1.30407,1.30411,1.00,2.14
2018.05.18 14:12:02.092,1.30408,1.3041,1.50,1.00
2018.05.18 14:12:02.195,1.30408,1.30412,1.50,1.25
2018.05.18 14:12:02.764,1.30408,1.30411,1.10,1.00
2018.05.18 14:12:03.327,1.30408,1.30412,1.76,1.00
2018.05.18 14:12:03.551,1.30406,1.30412,3.26,1.69
2018.05.18 14:12:04.077,1.30406,1.30411,1.10,1.69
2018.05.18 14:12:04.779,1.30407,1.30411,1.50,1.19
2018.05.18 14:12:05.036,1.30405,1.3041,1.76,1.19
2018.05.18 14:12:05.554,1.30406,1.30409,1.00,1.50
2018.05.18 14:12:06.118,1.30405,1.30408,1.10,1.25
2018.05.18 14:12:06.643,1.30405,1.30408,1.00,1.87
2018.05.18 14:12:07.215,1.30405,1.30408,1.00,1.12
2018.05.18 14:12:07.753,1.30405,1.3041,1.00,2.44
2018.05.18 14:12:08.303,1.30405,1.3041,2.14,1.87
2018.05.18 14:12:08.919,1.30405,1.3041,1.57,2.81
2018.05.18 14:12:09.620,1.30405,1.30409,1.00,1.19
2018.05.18 14:12:10.162,1.30404,1.30408,1.25,1.87
2018.05.18 14:12:10.688,1.30404,1.30408,1.25,1.69
2018.05.18 14:12:11.163,1.30407,1.30411,1.25,1.01
2018.05.18 14:12:11.475,1.30409,1.30412,1.00,1.25
2018.05.18 14:12:12.010,1.30409,1.30413,1.50,1.00
2018.05.18 14:12:12.535,1.30409,1.30412,1.69,1.00
2018.05.18 14:12:12.847,1.30407,1.30412,1.00,1.44
2018.05.18 14:12:12.899,1.30407,1.30412,1.00,2.06
2018.05.18 14:12:13.614,1.30404,1.30407,1.39,1.00
2018.05.18 14:12:13.821,1.30403,1.30406,1.25,1.00
2018.05.18 14:12:14.210,1.30403,1.30408,1.69,1.69
2018.05.18 14:12:14.804,1.30403,1.30408,1.69,1.69
2018.05.18 14:12:15.411,1.30403,1.30406,1.25,1.00
2018.05.18 14:12:17.073,1.30401,1.30405,1.00,2.25
2018.05.18 14:12:17.624,1.30401,1.30405,1.00,1.87
2018.05.18 14:12:18.169,1.30401,1.30405,1.00,1.69
2018.05.18 14:12:18.272,1.30401,1.30405,1.00,1.69
2018.05.18 14:12:18.375,1.30399,1.30404,3.38,1.19
2018.05.18 14:12:19.090,1.30399,1.30404,2.81,2.44
2018.05.18 14:12:19.403,1.30403,1.30406,1.00,1.19
2018.05.18 14:12:19.910,1.30402,1.30406,1.00,1.25
2018.05.18 14:12:20.879,1.30403,1.30407,1.69,1.31
2018.05.18 14:12:21.236,1.30402,1.30404,1.07,1.00
2018.05.18 14:12:21.287,1.304,1.30404,1.39,1.00
2018.05.18 14:12:21.794,1.30401,1.30404,1.00,1.00
2018.05.18 14:12:22.296,1.304,1.30404,1.25,1.50
2018.05.18 14:12:22.772,1.30402,1.30404,1.00,1.00
2018.05.18 14:12:23.280,1.30401,1.30406,1.50,2.44
2018.05.18 14:12:23.845,1.30401,1.30405,1.00,1.87
2018.05.18 14:12:24.417,1.30402,1.30404,1.00,1.00
2018.05.18 14:12:24.682,1.30402,1.30406,1.00,1.50
2018.05.18 14:12:25.197,1.30401,1.30405,2.70,1.00
2018.05.18 14:12:25.712,1.30401,1.30406,2.70,1.50
2018.05.18 14:12:25.769,1.30401,1.30403,1.76,1.00
2018.05.18 14:12:26.079,1.30401,1.30405,1.76,1.00
2018.05.18 14:12:26.619,1.30401,1.30405,2.51,1.19
2018.05.18 14:12:27.631,1.30401,1.30405,2.44,1.69
2018.05.18 14:12:27.838,1.30401,1.30403,2.44,1.00
2018.05.18 14:12:28.540,1.30399,1.30403,2.51,1.25
2018.05.18 14:12:28.875,1.30394,1.30397,1.00,1.25
2018.05.18 14:12:29.334,1.30391,1.30396,1.95,2.06
2018.05.18 14:12:29.880,1.30391,1.30395,1.57,1.00
2018.05.18 14:12:30.396,1.30392,1.30396,1.00,1.50
2018.05.18 14:12:30.449,1.30392,1.30394,1.00,1.00
2018.05.18 14:12:31.000,1.30392,1.30395,2.06,1.00
2018.05.18 14:12:31.105,1.30392,1.30397,1.69,1.50
2018.05.18 14:12:31.416,1.30392,1.30395,1.88,1.00
2018.05.18 14:12:31.953,1.30392,1.30397,2.51,1.69
2018.05.18 14:12:32.008,1.30395,1.30396,1.00,1.00
2018.05.18 14:12:32.163,1.30396,1.30399,1.00,1.50
2018.05.18 14:12:32.372,1.30395,1.30397,1.00,1.00
2018.05.18 14:12:32.803,1.30391,1.30397,5.51,1.00
2018.05.18 14:12:33.011,1.30391,1.30395,4.01,1.00
2018.05.18 14:12:33.542,1.30391,1.30394,1.12,1.00
2018.05.18 14:12:34.064,1.3039,1.30394,1.20,1.00
2018.05.18 14:12:34.580,1.3039,1.30395,1.13,1.87
2018.05.18 14:12:34.903,1.30395,1.30398,1.00,1.20
2018.05.18 14:12:35.340,1.30393,1.30395,1.25,1.00
2018.05.18 14:12:35.598,1.30391,1.30394,1.00,1.00
2018.05.18 14:12:36.121,1.30391,1.30395,1.00,1.50
2018.05.18 14:12:36.709,1.30391,1.30394,1.00,1.00
2018.05.18 14:12:37.351,1.30391,1.30395,1.00,1.25
2018.05.18 14:12:38.136,1.30392,1.30396,1.00,1.69
2018.05.18 14:12:38.643,1.30391,1.30395,1.00,1.69
2018.05.18 14:12:39.244,1.30391,1.30394,1.00,1.00
2018.05.18 14:12:39.597,1.30393,1.30396,1.00,1.00
2018.05.18 14:12:39.680,1.30393,1.30398,2.44,1.50
2018.05.18 14:12:39.940,1.30396,1.30398,3.94,1.00
2018.05.18 14:12:40.266,1.30401,1.30404,1.25,1.69
2018.05.18 14:12:40.526,1.304,1.30406,3.08,1.69
2018.05.18 14:12:41.058,1.30402,1.30406,1.00,1.69
2018.05.18 14:12:41.619,1.30403,1.30406,1.00,1.69
2018.05.18 14:12:41.979,1.30402,1.30403,1.00,1.00
2018.05.18 14:12:42.185,1.304,1.30405,1.10,3.37
2018.05.18 14:12:42.561,1.304,1.30403,1.10,1.00
2018.05.18 14:12:42.871,1.30402,1.30406,1.69,1.50
2018.05.18 14:12:43.423,1.30402,1.30408,1.87,2.44
2018.05.18 14:12:43.721,1.30402,1.30406,2.25,1.00
2018.05.18 14:12:44.373,1.30402,1.30405,2.06,1.00
2018.05.18 14:12:45.202,1.30402,1.30406,1.00,1.25
2018.05.18 14:12:45.512,1.30402,1.30404,1.00,1.00
2018.05.18 14:12:46.075,1.30402,1.30405,1.00,1.00
2018.05.18 14:12:46.579,1.30402,1.30406,1.10,2.44
2018.05.18 14:12:47.014,1.30402,1.30407,1.88,1.50
2018.05.18 14:12:47.477,1.30403,1.30405,1.00,1.00
2018.05.18 14:12:47.860,1.304,1.30403,1.95,1.00
2018.05.18 14:12:48.172,1.30401,1.30405,1.00,1.50
2018.05.18 14:12:49.560,1.30401,1.30404,1.00,1.00
2018.05.18 14:12:49.970,1.30402,1.30406,1.69,1.00
2018.05.18 14:12:50.102,1.30404,1.30407,1.00,1.25
2018.05.18 14:12:50.621,1.30404,1.30408,1.00,1.00
2018.05.18 14:12:51.284,1.30404,1.30406,1.25,1.00
2018.05.18 14:12:51.810,1.30404,1.30407,1.00,1.00
2018.05.18 14:12:52.207,1.30404,1.30405,1.00,1.00
2018.05.18 14:12:52.363,1.30402,1.30406,1.20,1.00
2018.05.18 14:12:52.628,1.304,1.30404,3.45,1.00
2018.05.18 14:12:52.835,1.30402,1.30406,2.33,1.00
2018.05.18 14:12:53.355,1.30402,1.30405,2.33,1.00
2018.05.18 14:12:55.188,1.30402,1.30404,1.00,1.00
2018.05.18 14:12:55.729,1.30402,1.30406,1.25,1.69
2018.05.18 14:12:55.813,1.30402,1.30404,1.25,1.00
2018.05.18 14:12:56.472,1.30402,1.30407,1.69,1.69
2018.05.18 14:12:56.577,1.30404,1.30409,1.13,2.89
2018.05.18 14:12:56.967,1.30402,1.30406,1.39,1.00
2018.05.18 14:12:57.124,1.30403,1.30408,1.12,2.44
2018.05.18 14:12:57.679,1.30403,1.30407,1.87,1.00
2018.05.18 14:12:58.189,1.30402,1.30404,1.00,1.00
2018.05.18 14:12:58.243,1.304,1.30403,1.57,1.00
2018.05.18 14:12:58.295,1.30399,1.30401,1.76,1.00
2018.05.18 14:12:58.833,1.30399,1.30401,1.19,1.00
2018.05.18 14:12:59.173,1.30397,1.304,1.12,1.50
2018.05.18 14:12:59.232,1.30399,1.30402,2.44,1.00
2018.05.18 14:12:59.640,1.30399,1.30404,3.19,2.25
2018.05.18 14:13:00.203,1.30399,1.30403,3.94,1.00
2018.05.18 14:13:00.460,1.30398,1.30403,2.51,1.50
2018.05.18 14:13:01.007,1.304,1.30403,1.25,1.50
2018.05.18 14:13:01.059,1.30398,1.30401,1.69,1.00
2018.05.18 14:13:01.608,1.304,1.30402,1.19,1.69
2018.05.18 14:13:01.925,1.30394,1.30398,2.25,1.00
2018.05.18 14:13:02.130,1.30393,1.30396,1.10,1.00
2018.05.18 14:13:02.446,1.3039,1.30393,1.00,1.00
2018.05.18 14:13:02.958,1.30391,1.30393,1.00,1.00
2018.05.18 14:13:03.147,1.30391,1.30395,1.25,1.12
2018.05.18 14:13:03.669,1.3039,1.30394,2.06,1.00
2018.05.18 14:13:04.411,1.30392,1.30395,1.50,1.19
2018.05.18 14:13:04.573,1.30394,1.30399,1.69,1.00
2018.05.18 14:13:05.035,1.30397,1.304,1.00,1.00
2018.05.18 14:13:05.298,1.30395,1.30399,1.00,1.10
2018.05.18 14:13:05.746,1.30397,1.304,1.00,1.00
2018.05.18 14:13:06.065,1.30394,1.30398,1.57,1.00
2018.05.18 14:13:06.594,1.30395,1.304,1.00,1.69
2018.05.18 14:13:06.854,1.30396,1.30401,1.25,3.00
2018.05.18 14:13:07.130,1.30398,1.30403,1.00,5.32
2018.05.18 14:13:08.053,1.30398,1.30403,1.57,1.50
2018.05.18 14:13:08.465,1.304,1.30404,1.00,1.00
2018.05.18 14:13:08.826,1.304,1.30403,1.00,1.19
2018.05.18 14:13:09.347,1.30399,1.30404,1.95,1.25
2018.05.18 14:13:09.892,1.304,1.30405,1.00,1.69
2018.05.18 14:13:10.101,1.30398,1.30403,2.89,1.25
2018.05.18 14:13:10.207,1.304,1.30403,1.00,1.50
2018.05.18 14:13:12.180,1.30398,1.30403,1.01,1.69
2018.05.18 14:13:12.758,1.30399,1.30404,1.69,1.25
2018.05.18 14:13:13.271,1.30399,1.30404,3.00,1.00
2018.05.18 14:13:13.801,1.304,1.30405,1.95,1.00
2018.05.18 14:13:13.855,1.30403,1.30407,1.00,2.51
2018.05.18 14:13:14.172,1.30404,1.3041,1.01,2.62
2018.05.18 14:13:14.279,1.30404,1.3041,1.01,1.69
2018.05.18 14:13:14.439,1.30404,1.30408,1.00,1.25
2018.05.18 14:13:14.856,1.30403,1.30408,1.20,1.44
2018.05.18 14:13:15.392,1.30403,1.30408,1.76,1.25
2018.05.18 14:13:16.371,1.30404,1.3041,1.44,1.39
2018.05.18 14:13:16.900,1.30405,1.3041,1.25,1.31
2018.05.18 14:13:17.483,1.30405,1.3041,1.25,1.31
2018.05.18 14:13:18.068,1.30405,1.3041,1.25,1.25
2018.05.18 14:13:18.416,1.30407,1.30411,1.87,1.12
2018.05.18 14:13:19.129,1.30407,1.30412,2.14,1.25
2018.05.18 14:13:19.644,1.30408,1.30413,1.12,1.25
2018.05.18 14:13:20.154,1.3041,1.30414,1.00,1.29
2018.05.18 14:13:20.459,1.30409,1.30412,1.00,1.19
2018.05.18 14:13:20.511,1.30407,1.30413,1.00,1.87
2018.05.18 14:13:20.829,1.30407,1.30413,3.45,1.25
2018.05.18 14:13:21.146,1.30407,1.30413,1.57,1.69
2018.05.18 14:13:21.673,1.30407,1.30412,1.00,1.25
2018.05.18 14:13:22.204,1.30406,1.30411,2.51,1.00
2018.05.18 14:13:23.515,1.30406,1.30412,1.10,1.69
2018.05.18 14:13:24.110,1.30406,1.30412,1.00,3.56
2018.05.18 14:13:24.659,1.30406,1.30412,1.25,2.81
2018.05.18 14:13:24.770,1.30406,1.30412,1.25,2.62
2018.05.18 14:13:25.281,1.30406,1.3041,1.25,1.25
2018.05.18 14:13:25.636,1.30403,1.30409,1.10,1.87
2018.05.18 14:13:26.158,1.30402,1.30406,1.00,1.25
2018.05.18 14:13:27.227,1.30402,1.30407,2.17,1.00
2018.05.18 14:13:27.558,1.30409,1.30411,1.76,1.00
2018.05.18 14:13:27.664,1.30407,1.3041,1.10,1.00
2018.05.18 14:13:28.167,1.30404,1.30408,1.87,1.00
2018.05.18 14:13:28.219,1.30402,1.30406,2.14,1.00
2018.05.18 14:13:28.701,1.30402,1.30404,1.00,1.00
2018.05.18 14:13:28.830,1.30399,1.30405,1.69,3.45
2018.05.18 14:13:28.882,1.30399,1.30404,1.25,1.76
2018.05.18 14:13:29.402,1.30398,1.30404,1.00,1.01
2018.05.18 14:13:29.936,1.30398,1.30404,1.19,1.01
2018.05.18 14:13:30.800,1.30399,1.30403,1.00,1.39
2018.05.18 14:13:30.955,1.30397,1.30403,2.06,1.64
2018.05.18 14:13:31.113,1.30395,1.30399,1.69,1.00
2018.05.18 14:13:31.384,1.30392,1.30397,2.63,1.25
2018.05.18 14:13:31.925,1.30392,1.30396,1.69,1.20
2018.05.18 14:13:32.086,1.30392,1.30394,1.25,1.00
2018.05.18 14:13:32.138,1.30389,1.30392,1.00,1.00
2018.05.18 14:13:32.735,1.30389,1.30394,1.50,1.45
2018.05.18 14:13:32.788,1.30391,1.30395,1.00,1.45
2018.05.18 14:13:32.948,1.30389,1.30395,1.69,2.14
2018.05.18 14:13:33.001,1.30387,1.30391,1.50,1.50
2018.05.18 14:13:33.446,1.3039,1.30394,1.50,2.32
2018.05.18 14:13:33.551,1.3039,1.30393,1.25,1.00
2018.05.18 14:13:34.077,1.30389,1.30395,2.25,1.95
2018.05.18 14:13:34.590,1.30389,1.30394,1.19,1.70
2018.05.18 14:13:34.642,1.30388,1.30394,1.69,1.70
2018.05.18 14:13:35.173,1.30388,1.30393,2.05,1.45
2018.05.18 14:13:35.742,1.30389,1.30394,1.00,1.95
2018.05.18 14:13:37.039,1.30392,1.30395,1.00,1.45
2018.05.18 14:13:37.096,1.30392,1.30395,1.00,1.00
2018.05.18 14:13:37.619,1.30392,1.30396,1.00,1.20
2018.05.18 14:13:38.460,1.30392,1.30396,1.44,1.20
2018.05.18 14:13:38.993,1.30392,1.30397,1.25,1.70
2018.05.18 14:13:40.476,1.30392,1.30397,1.63,1.45
2018.05.18 14:13:41.017,1.30392,1.30397,1.31,1.20
2018.05.18 14:13:42.762,1.30393,1.30398,1.44,1.00
2018.05.18 14:13:43.321,1.30393,1.30398,1.25,1.00
2018.05.18 14:13:43.854,1.30393,1.30398,1.31,1.95
2018.05.18 14:13:44.378,1.30394,1.30398,1.00,1.70
2018.05.18 14:13:44.587,1.30394,1.304,3.56,1.20
2018.05.18 14:13:44.795,1.30394,1.304,3.56,1.95
2018.05.18 14:13:45.109,1.30397,1.30401,2.62,1.45
2018.05.18 14:13:45.266,1.30399,1.30403,1.00,1.10
2018.05.18 14:13:45.939,1.30399,1.30404,2.06,1.70
2018.05.18 14:13:46.467,1.30399,1.30405,2.44,1.76
2018.05.18 14:13:46.743,1.304,1.30405,1.25,1.01
2018.05.18 14:13:47.121,1.30402,1.30406,1.12,2.14
2018.05.18 14:13:47.223,1.30402,1.30406,1.12,1.20
2018.05.18 14:13:49.032,1.30402,1.30407,1.00,1.20
2018.05.18 14:13:49.137,1.30404,1.30408,1.00,1.45
2018.05.18 14:13:49.244,1.30404,1.30409,1.88,1.64
2018.05.18 14:13:49.531,1.30403,1.30409,3.19,2.14
2018.05.18 14:13:50.182,1.30403,1.30409,2.63,2.14
2018.05.18 14:13:50.430,1.30406,1.30409,1.00,2.14
2018.05.18 14:13:50.693,1.30407,1.30412,1.00,2.14
2018.05.18 14:13:51.156,1.30404,1.30411,3.00,2.32
2018.05.18 14:13:51.761,1.30404,1.30409,1.88,1.70
2018.05.18 14:13:52.526,1.30403,1.30408,2.63,1.45
2018.05.18 14:13:53.077,1.30403,1.30408,2.06,2.14
2018.05.18 14:13:53.625,1.30402,1.30407,1.00,1.45
2018.05.18 14:13:53.802,1.304,1.30404,1.19,2.14
2018.05.18 14:13:53.854,1.30399,1.30405,2.06,1.64
2018.05.18 14:13:54.365,1.30398,1.30404,3.94,1.45
2018.05.18 14:13:54.565,1.30403,1.30406,2.62,1.45
2018.05.18 14:13:54.617,1.30406,1.30409,1.00,1.19
2018.05.18 14:13:54.669,1.30404,1.30409,1.69,2.14
2018.05.18 14:13:54.986,1.30405,1.30411,1.25,3.64
2018.05.18 14:13:55.685,1.30406,1.30411,1.00,3.08
2018.05.18 14:13:56.214,1.30403,1.30409,3.75,1.20
2018.05.18 14:13:56.268,1.30403,1.30408,1.50,2.14
2018.05.18 14:13:56.320,1.30402,1.30408,2.06,2.14
2018.05.18 14:13:56.879,1.30402,1.30406,1.31,1.45
2018.05.18 14:13:57.595,1.30404,1.30406,1.00,1.70
2018.05.18 14:13:57.875,1.30405,1.3041,1.13,2.14
2018.05.18 14:13:58.138,1.30403,1.30408,1.25,2.14
2018.05.18 14:13:58.191,1.30402,1.30408,4.13,2.89
2018.05.18 14:13:58.554,1.30401,1.30407,1.69,3.26
2018.05.18 14:13:59.063,1.30401,1.30406,1.50,1.45
2018.05.18 14:13:59.167,1.30401,1.30406,1.31,1.45
2018.05.18 14:13:59.505,1.30401,1.30406,1.50,1.45
2018.05.18 14:13:59.609,1.30401,1.30406,1.31,1.45
2018.05.18 14:13:59.660,1.30401,1.30406,1.50,1.45
2018.05.18 14:13:59.815,1.30401,1.30406,1.31,1.45
2018.05.18 14:13:59.867,1.30401,1.30406,3.94,1.45
2018.05.18 14:14:00.387,1.30402,1.30407,1.50,1.95
2018.05.18 14:14:00.935,1.30402,1.30406,1.50,1.45
2018.05.18 14:14:01.469,1.30401,1.30407,1.50,3.64
2018.05.18 14:14:01.641,1.30399,1.30405,2.81,1.69
2018.05.18 14:14:01.954,1.304,1.30404,1.00,1.64
2018.05.18 14:14:03.421,1.30402,1.30405,1.00,1.45
2018.05.18 14:14:03.525,1.30403,1.30406,1.25,1.45
2018.05.18 14:14:04.129,1.30402,1.30407,1.88,1.95
2018.05.18 14:14:04.232,1.30402,1.30407,2.81,1.95
2018.05.18 14:14:04.336,1.30402,1.30407,2.62,1.95
2018.05.18 14:14:04.388,1.30402,1.30407,2.81,1.95
2018.05.18 14:14:04.491,1.30402,1.30407,1.69,1.95
2018.05.18 14:14:04.543,1.30402,1.30407,1.88,1.95
2018.05.18 14:14:04.596,1.30402,1.30407,2.62,1.70
2018.05.18 14:14:04.986,1.30403,1.30407,1.19,1.45
2018.05.18 14:14:05.801,1.30402,1.30408,3.75,2.14
2018.05.18 14:14:06.336,1.30402,1.30408,3.00,2.89
2018.05.18 14:14:06.904,1.30403,1.30408,1.12,1.95
2018.05.18 14:14:07.429,1.30402,1.30407,2.06,2.14
2018.05.18 14:14:07.951,1.30405,1.30408,1.00,1.45
2018.05.18 14:14:08.209,1.30403,1.30408,1.87,1.45
2018.05.18 14:14:08.764,1.30403,1.30408,1.44,1.45
2018.05.18 14:14:09.970,1.30402,1.30408,6.75,1.95
2018.05.18 14:14:10.590,1.30401,1.30405,1.25,1.50
2018.05.18 14:14:11.110,1.30402,1.30405,1.00,3.45
2018.05.18 14:14:11.547,1.30399,1.30402,1.31,1.00
2018.05.18 14:14:11.600,1.30397,1.30402,1.00,1.69
2018.05.18 14:14:11.813,1.30396,1.304,3.56,1.45
2018.05.18 14:14:12.442,1.30398,1.30401,2.44,2.70
2018.05.18 14:14:12.654,1.304,1.30403,1.00,1.20
2018.05.18 14:14:13.161,1.30399,1.30402,1.25,1.20
2018.05.18 14:14:13.688,1.30398,1.30402,5.81,1.20
2018.05.18 14:14:14.203,1.30398,1.30402,6.00,1.20
2018.05.18 14:14:14.514,1.30397,1.30402,3.00,2.70
2018.05.18 14:14:14.772,1.30397,1.304,2.25,1.20
2018.05.18 14:14:14.825,1.30395,1.304,1.13,1.20
2018.05.18 14:14:14.877,1.30394,1.30398,2.62,1.50
2018.05.18 14:14:15.190,1.30392,1.30396,1.31,1.95
2018.05.18 14:14:15.726,1.30391,1.30396,2.81,1.95
2018.05.18 14:14:16.298,1.30393,1.30396,1.44,1.20
2018.05.18 14:14:16.506,1.30392,1.30395,1.12,1.20
2018.05.18 14:14:17.058,1.30391,1.30395,1.31,1.20
2018.05.18 14:14:17.593,1.30391,1.30395,1.31,1.45
2018.05.18 14:14:18.098,1.30392,1.30396,1.63,1.45
2018.05.18 14:14:18.637,1.30393,1.30397,1.12,1.95
2018.05.18 14:14:19.750,1.30391,1.30396,1.31,1.95
2018.05.18 14:14:20.298,1.30392,1.30396,1.44,1.95
2018.05.18 14:14:20.819,1.30392,1.30396,1.25,1.95
2018.05.18 14:14:21.130,1.30391,1.30393,1.00,1.00
2018.05.18 14:14:21.653,1.3039,1.30394,1.13,1.95
2018.05.18 14:14:22.167,1.30389,1.30393,2.06,1.45
2018.05.18 14:14:22.951,1.30388,1.30392,2.62,1.20
2018.05.18 14:14:23.560,1.30389,1.30392,1.25,1.20
