2009.09.01 11:00:00.282,1.33125,1.33145,8.10,4.80
2009.09.01 11:00:00.632,1.33125,1.33145,10.50,8.20
2009.09.01 11:00:01.022,1.3313,1.3315,1.00,1.00
2009.09.01 11:00:01.382,1.3313,1.3315,1.00,4.40
2009.09.01 11:00:01.742,1.33125,1.3314,1.20,1.00
2009.09.01 11:00:02.092,1.3313,1.33155,2.40,19.70
2009.09.01 11:00:02.442,1.3313,1.33145,3.30,1.00
2009.09.01 11:00:02.771,1.3313,1.33145,1.00,1.00
2009.09.01 11:00:04.331,1.3314,1.3315,1.00,1.00
2009.09.01 11:00:04.561,1.33145,1.3315,1.00,1.00
2009.09.01 11:00:04.731,1.3314,1.3315,1.00,1.00
2009.09.01 11:00:04.891,1.3314,1.3315,1.60,2.80
2009.09.01 11:00:05.061,1.3313,1.33145,1.70,1.00
2009.09.01 11:00:05.421,1.3313,1.3314,3.30,1.00
2009.09.01 11:00:05.831,1.33125,1.33135,1.60,1.00
2009.09.01 11:00:06.181,1.33115,1.33135,1.70,1.00
2009.09.01 11:00:06.521,1.33115,1.33125,1.00,1.00
2009.09.01 11:00:06.870,1.33115,1.3314,4.10,5.80
2009.09.01 11:00:07.220,1.33115,1.3314,4.10,5.00
2009.09.01 11:00:07.570,1.33115,1.3313,1.00,1.00
2009.09.01 11:00:07.930,1.33115,1.33135,3.10,3.00
2009.09.01 11:00:08.280,1.33115,1.3314,2.50,4.20
2009.09.01 11:00:08.630,1.33115,1.3314,3.90,4.20
2009.09.01 11:00:08.970,1.33115,1.3314,3.50,4.20
2009.09.01 11:00:09.330,1.33115,1.3314,3.90,4.20
2009.09.01 11:00:09.610,1.33115,1.33135,3.10,1.00
2009.09.01 11:00:09.830,1.33115,1.33135,1.50,1.00
2009.09.01 11:00:10.110,1.33115,1.3314,4.10,5.00
2009.09.01 11:00:10.330,1.33115,1.3314,2.50,5.00
2009.09.01 11:00:10.680,1.33115,1.33135,3.90,4.00
2009.09.01 11:00:11.070,1.33115,1.33135,2.30,4.00
2009.09.01 11:00:11.420,1.33115,1.33135,1.50,7.20
2009.09.01 11:00:11.749,1.33115,1.33135,1.00,7.10
2009.09.01 11:00:12.099,1.33115,1.33135,3.10,3.20
2009.09.01 11:00:12.439,1.33115,1.33135,1.50,7.20
2009.09.01 11:00:13.139,1.33115,1.33135,1.00,7.10
2009.09.01 11:00:13.489,1.33115,1.33135,1.60,7.20
2009.09.01 11:00:13.769,1.3311,1.33135,7.20,7.20
2009.09.01 11:00:13.989,1.33115,1.33135,1.00,7.10
2009.09.01 11:00:14.279,1.3311,1.33135,7.20,7.20
2009.09.01 11:00:14.559,1.3311,1.33135,5.70,7.20
2009.09.01 11:00:14.909,1.33115,1.33135,1.00,8.10
2009.09.01 11:00:15.249,1.33115,1.33135,1.00,3.00
2009.09.01 11:00:15.599,1.3311,1.33135,6.50,4.90
2009.09.01 11:00:15.958,1.33115,1.3313,3.30,4.00
2009.09.01 11:00:16.298,1.33115,1.33135,3.30,1.00
2009.09.01 11:00:16.648,1.3312,1.3314,1.00,8.90
2009.09.01 11:00:17.048,1.3312,1.33145,2.50,8.20
2009.09.01 11:00:17.378,1.3312,1.33145,1.00,5.80
2009.09.01 11:00:17.718,1.33115,1.3314,6.50,1.00
2009.09.01 11:00:18.118,1.3311,1.3313,4.10,3.20
2009.09.01 11:00:18.468,1.3311,1.3313,4.90,4.00
2009.09.01 11:00:18.828,1.33115,1.3314,1.00,13.10
2009.09.01 11:00:19.587,1.33115,1.33135,3.20,4.00
2009.09.01 11:00:19.827,1.3312,1.33135,1.00,4.00
2009.09.01 11:00:20.047,1.3313,1.3314,1.60,1.00
2009.09.01 11:00:20.337,1.3313,1.3314,1.60,4.90
2009.09.01 11:00:21.727,1.3313,1.33135,1.60,1.00
2009.09.01 11:00:22.057,1.3313,1.3314,1.00,4.90
2009.09.01 11:00:29.475,1.3313,1.33135,1.00,1.00
2009.09.01 11:00:29.825,1.3313,1.3314,1.00,4.20
2009.09.01 11:00:30.165,1.3313,1.3314,1.00,4.00
2009.09.01 11:00:30.495,1.3313,1.33135,1.00,1.00
2009.09.01 11:00:31.175,1.33135,1.3314,1.00,1.00
2009.09.01 11:00:31.525,1.33135,1.3315,5.20,3.20
2009.09.01 11:00:31.865,1.33135,1.3315,1.00,1.00
2009.09.01 11:00:32.215,1.33135,1.3315,1.00,2.50
2009.09.01 11:00:32.554,1.33135,1.33155,2.00,5.60
2009.09.01 11:00:32.904,1.33135,1.33155,2.80,2.60
2009.09.01 11:00:33.244,1.33135,1.33155,1.20,2.60
2009.09.01 11:00:34.104,1.33135,1.33155,2.10,3.20
2009.09.01 11:00:34.334,1.33135,1.33155,6.10,3.20
2009.09.01 11:00:34.564,1.3314,1.3316,2.40,3.20
2009.09.01 11:00:35.024,1.3314,1.3316,2.50,3.20
2009.09.01 11:00:35.314,1.3314,1.33155,2.50,1.00
2009.09.01 11:00:35.604,1.3314,1.33155,1.00,1.00
2009.09.01 11:00:37.564,1.3314,1.3316,2.40,4.80
2009.09.01 11:00:37.913,1.3314,1.3316,2.40,3.20
2009.09.01 11:00:38.303,1.3314,1.3316,3.60,3.20
2009.09.01 11:00:38.993,1.3314,1.3316,4.00,3.30
2009.09.01 11:00:39.852,1.3314,1.3316,4.00,5.70
2009.09.01 11:00:40.142,1.3314,1.33155,2.00,2.60
2009.09.01 11:00:40.672,1.3314,1.33155,1.00,2.60
2009.09.01 11:00:41.252,1.33135,1.3315,4.40,2.50
2009.09.01 11:00:41.623,1.33135,1.3315,11.00,1.60
2009.09.01 11:00:41.962,1.33135,1.33155,10.60,2.60
2009.09.01 11:00:42.652,1.33135,1.3315,4.00,2.50
2009.09.01 11:00:42.974,1.33135,1.33155,9.40,4.20
2009.09.01 11:00:43.312,1.33135,1.33155,9.60,2.60
2009.09.01 11:00:43.662,1.3314,1.33155,1.00,2.60
2009.09.01 11:00:44.361,1.33135,1.33155,11.20,2.60
2009.09.01 11:00:44.582,1.33135,1.33155,9.40,2.60
2009.09.01 11:00:44.751,1.33135,1.33155,5.40,2.60
2009.09.01 11:00:45.151,1.33135,1.33155,7.20,2.60
2009.09.01 11:00:46.001,1.33135,1.33155,5.40,2.50
2009.09.01 11:00:46.331,1.33135,1.33155,7.20,2.50
2009.09.01 11:00:46.731,1.3314,1.3316,1.00,2.60
2009.09.01 11:00:47.421,1.33145,1.3316,1.00,1.00
2009.09.01 11:00:48.121,1.3314,1.3316,2.40,1.00
2009.09.01 11:00:48.461,1.33135,1.33155,13.20,1.00
2009.09.01 11:00:48.800,1.3314,1.3316,2.40,5.80
2009.09.01 11:00:49.191,1.33135,1.3315,4.40,1.00
2009.09.01 11:00:49.550,1.33135,1.33155,6.00,2.40
2009.09.01 11:00:49.720,1.3314,1.3316,2.40,4.20
2009.09.01 11:00:49.951,1.3314,1.3316,1.00,4.20
2009.09.01 11:00:50.170,1.3314,1.3316,1.00,1.00
2009.09.01 11:00:50.400,1.3314,1.3315,1.60,1.00
2009.09.01 11:00:50.750,1.33135,1.3315,3.60,1.00
2009.09.01 11:00:53.539,1.3314,1.3315,4.00,1.00
2009.09.01 11:00:53.649,1.33145,1.3316,1.20,2.60
2009.09.01 11:00:53.759,1.33145,1.3316,1.20,1.80
2009.09.01 11:00:53.880,1.33145,1.3316,1.20,1.00
2009.09.01 11:00:56.049,1.33145,1.33155,1.00,1.00
2009.09.01 11:00:56.729,1.33135,1.3315,5.90,1.00
2009.09.01 11:00:57.129,1.3314,1.33155,1.30,1.00
2009.09.01 11:01:00.538,1.3314,1.33155,2.00,1.00
2009.09.01 11:01:00.768,1.33145,1.3316,1.20,1.00
2009.09.01 11:01:00.998,1.33145,1.33155,1.00,1.00
2009.09.01 11:01:01.447,1.3314,1.33155,1.60,1.00
2009.09.01 11:01:03.397,1.33145,1.3316,1.20,1.70
2009.09.01 11:01:03.857,1.33145,1.3316,1.20,1.00
2009.09.01 11:01:06.956,1.33145,1.3316,1.20,2.50
2009.09.01 11:01:07.306,1.33145,1.3316,2.80,1.00
2009.09.01 11:01:07.686,1.33145,1.33165,1.60,3.40
2009.09.01 11:01:08.036,1.33145,1.33165,5.20,4.00
2009.09.01 11:01:08.376,1.33155,1.33165,1.00,4.00
2009.09.01 11:01:08.726,1.3315,1.33165,4.80,1.00
2009.09.01 11:01:08.956,1.3315,1.33165,1.00,4.00
2009.09.01 11:01:09.245,1.3315,1.3316,1.00,2.80
2009.09.01 11:01:09.425,1.33145,1.3316,1.10,3.00
2009.09.01 11:01:10.495,1.33145,1.33155,1.00,1.00
2009.09.01 11:01:11.555,1.33145,1.3316,1.10,3.00
2009.09.01 11:01:12.235,1.33145,1.3316,1.00,2.60
2009.09.01 11:01:12.595,1.3315,1.33165,1.00,4.00
2009.09.01 11:01:12.934,1.33145,1.33165,9.10,1.00
2009.09.01 11:01:13.285,1.33145,1.33165,13.10,1.00
2009.09.01 11:01:13.625,1.33145,1.33165,13.50,1.00
2009.09.01 11:01:14.034,1.3315,1.33165,1.20,1.00
2009.09.01 11:01:14.324,1.33155,1.33165,1.00,1.00
2009.09.01 11:01:14.484,1.33155,1.33175,3.10,1.00
2009.09.01 11:01:14.664,1.33155,1.33175,3.30,1.00
2009.09.01 11:01:14.834,1.33155,1.33175,3.20,1.00
2009.09.01 11:01:15.004,1.33155,1.33175,3.40,1.00
2009.09.01 11:01:15.354,1.3316,1.33175,1.00,3.40
2009.09.01 11:01:15.744,1.33155,1.33175,1.00,3.40
2009.09.01 11:01:16.084,1.33155,1.33175,1.00,3.40
2009.09.01 11:01:16.444,1.33155,1.33175,1.00,5.00
2009.09.01 11:01:17.124,1.33155,1.33175,1.00,2.60
2009.09.01 11:01:17.514,1.3316,1.33175,1.00,2.40
2009.09.01 11:01:17.854,1.3316,1.33175,1.00,2.00
2009.09.01 11:01:18.143,1.33165,1.33175,1.00,1.00
2009.09.01 11:01:19.183,1.33165,1.33175,1.00,1.00
2009.09.01 11:01:19.943,1.33165,1.33175,1.00,1.00
2009.09.01 11:01:20.463,1.33155,1.33175,6.50,1.00
2009.09.01 11:01:20.753,1.33155,1.33175,5.70,1.00
2009.09.01 11:01:21.033,1.3316,1.33175,3.00,1.00
2009.09.01 11:01:21.262,1.3316,1.33175,4.80,1.00
2009.09.01 11:01:21.603,1.3316,1.33175,4.60,1.00
2009.09.01 11:01:21.992,1.3316,1.33175,5.20,1.00
2009.09.01 11:01:27.681,1.3316,1.33175,4.80,1.00
2009.09.01 11:01:27.861,1.33165,1.33175,2.50,1.00
2009.09.01 11:01:28.261,1.3317,1.33175,1.00,1.00
2009.09.01 11:01:28.961,1.33175,1.33185,3.30,1.60
2009.09.01 11:01:29.321,1.3318,1.33195,1.00,4.60
2009.09.01 11:01:29.651,1.33175,1.33185,4.00,1.00
2009.09.01 11:01:30.001,1.3316,1.3318,4.40,4.80
2009.09.01 11:01:30.280,1.3316,1.33175,1.10,1.60
2009.09.01 11:01:30.520,1.3316,1.33175,3.10,1.30
2009.09.01 11:01:30.820,1.33165,1.3318,1.00,2.30
2009.09.01 11:01:31.170,1.33165,1.3318,1.00,1.00
2009.09.01 11:01:32.200,1.3316,1.3318,9.10,1.00
2009.09.01 11:01:32.540,1.3316,1.3318,7.50,2.50
2009.09.01 11:01:34.289,1.3316,1.33175,7.50,1.00
2009.09.01 11:01:34.399,1.3316,1.33175,6.70,1.00
2009.09.01 11:01:34.459,1.3316,1.33175,1.50,1.50
2009.09.01 11:01:34.620,1.3316,1.3317,1.50,1.00
2009.09.01 11:01:34.840,1.3316,1.3317,4.70,1.00
2009.09.01 11:01:34.900,1.33165,1.33175,1.00,1.60
2009.09.01 11:01:35.019,1.33165,1.3318,1.00,1.00
2009.09.01 11:01:38.968,1.3316,1.3317,1.00,1.00
2009.09.01 11:01:39.198,1.33155,1.3317,5.20,1.00
2009.09.01 11:01:40.968,1.3316,1.3318,4.70,6.50
2009.09.01 11:01:41.308,1.3316,1.3318,6.30,1.00
2009.09.01 11:01:41.668,1.33165,1.3318,1.00,2.50
2009.09.01 11:01:42.068,1.33165,1.3318,4.00,1.00
2009.09.01 11:01:42.418,1.3316,1.3318,4.30,2.50
2009.09.01 11:01:42.707,1.3316,1.3318,5.90,1.00
2009.09.01 11:01:43.038,1.3316,1.3318,4.30,2.50
2009.09.01 11:01:43.387,1.3316,1.3318,2.80,4.60
2009.09.01 11:01:43.967,1.3316,1.33175,2.40,1.60
2009.09.01 11:01:44.257,1.33155,1.3317,8.90,1.00
2009.09.01 11:01:44.537,1.33155,1.3317,4.90,1.00
2009.09.01 11:01:45.866,1.3316,1.33175,2.80,4.00
2009.09.01 11:01:46.217,1.3316,1.33175,2.80,1.00
2009.09.01 11:01:46.566,1.3316,1.33175,2.80,1.00
2009.09.01 11:01:46.896,1.33155,1.3317,4.90,1.00
2009.09.01 11:01:49.486,1.3316,1.33175,2.40,4.00
2009.09.01 11:01:49.536,1.3316,1.33175,2.80,4.00
2009.09.01 11:01:50.256,1.3316,1.3318,2.80,7.40
2009.09.01 11:01:50.485,1.3316,1.33175,2.80,4.00
2009.09.01 11:01:50.766,1.3316,1.33175,1.00,4.00
2009.09.01 11:01:51.115,1.33155,1.3317,5.30,1.00
2009.09.01 11:01:53.405,1.33165,1.3317,4.20,1.00
2009.09.01 11:01:53.785,1.33175,1.3318,3.10,1.00
2009.09.01 11:01:54.125,1.33175,1.3319,4.90,1.00
2009.09.01 11:01:54.485,1.3317,1.33185,6.50,1.00
2009.09.01 11:01:55.025,1.3317,1.33185,4.90,1.00
2009.09.01 11:01:56.404,1.33175,1.33185,1.60,1.00
2009.09.01 11:01:56.784,1.3318,1.33195,4.50,1.00
2009.09.01 11:01:57.464,1.3318,1.33195,1.30,1.00
2009.09.01 11:01:57.814,1.33175,1.33195,4.00,2.50
2009.09.01 11:01:58.164,1.33175,1.33195,4.30,2.50
2009.09.01 11:01:58.783,1.33175,1.33195,8.30,2.50
2009.09.01 11:01:59.133,1.33175,1.33185,4.00,1.00
2009.09.01 11:01:59.483,1.33165,1.33185,7.10,1.00
2009.09.01 11:01:59.783,1.33165,1.33185,5.50,2.50
2009.09.01 11:02:01.233,1.3317,1.33185,1.00,1.00
2009.09.01 11:02:01.593,1.33165,1.33185,12.70,2.50
2009.09.01 11:02:01.933,1.33165,1.33185,8.70,2.50
2009.09.01 11:02:02.253,1.33165,1.33175,3.20,1.00
2009.09.01 11:02:02.583,1.3316,1.33175,6.50,3.20
2009.09.01 11:02:02.932,1.3316,1.33175,1.00,3.20
2009.09.01 11:02:03.572,1.33165,1.3318,1.00,2.30
2009.09.01 11:02:03.922,1.33165,1.33185,1.00,2.50
2009.09.01 11:02:05.352,1.33165,1.33185,1.00,4.00
2009.09.01 11:02:06.032,1.33165,1.33185,1.00,2.50
2009.09.01 11:02:06.382,1.33165,1.33185,1.10,2.50
2009.09.01 11:02:07.771,1.33165,1.33185,1.90,2.50
2009.09.01 11:02:08.171,1.3317,1.33185,1.00,2.40
2009.09.01 11:02:08.401,1.3317,1.3319,2.50,5.60
2009.09.01 11:02:08.631,1.3317,1.33185,1.60,1.10
2009.09.01 11:02:08.971,1.3317,1.3319,2.50,4.20
2009.09.01 11:02:09.331,1.3317,1.33185,2.50,1.00
2009.09.01 11:02:10.521,1.3317,1.33185,1.60,1.10
2009.09.01 11:02:10.701,1.33165,1.33185,5.60,1.80
2009.09.01 11:02:11.430,1.33165,1.33185,7.20,1.00
2009.09.01 11:02:12.110,1.33165,1.33185,6.30,1.10
2009.09.01 11:02:12.451,1.33165,1.3319,10.30,4.20
2009.09.01 11:02:12.790,1.33165,1.33185,10.30,1.00
2009.09.01 11:02:15.360,1.33165,1.33185,10.30,1.10
2009.09.01 11:02:15.699,1.33165,1.33185,8.70,2.50
2009.09.01 11:02:16.399,1.33165,1.33185,3.90,2.50
2009.09.01 11:02:16.739,1.33165,1.33185,1.50,2.50
2009.09.01 11:02:17.939,1.33165,1.33185,4.70,2.50
2009.09.01 11:02:18.449,1.3316,1.33175,12.90,1.00
2009.09.01 11:02:18.679,1.3316,1.33175,4.00,1.60
2009.09.01 11:02:18.899,1.3316,1.3318,1.50,2.40
2009.09.01 11:02:19.139,1.3316,1.3318,2.30,1.00
2009.09.01 11:02:19.369,1.3316,1.3318,1.00,2.40
2009.09.01 11:02:19.929,1.3316,1.33175,1.00,1.60
2009.09.01 11:02:20.448,1.3316,1.3318,1.00,2.50
2009.09.01 11:02:20.738,1.3316,1.33175,1.00,1.60
2009.09.01 11:02:21.598,1.33155,1.33175,7.90,2.50
2009.09.01 11:02:22.668,1.33155,1.3318,9.50,9.30
2009.09.01 11:02:22.948,1.33155,1.3317,1.00,1.00
2009.09.01 11:02:23.308,1.3315,1.3317,4.70,7.10
2009.09.01 11:02:23.578,1.3315,1.33165,4.90,1.00
2009.09.01 11:02:24.628,1.33155,1.33175,1.00,6.40
2009.09.01 11:02:24.977,1.33155,1.33175,1.00,3.60
2009.09.01 11:02:25.247,1.3315,1.33165,4.90,1.00
2009.09.01 11:02:25.597,1.33155,1.33165,1.00,1.00
2009.09.01 11:02:25.947,1.3315,1.33165,4.90,1.00
2009.09.01 11:02:26.357,1.3315,1.33165,4.90,1.00
2009.09.01 11:02:26.707,1.3315,1.33165,4.10,1.00
2009.09.01 11:02:27.057,1.33145,1.33165,5.50,1.00
2009.09.01 11:02:27.397,1.33145,1.33165,5.50,2.50
2009.09.01 11:02:32.595,1.33145,1.33165,2.60,2.50
2009.09.01 11:02:33.285,1.33145,1.33165,3.40,2.50
2009.09.01 11:02:33.955,1.33145,1.3316,3.40,1.60
2009.09.01 11:02:35.205,1.33145,1.3316,1.50,1.60
2009.09.01 11:02:35.365,1.33145,1.33155,2.30,1.00
2009.09.01 11:02:35.715,1.33145,1.3316,5.50,1.60
2009.09.01 11:02:39.064,1.33145,1.3316,2.30,1.60
2009.09.01 11:02:40.963,1.33145,1.3316,4.70,1.60
2009.09.01 11:02:41.313,1.33155,1.33175,2.30,4.00
2009.09.01 11:02:41.663,1.33155,1.33175,2.30,2.70
2009.09.01 11:02:43.783,1.3315,1.33175,12.80,2.70
2009.09.01 11:02:47.602,1.3315,1.33175,12.80,2.50
2009.09.01 11:02:52.510,1.3316,1.33175,2.90,1.70
2009.09.01 11:02:52.791,1.3316,1.33175,2.90,1.00
2009.09.01 11:02:53.680,1.3316,1.3317,2.80,1.00
2009.09.01 11:02:54.080,1.33155,1.3317,9.70,1.00
2009.09.01 11:02:54.131,1.33155,1.33175,6.50,3.70
2009.09.01 11:02:54.360,1.33155,1.33175,8.10,3.70
2009.09.01 11:02:54.480,1.33155,1.33175,8.90,3.70
2009.09.01 11:02:54.540,1.33155,1.33175,9.60,3.70
2009.09.01 11:02:54.650,1.3316,1.33175,4.90,1.00
2009.09.01 11:02:54.760,1.33165,1.3318,1.00,4.50
2009.09.01 11:02:54.990,1.33165,1.3318,1.70,1.30
2009.09.01 11:02:55.090,1.33165,1.33175,1.60,1.00
2009.09.01 11:02:55.450,1.33165,1.3318,1.70,1.00
2009.09.01 11:02:55.790,1.3316,1.33175,8.00,1.00
2009.09.01 11:02:56.470,1.3316,1.3318,9.50,1.30
2009.09.01 11:02:56.830,1.3316,1.33175,8.00,1.00
2009.09.01 11:02:57.179,1.33165,1.3318,2.30,1.60
2009.09.01 11:02:57.530,1.3317,1.33185,1.70,1.00
2009.09.01 11:02:58.219,1.33175,1.33195,2.50,1.50
2009.09.01 11:02:58.549,1.33175,1.33195,3.30,1.00
2009.09.01 11:02:58.899,1.33175,1.33195,1.50,2.50
2009.09.01 11:02:59.249,1.33175,1.33195,1.00,2.40
2009.09.01 11:02:59.639,1.3317,1.33195,2.30,1.70
2009.09.01 11:02:59.989,1.33175,1.33195,3.20,2.10
2009.09.01 11:03:00.319,1.3318,1.332,1.00,2.80
2009.09.01 11:03:00.549,1.3318,1.33205,2.50,5.20
2009.09.01 11:03:00.779,1.3318,1.332,2.50,1.00
2009.09.01 11:03:01.198,1.3318,1.332,1.00,1.60
2009.09.01 11:03:01.529,1.33175,1.33195,6.40,1.00
2009.09.01 11:03:01.929,1.3318,1.33195,1.70,1.00
2009.09.01 11:03:02.219,1.33175,1.33195,5.50,1.70
2009.09.01 11:03:02.628,1.3318,1.332,3.10,4.80
2009.09.01 11:03:02.968,1.33185,1.3319,1.60,1.00
2009.09.01 11:03:03.308,1.3318,1.33205,4.00,4.10
2009.09.01 11:03:03.658,1.33185,1.33205,1.00,1.60
2009.09.01 11:03:04.398,1.33185,1.33205,2.50,1.00
2009.09.01 11:03:05.048,1.33185,1.33205,1.70,1.00
2009.09.01 11:03:05.287,1.33185,1.33205,1.60,1.20
2009.09.01 11:03:05.557,1.3318,1.332,2.20,1.00
2009.09.01 11:03:05.887,1.33185,1.332,1.00,1.60
2009.09.01 11:03:06.247,1.33185,1.3321,3.10,4.30
2009.09.01 11:03:06.597,1.33185,1.3321,3.30,13.60
2009.09.01 11:03:07.127,1.3318,1.33195,4.90,1.00
2009.09.01 11:03:07.417,1.3318,1.33195,3.30,1.00
2009.09.01 11:03:09.617,1.3318,1.33195,3.20,1.00
2009.09.01 11:03:09.786,1.3318,1.33195,1.00,1.00
2009.09.01 11:03:09.957,1.33175,1.33195,8.30,1.00
2009.09.01 11:03:10.016,1.33175,1.33195,6.70,2.50
2009.09.01 11:03:10.196,1.33175,1.33195,7.50,2.50
2009.09.01 11:03:10.256,1.33175,1.33195,6.70,2.50
2009.09.01 11:03:10.366,1.33175,1.33195,4.50,2.50
2009.09.01 11:03:10.486,1.33175,1.33195,5.30,2.50
2009.09.01 11:03:10.936,1.33175,1.33195,5.70,2.50
2009.09.01 11:03:11.276,1.3319,1.33205,1.00,5.60
2009.09.01 11:03:11.676,1.33195,1.33205,1.00,1.00
2009.09.01 11:03:12.036,1.33195,1.3322,6.40,4.70
2009.09.01 11:03:13.066,1.332,1.33205,6.40,6.40
2009.09.01 11:03:13.416,1.332,1.3322,2.40,2.70
2009.09.01 11:03:13.776,1.33205,1.3322,1.00,1.20
2009.09.01 11:03:14.495,1.33205,1.3322,1.00,1.00
2009.09.01 11:03:15.205,1.332,1.3322,4.90,3.10
2009.09.01 11:03:15.415,1.332,1.3322,4.50,2.80
2009.09.01 11:03:15.585,1.332,1.3322,4.50,4.80
2009.09.01 11:03:16.275,1.332,1.3322,4.90,4.80
2009.09.01 11:03:16.615,1.332,1.3322,4.90,4.40
2009.09.01 11:03:16.965,1.332,1.3322,4.50,4.40
2009.09.01 11:03:17.315,1.332,1.3322,4.40,4.40
2009.09.01 11:03:17.655,1.332,1.3322,4.50,4.40
2009.09.01 11:03:18.304,1.33205,1.3322,1.00,4.40
2009.09.01 11:03:19.694,1.33205,1.3322,3.60,1.60
2009.09.01 11:03:19.874,1.33205,1.3322,7.60,1.60
2009.09.01 11:03:20.044,1.3321,1.33225,4.30,3.10
2009.09.01 11:03:20.164,1.33215,1.3323,1.00,3.20
2009.09.01 11:03:21.714,1.33215,1.3323,1.00,1.70
2009.09.01 11:03:22.063,1.33215,1.3323,1.00,1.00
2009.09.01 11:03:22.464,1.33215,1.3323,1.00,1.20
2009.09.01 11:03:22.813,1.33215,1.3324,1.00,12.70
2009.09.01 11:03:23.133,1.33215,1.3323,1.00,1.20
2009.09.01 11:03:23.543,1.33205,1.3323,9.50,1.00
2009.09.01 11:03:23.893,1.33205,1.3323,6.30,1.00
2009.09.01 11:03:24.233,1.3321,1.33235,1.50,8.90
2009.09.01 11:03:24.573,1.3321,1.33235,2.30,1.00
2009.09.01 11:03:24.753,1.3321,1.33235,2.50,1.00
2009.09.01 11:03:24.923,1.3321,1.33235,6.50,1.00
2009.09.01 11:03:25.323,1.3321,1.33235,6.50,1.00
2009.09.01 11:03:25.682,1.33215,1.33235,1.50,1.00
2009.09.01 11:03:26.013,1.33215,1.33235,1.50,1.00
2009.09.01 11:03:26.363,1.3321,1.33235,10.50,1.70
2009.09.01 11:03:26.872,1.33215,1.33235,1.00,1.00
2009.09.01 11:03:27.222,1.33215,1.33235,1.00,2.40
2009.09.01 11:03:28.772,1.33215,1.3323,1.00,2.40
2009.09.01 11:03:29.052,1.3321,1.33225,11.90,1.60
2009.09.01 11:03:29.342,1.33205,1.33225,9.70,1.60
2009.09.01 11:03:29.642,1.33205,1.33225,9.70,3.20
2009.09.01 11:03:32.731,1.33205,1.3322,2.50,1.00
2009.09.01 11:03:33.021,1.332,1.3322,5.50,2.50
2009.09.01 11:03:33.521,1.33195,1.3322,10.40,2.40
2009.09.01 11:03:33.971,1.33195,1.3322,14.40,2.50
2009.09.01 11:03:34.320,1.33195,1.3322,6.20,2.40
2009.09.01 11:03:34.670,1.332,1.3322,3.10,2.40
2009.09.01 11:03:35.520,1.332,1.3322,1.50,2.40
2009.09.01 11:03:35.700,1.33205,1.3322,3.30,1.60
2009.09.01 11:03:36.080,1.33205,1.33225,4.90,1.00
2009.09.01 11:03:36.430,1.33205,1.33225,2.30,3.20
2009.09.01 11:03:36.770,1.33205,1.3322,1.00,1.00
2009.09.01 11:03:37.400,1.33215,1.33225,1.00,1.60
2009.09.01 11:03:37.670,1.33215,1.3323,2.50,3.20
2009.09.01 11:03:38.349,1.33215,1.33235,5.30,7.60
2009.09.01 11:03:38.700,1.33215,1.33235,7.70,6.80
2009.09.01 11:03:39.049,1.33215,1.33235,9.30,5.20
2009.09.01 11:03:39.389,1.33215,1.33235,9.50,5.10
2009.09.01 11:03:39.749,1.3322,1.33235,1.00,5.20
2009.09.01 11:03:40.099,1.33215,1.33235,9.50,5.10
2009.09.01 11:03:40.449,1.33215,1.33235,9.90,6.80
2009.09.01 11:03:40.909,1.33215,1.33235,9.90,5.10
2009.09.01 11:03:41.249,1.33225,1.33235,1.00,5.10
2009.09.01 11:03:41.599,1.3322,1.33235,1.70,5.20
2009.09.01 11:03:41.938,1.3322,1.33235,1.00,5.20
2009.09.01 11:03:42.329,1.33225,1.33235,1.00,5.10
2009.09.01 11:03:42.669,1.3322,1.33235,1.70,5.20
2009.09.01 11:03:43.018,1.3322,1.33235,1.00,5.20
2009.09.01 11:03:43.368,1.33225,1.33235,1.00,5.10
2009.09.01 11:03:43.708,1.3322,1.33235,1.00,5.10
2009.09.01 11:03:44.048,1.3323,1.3324,1.00,1.70
2009.09.01 11:03:44.168,1.33225,1.3324,1.90,4.80
2009.09.01 11:03:44.448,1.33225,1.3324,1.70,3.20
2009.09.01 11:03:44.688,1.33225,1.3324,1.00,3.20
2009.09.01 11:03:44.918,1.33225,1.3324,1.00,1.00
2009.09.01 11:03:45.028,1.33235,1.33245,1.00,1.60
2009.09.01 11:03:45.378,1.3323,1.33245,1.60,2.90
2009.09.01 11:03:45.728,1.33225,1.3324,1.00,3.10
2009.09.01 11:03:46.068,1.33225,1.3324,1.70,3.10
2009.09.01 11:03:46.408,1.33225,1.3324,1.00,3.10
2009.09.01 11:03:53.356,1.3322,1.3324,1.60,3.30
2009.09.01 11:03:53.656,1.33215,1.3324,12.50,4.90
2009.09.01 11:03:54.166,1.33215,1.3324,10.90,4.90
2009.09.01 11:03:54.406,1.33215,1.3324,6.90,4.90
2009.09.01 11:03:55.685,1.33215,1.33235,3.70,1.00
2009.09.01 11:03:56.425,1.33215,1.33235,7.70,1.00
2009.09.01 11:03:57.285,1.33215,1.3323,4.00,1.00
2009.09.01 11:03:57.985,1.33215,1.3323,1.00,1.00
2009.09.01 11:04:02.294,1.33215,1.3323,1.70,1.00
2009.09.01 11:04:02.644,1.33215,1.3323,1.00,1.00
2009.09.01 11:04:06.113,1.33215,1.3323,1.00,1.00
2009.09.01 11:04:07.053,1.33215,1.33225,1.00,1.00
2009.09.01 11:04:07.452,1.3321,1.33225,1.10,3.10
2009.09.01 11:04:07.803,1.3321,1.33225,1.00,3.10
2009.09.01 11:04:10.102,1.3321,1.33225,2.80,1.70
2009.09.01 11:04:10.452,1.3321,1.33225,3.60,1.70
2009.09.01 11:04:10.742,1.33215,1.3323,1.00,3.30
2009.09.01 11:04:11.422,1.33215,1.3323,1.00,1.00
2009.09.01 11:04:11.772,1.33215,1.3323,2.20,1.00
2009.09.01 11:04:12.171,1.33215,1.33235,2.40,1.60
2009.09.01 11:04:12.521,1.33215,1.33235,4.00,1.00
2009.09.01 11:04:12.871,1.33215,1.33235,1.90,3.00
2009.09.01 11:04:13.371,1.33215,1.3323,1.00,1.00
2009.09.01 11:04:13.721,1.33215,1.3323,2.30,1.00
2009.09.01 11:04:14.101,1.33215,1.3323,1.00,1.00
2009.09.01 11:04:21.959,1.33215,1.3323,1.00,3.00
2009.09.01 11:04:22.309,1.33215,1.3323,1.00,3.40
2009.09.01 11:04:22.649,1.33215,1.3323,1.00,1.40
2009.09.01 11:04:23.349,1.33215,1.3323,1.00,1.00
2009.09.01 11:04:25.068,1.33215,1.3323,1.00,3.40
2009.09.01 11:04:25.238,1.33215,1.3323,1.00,3.40
2009.09.01 11:04:25.468,1.33215,1.3323,1.00,3.80
2009.09.01 11:04:25.808,1.33215,1.3323,1.00,3.40
2009.09.01 11:04:26.138,1.33215,1.3323,1.00,3.80
2009.09.01 11:04:29.777,1.33215,1.3323,1.00,3.40
2009.09.01 11:04:37.096,1.33215,1.3323,1.00,3.30
2009.09.01 11:04:37.436,1.33215,1.3323,1.70,3.40
2009.09.01 11:04:37.815,1.33215,1.3323,1.00,3.40
2009.09.01 11:04:38.505,1.3321,1.3323,2.90,5.00
2009.09.01 11:04:39.485,1.3321,1.3323,6.90,5.00
2009.09.01 11:04:40.554,1.3321,1.3323,6.90,5.80
2009.09.01 11:04:40.674,1.3321,1.3323,6.80,2.60
2009.09.01 11:04:40.835,1.33215,1.3323,1.00,2.60
2009.09.01 11:04:40.955,1.3321,1.3323,6.80,4.60
2009.09.01 11:04:41.424,1.33215,1.3323,1.00,3.00
2009.09.01 11:04:41.784,1.3321,1.3323,8.40,3.00
2009.09.01 11:04:42.134,1.3321,1.3323,6.80,4.60
2009.09.01 11:04:42.464,1.3321,1.3323,6.80,5.00
2009.09.01 11:04:42.754,1.3321,1.3323,2.80,5.00
2009.09.01 11:04:43.734,1.3321,1.3323,2.80,4.60
2009.09.01 11:04:48.333,1.3321,1.3322,1.00,1.00
2009.09.01 11:04:50.002,1.33205,1.3322,2.90,3.70
2009.09.01 11:04:50.113,1.33205,1.33215,2.80,2.50
2009.09.01 11:04:50.232,1.332,1.33215,4.70,4.50
2009.09.01 11:04:50.283,1.332,1.33215,1.60,7.20
2009.09.01 11:04:50.402,1.33195,1.3321,6.40,1.00
2009.09.01 11:04:50.452,1.33195,1.3321,4.00,3.30
2009.09.01 11:04:50.572,1.33195,1.3321,3.20,3.30
2009.09.01 11:04:50.922,1.3319,1.33205,4.90,1.00
2009.09.01 11:04:51.272,1.33195,1.3321,3.20,1.00
2009.09.01 11:04:51.622,1.33195,1.3321,3.20,1.00
2009.09.01 11:04:52.672,1.332,1.33215,1.00,2.50
2009.09.01 11:04:52.892,1.332,1.33215,1.00,1.00
2009.09.01 11:04:53.352,1.33195,1.33215,4.80,7.30
2009.09.01 11:04:53.591,1.33195,1.33215,4.80,8.90
2009.09.01 11:04:54.681,1.33195,1.33215,4.80,9.70
2009.09.01 11:04:54.961,1.33195,1.3321,1.70,2.80
2009.09.01 11:04:55.131,1.33195,1.33205,1.60,4.00
2009.09.01 11:04:55.251,1.3319,1.33205,4.90,4.00
2009.09.01 11:04:55.531,1.332,1.33205,1.00,4.00
2009.09.01 11:04:55.641,1.332,1.33205,1.00,1.60
2009.09.01 11:04:55.821,1.33195,1.3321,3.30,1.60
2009.09.01 11:04:55.941,1.33195,1.3321,2.50,2.40
2009.09.01 11:04:56.271,1.3319,1.33205,4.90,1.00
2009.09.01 11:04:56.681,1.3319,1.33205,4.00,5.10
2009.09.01 11:04:56.971,1.33195,1.33205,4.00,5.10
2009.09.01 11:04:57.311,1.3319,1.33205,1.00,1.00
2009.09.01 11:04:57.651,1.3319,1.33205,6.50,1.00
2009.09.01 11:04:59.050,1.33195,1.33205,1.60,1.00
2009.09.01 11:04:59.460,1.3319,1.332,2.00,1.00
2009.09.01 11:04:59.730,1.33185,1.332,4.00,1.00
2009.09.01 11:04:59.910,1.3318,1.33195,4.00,1.00
2009.09.01 11:05:00.140,1.33175,1.3319,1.00,2.50
2009.09.01 11:05:00.370,1.33175,1.3319,1.00,4.10
2009.09.01 11:05:00.580,1.33175,1.3319,1.00,3.30
2009.09.01 11:05:00.980,1.33175,1.33195,1.00,3.30
2009.09.01 11:05:01.330,1.33175,1.33195,2.50,1.70
2009.09.01 11:05:03.039,1.33185,1.33195,1.00,1.00
2009.09.01 11:05:03.399,1.33185,1.332,1.00,3.80
2009.09.01 11:05:05.379,1.33185,1.332,1.00,4.20
2009.09.01 11:05:05.669,1.33185,1.33195,1.00,1.00
2009.09.01 11:05:06.009,1.3317,1.3319,12.50,2.90
2009.09.01 11:05:06.298,1.3317,1.33185,4.90,1.00
2009.09.01 11:05:06.648,1.3317,1.33185,3.30,1.00
2009.09.01 11:05:07.008,1.3317,1.33185,1.00,1.00
2009.09.01 11:05:07.359,1.3316,1.3318,8.10,3.10
2009.09.01 11:05:07.708,1.3316,1.3318,6.50,4.70
2009.09.01 11:05:09.228,1.33175,1.3318,1.00,1.60
2009.09.01 11:05:09.608,1.33175,1.3319,2.50,1.00
2009.09.01 11:05:11.537,1.33175,1.3319,2.50,1.00
2009.09.01 11:05:11.877,1.33185,1.3319,1.00,1.00
2009.09.01 11:05:12.227,1.3319,1.332,1.00,1.00
2009.09.01 11:05:12.567,1.332,1.3321,1.00,1.00
2009.09.01 11:05:13.297,1.33195,1.33215,1.60,9.00
2009.09.01 11:05:13.597,1.3319,1.33215,2.80,5.90
2009.09.01 11:05:13.997,1.33185,1.332,5.60,2.90
2009.09.01 11:05:14.296,1.33175,1.33195,3.30,1.00
2009.09.01 11:05:16.136,1.33185,1.3319,2.40,1.00
2009.09.01 11:05:16.486,1.3318,1.33195,2.80,1.00
2009.09.01 11:05:16.826,1.3318,1.3319,1.60,1.00
2009.09.01 11:05:17.166,1.33175,1.3319,3.10,1.00
2009.09.01 11:05:21.585,1.3317,1.3319,9.50,1.10
2009.09.01 11:05:21.945,1.3317,1.3319,1.50,1.80
2009.09.01 11:05:22.294,1.3317,1.3319,1.50,2.60
2009.09.01 11:05:22.694,1.3317,1.3319,4.10,1.00
2009.09.01 11:05:24.984,1.33175,1.3319,3.20,1.00
2009.09.01 11:05:25.154,1.3318,1.3319,1.00,1.00
2009.09.01 11:05:25.334,1.33175,1.3319,4.00,1.00
2009.09.01 11:05:25.554,1.33175,1.3319,4.80,1.00
2009.09.01 11:05:25.844,1.33175,1.33185,3.50,1.00
2009.09.01 11:05:26.074,1.33175,1.3319,2.90,1.00
2009.09.01 11:05:26.653,1.33175,1.3319,2.90,1.70
2009.09.01 11:05:26.984,1.33175,1.3319,2.80,1.70
2009.09.01 11:05:28.803,1.33175,1.3319,2.90,1.00
2009.09.01 11:05:33.292,1.3318,1.33195,1.00,1.60
2009.09.01 11:05:33.672,1.3318,1.332,2.50,1.00
2009.09.01 11:05:34.462,1.33185,1.332,1.00,1.00
2009.09.01 11:05:34.882,1.33175,1.332,14.40,1.00
2009.09.01 11:05:35.001,1.3318,1.332,3.30,1.00
2009.09.01 11:05:39.380,1.3319,1.332,1.00,1.00
2009.09.01 11:05:39.670,1.3319,1.33205,1.00,1.00
2009.09.01 11:05:43.519,1.3319,1.33205,2.40,1.00
2009.09.01 11:05:43.869,1.3319,1.33205,2.40,1.00
2009.09.01 11:05:44.569,1.33185,1.332,2.70,1.00
2009.09.01 11:05:44.689,1.3318,1.332,2.50,1.00
2009.09.01 11:05:45.399,1.3318,1.3319,2.40,1.00
2009.09.01 11:05:45.619,1.3318,1.3319,1.60,1.00
2009.09.01 11:05:45.799,1.33175,1.3319,3.20,1.00
2009.09.01 11:05:45.979,1.3318,1.33195,1.00,3.10
2009.09.01 11:05:46.330,1.33175,1.3319,4.80,1.00
2009.09.01 11:05:46.729,1.33175,1.3319,3.20,1.00
2009.09.01 11:05:47.429,1.3318,1.33195,1.00,3.10
2009.09.01 11:05:47.768,1.33175,1.3319,4.80,1.00
2009.09.01 11:05:48.458,1.33175,1.3319,3.20,1.00
2009.09.01 11:05:49.488,1.3318,1.33195,1.00,3.20
2009.09.01 11:05:49.878,1.3318,1.33195,1.00,3.20
2009.09.01 11:05:50.168,1.3318,1.33195,1.00,4.80
2009.09.01 11:05:50.888,1.33175,1.3319,3.20,1.00
2009.09.01 11:05:51.577,1.33185,1.332,3.30,4.00
2009.09.01 11:05:51.927,1.3319,1.33205,5.30,2.40
2009.09.01 11:05:52.267,1.33195,1.3321,2.50,1.00
2009.09.01 11:05:58.266,1.3319,1.33195,1.90,4.80
2009.09.01 11:05:58.496,1.3318,1.33185,2.00,3.90
2009.09.01 11:05:58.766,1.33175,1.33185,1.00,1.00
2009.09.01 11:05:59.056,1.33175,1.3319,1.00,1.00
2009.09.01 11:05:59.406,1.33175,1.3319,1.00,1.00
2009.09.01 11:05:59.756,1.33175,1.3319,1.00,1.00
2009.09.01 11:06:00.296,1.3318,1.3319,1.60,1.00
2009.09.01 11:06:00.525,1.33175,1.3319,7.30,1.00
2009.09.01 11:06:00.865,1.33175,1.3319,11.30,1.00
2009.09.01 11:06:01.435,1.33175,1.3319,7.30,1.00
2009.09.01 11:06:03.655,1.33175,1.3319,1.70,1.00
2009.09.01 11:06:03.985,1.33175,1.3319,1.00,1.00
2009.09.01 11:06:04.715,1.33175,1.3319,1.70,1.00
2009.09.01 11:06:05.004,1.3318,1.3319,3.20,1.00
2009.09.01 11:06:05.364,1.33185,1.3319,1.00,1.00
2009.09.01 11:06:05.784,1.33185,1.3319,1.00,1.00
2009.09.01 11:06:05.944,1.3318,1.3319,3.30,1.00
2009.09.01 11:06:06.174,1.3318,1.3319,1.00,1.00
2009.09.01 11:06:06.344,1.3318,1.3319,1.30,1.00
2009.09.01 11:06:06.864,1.3318,1.3319,1.00,1.00
2009.09.01 11:06:07.614,1.3318,1.3319,2.50,1.00
2009.09.01 11:06:09.023,1.3318,1.3319,2.40,1.00
2009.09.01 11:06:09.303,1.3319,1.332,1.00,1.60
2009.09.01 11:06:09.533,1.33185,1.332,4.10,2.20
2009.09.01 11:06:09.763,1.3319,1.332,1.00,1.00
2009.09.01 11:06:11.653,1.33185,1.332,4.00,1.00
2009.09.01 11:06:11.953,1.3319,1.332,1.00,1.00
2009.09.01 11:06:12.242,1.33185,1.332,4.70,1.00
2009.09.01 11:06:12.583,1.33185,1.332,3.10,1.00
2009.09.01 11:06:12.932,1.3319,1.332,1.00,1.00
2009.09.01 11:06:13.332,1.33195,1.332,1.00,1.00
2009.09.01 11:06:13.692,1.3319,1.332,1.70,1.00
2009.09.01 11:06:13.982,1.3319,1.33205,1.00,1.00
2009.09.01 11:06:14.332,1.3319,1.33205,1.00,1.00
2009.09.01 11:06:14.572,1.3319,1.33205,1.00,1.00
2009.09.01 11:06:14.812,1.3318,1.332,3.50,1.00
2009.09.01 11:06:15.032,1.3318,1.332,4.80,1.00
2009.09.01 11:06:15.382,1.3318,1.332,2.40,1.00
2009.09.01 11:06:15.612,1.3318,1.33195,2.40,1.00
2009.09.01 11:06:16.631,1.3318,1.33195,2.40,1.70
2009.09.01 11:06:16.981,1.33175,1.33195,2.50,6.10
2009.09.01 11:06:17.391,1.33175,1.3319,2.50,1.00
2009.09.01 11:06:17.731,1.33175,1.3319,2.50,1.00
2009.09.01 11:06:18.411,1.33175,1.3319,2.50,1.00
2009.09.01 11:06:18.701,1.3317,1.33195,10.40,4.00
2009.09.01 11:06:18.981,1.3318,1.33195,1.20,4.00
2009.09.01 11:06:19.551,1.3318,1.33195,1.00,4.00
2009.09.01 11:06:19.901,1.3318,1.33195,2.80,4.00
2009.09.01 11:06:20.610,1.3318,1.332,2.80,4.00
2009.09.01 11:06:21.380,1.33185,1.332,1.00,4.00
2009.09.01 11:06:21.500,1.33185,1.332,2.50,1.00
2009.09.01 11:06:21.910,1.33185,1.332,1.60,1.00
2009.09.01 11:06:22.260,1.3318,1.33195,1.00,1.00
2009.09.01 11:06:22.550,1.3318,1.33195,1.00,2.50
2009.09.01 11:06:26.979,1.3317,1.33185,4.10,1.20
2009.09.01 11:06:27.339,1.33165,1.3318,4.00,1.00
2009.09.01 11:06:27.699,1.3316,1.3318,7.90,2.30
2009.09.01 11:06:28.039,1.3317,1.33185,1.00,4.10
2009.09.01 11:06:28.439,1.33175,1.33185,3.30,1.60
2009.09.01 11:06:28.778,1.3318,1.33185,1.00,1.00
2009.09.01 11:06:29.139,1.3318,1.3319,2.50,1.00
2009.09.01 11:06:29.488,1.33185,1.33195,3.30,1.00
2009.09.01 11:06:30.189,1.33185,1.33195,1.00,1.00
2009.09.01 11:06:30.588,1.33185,1.33195,3.30,1.00
2009.09.01 11:06:30.938,1.33185,1.332,3.70,1.00
2009.09.01 11:06:31.268,1.3319,1.33205,1.00,1.00
2009.09.01 11:06:33.257,1.33195,1.33205,1.00,2.50
2009.09.01 11:06:33.607,1.33195,1.3321,1.00,4.00
2009.09.01 11:06:33.957,1.3319,1.33215,2.90,4.10
2009.09.01 11:06:34.317,1.3319,1.3321,2.50,1.00
2009.09.01 11:06:34.437,1.3319,1.3321,2.40,1.10
2009.09.01 11:06:34.617,1.3319,1.33205,4.80,1.00
2009.09.01 11:06:34.727,1.332,1.33205,1.00,1.00
2009.09.01 11:06:34.997,1.33195,1.33205,1.60,1.00
2009.09.01 11:06:35.287,1.3319,1.33205,4.90,1.00
2009.09.01 11:06:36.497,1.33195,1.3321,2.40,1.00
2009.09.01 11:06:36.847,1.33195,1.332,2.00,1.00
2009.09.01 11:06:37.187,1.3319,1.33205,1.00,1.00
2009.09.01 11:06:37.546,1.3319,1.33205,1.00,1.00
2009.09.01 11:06:37.906,1.33195,1.3321,1.20,1.00
2009.09.01 11:06:38.666,1.33195,1.3321,1.20,1.00
2009.09.01 11:06:39.006,1.33195,1.3321,1.20,1.00
2009.09.01 11:06:39.716,1.33195,1.3321,1.30,1.00
2009.09.01 11:06:39.936,1.33195,1.3321,1.00,1.00
2009.09.01 11:06:39.996,1.33195,1.3321,1.00,1.00
2009.09.01 11:06:40.106,1.33195,1.3321,1.00,1.00
2009.09.01 11:06:40.156,1.33195,1.3321,2.90,1.00
2009.09.01 11:06:40.266,1.33195,1.3321,2.90,1.00
2009.09.01 11:06:40.326,1.33195,1.3321,2.50,1.00
2009.09.01 11:06:40.496,1.33195,1.3321,1.70,1.00
2009.09.01 11:06:40.796,1.33195,1.3321,1.60,1.00
2009.09.01 11:06:41.155,1.33195,1.3321,2.40,1.00
2009.09.01 11:06:42.555,1.33195,1.33205,1.60,1.00
2009.09.01 11:06:42.835,1.3319,1.33205,1.70,1.30
2009.09.01 11:06:43.065,1.3319,1.33205,1.00,1.20
2009.09.01 11:06:43.965,1.3319,1.33205,1.00,1.00
2009.09.01 11:06:44.315,1.33195,1.3321,1.00,8.60
2009.09.01 11:06:44.615,1.33195,1.3321,1.00,4.60
2009.09.01 11:06:45.505,1.3319,1.3321,2.90,4.60
2009.09.01 11:06:45.834,1.33195,1.3321,1.00,5.80
2009.09.01 11:06:46.174,1.33195,1.3321,1.00,4.20
2009.09.01 11:06:46.534,1.33195,1.33205,1.00,1.00
2009.09.01 11:06:46.874,1.33185,1.33205,4.90,1.00
2009.09.01 11:06:47.274,1.33185,1.332,1.60,2.90
2009.09.01 11:06:47.614,1.3318,1.332,4.90,3.30
2009.09.01 11:06:49.963,1.33185,1.332,3.30,1.00
2009.09.01 11:06:50.243,1.33185,1.33205,4.90,1.00
2009.09.01 11:06:50.703,1.33185,1.33205,3.30,1.60
2009.09.01 11:06:50.813,1.33185,1.33205,3.30,4.00
2009.09.01 11:06:51.343,1.33185,1.332,3.30,4.00
2009.09.01 11:06:51.703,1.33185,1.33205,3.30,4.00
2009.09.01 11:06:55.732,1.33185,1.33205,3.20,4.00
2009.09.01 11:06:55.842,1.3319,1.33205,1.20,4.00
2009.09.01 11:06:56.012,1.33195,1.3321,1.00,2.90
2009.09.01 11:06:56.132,1.33195,1.3321,1.00,1.00
2009.09.01 11:06:56.492,1.33205,1.3322,3.60,9.60
2009.09.01 11:06:56.842,1.33205,1.33215,2.00,1.00
2009.09.01 11:06:57.192,1.33205,1.33215,1.00,1.00
2009.09.01 11:06:57.942,1.33195,1.33215,2.40,1.00
2009.09.01 11:06:58.242,1.33195,1.33215,1.00,2.00
2009.09.01 11:06:58.591,1.33195,1.33215,2.40,1.00
2009.09.01 11:06:58.941,1.332,1.33215,1.00,1.00
2009.09.01 11:06:59.291,1.33195,1.33215,2.40,1.00
2009.09.01 11:06:59.522,1.33195,1.33215,2.40,1.00
2009.09.01 11:06:59.691,1.33195,1.33215,1.00,2.50
2009.09.01 11:07:01.091,1.33195,1.33215,2.40,1.60
2009.09.01 11:07:01.441,1.33195,1.33215,1.00,4.80
2009.09.01 11:07:02.120,1.33195,1.33215,2.40,1.60
2009.09.01 11:07:02.750,1.33195,1.33215,1.00,2.40
2009.09.01 11:07:03.080,1.33195,1.33215,2.40,1.00
2009.09.01 11:07:04.050,1.332,1.3322,2.80,4.90
2009.09.01 11:07:04.400,1.332,1.3322,4.50,4.40
2009.09.01 11:07:06.430,1.33205,1.3322,1.00,4.40
2009.09.01 11:07:06.540,1.33205,1.33225,2.90,9.70
2009.09.01 11:07:06.659,1.33205,1.3322,7.60,1.60
2009.09.01 11:07:06.999,1.33205,1.33225,5.20,6.80
2009.09.01 11:07:07.349,1.3321,1.33225,3.30,1.70
2009.09.01 11:07:07.759,1.3321,1.33225,4.90,1.00
2009.09.01 11:07:08.209,1.3321,1.3323,8.90,4.40
2009.09.01 11:07:09.549,1.3321,1.33225,3.30,1.00
2009.09.01 11:07:10.249,1.3321,1.33225,1.00,1.00
2009.09.01 11:07:10.579,1.33205,1.33225,2.00,2.40
2009.09.01 11:07:10.918,1.33205,1.3322,1.00,1.00
2009.09.01 11:07:11.258,1.332,1.3322,5.10,4.40
2009.09.01 11:07:11.608,1.332,1.3322,4.40,4.40
2009.09.01 11:07:11.968,1.332,1.3322,4.40,8.80
2009.09.01 11:07:12.318,1.332,1.3322,4.40,9.40
2009.09.01 11:07:12.668,1.332,1.3322,4.40,8.80
2009.09.01 11:07:13.008,1.332,1.3322,4.50,4.80
2009.09.01 11:07:14.277,1.332,1.3322,4.50,4.40
2009.09.01 11:07:15.357,1.3321,1.3322,2.40,2.00
2009.09.01 11:07:15.698,1.3321,1.33225,2.50,11.50
2009.09.01 11:07:15.977,1.3321,1.33225,4.50,1.00
2009.09.01 11:07:16.337,1.3321,1.3323,2.80,9.90
2009.09.01 11:07:16.667,1.3321,1.3323,4.80,4.40
2009.09.01 11:07:17.017,1.3321,1.3323,4.80,4.80
2009.09.01 11:07:20.566,1.3321,1.3323,4.80,9.50
2009.09.01 11:07:20.736,1.3321,1.3323,4.80,10.30
2009.09.01 11:07:20.846,1.3321,1.33225,1.60,1.60
2009.09.01 11:07:21.246,1.33205,1.33225,2.80,3.20
2009.09.01 11:07:22.366,1.33205,1.33225,3.50,3.20
2009.09.01 11:07:22.536,1.3321,1.33225,3.20,1.60
2009.09.01 11:07:22.766,1.3321,1.3323,4.80,4.40
2009.09.01 11:07:22.996,1.33215,1.33235,1.50,10.90
2009.09.01 11:07:23.396,1.33225,1.3324,2.90,5.60
2009.09.01 11:07:23.746,1.33225,1.33235,1.00,1.00
2009.09.01 11:07:24.135,1.3322,1.33235,3.30,1.00
2009.09.01 11:07:24.485,1.3322,1.3324,5.70,3.20
2009.09.01 11:07:24.715,1.33225,1.33245,1.00,8.90
2009.09.01 11:07:25.165,1.3323,1.33245,1.00,6.50
2009.09.01 11:07:25.395,1.3323,1.33245,1.00,3.30
2009.09.01 11:07:28.824,1.33225,1.3324,2.90,1.00
2009.09.01 11:07:29.184,1.33225,1.3324,1.50,1.00
2009.09.01 11:07:29.594,1.33225,1.3324,2.90,1.00
2009.09.01 11:07:29.924,1.33225,1.3324,1.60,3.60
2009.09.01 11:07:30.154,1.3322,1.3324,4.40,3.70
2009.09.01 11:07:30.504,1.3322,1.3324,4.40,3.60
2009.09.01 11:07:30.844,1.3322,1.3324,4.50,3.60
2009.09.01 11:07:32.243,1.3322,1.33235,1.70,2.80
2009.09.01 11:07:32.583,1.3322,1.3323,1.60,1.00
2009.09.01 11:07:32.933,1.33215,1.33235,11.60,3.60
2009.09.01 11:07:33.273,1.33215,1.33235,9.20,3.50
2009.09.01 11:07:33.913,1.3322,1.33235,2.80,1.00
2009.09.01 11:07:34.213,1.3322,1.3324,4.40,2.80
2009.09.01 11:07:35.752,1.3322,1.33235,1.60,2.80
2009.09.01 11:07:35.862,1.3322,1.33235,1.60,3.60
2009.09.01 11:07:35.922,1.33215,1.3323,9.20,1.00
2009.09.01 11:07:36.552,1.3322,1.3323,1.60,1.00
2009.09.01 11:07:36.832,1.33215,1.3323,9.10,1.00
2009.09.01 11:07:37.172,1.3321,1.3323,10.80,3.20
2009.09.01 11:07:37.442,1.3321,1.3323,8.40,3.20
2009.09.01 11:07:37.742,1.3321,1.3323,4.40,3.20
2009.09.01 11:07:38.082,1.3321,1.3323,8.40,3.20
2009.09.01 11:07:39.431,1.3321,1.3323,4.40,3.20
2009.09.01 11:07:46.310,1.3321,1.3323,4.50,3.20
2009.09.01 11:07:48.029,1.3321,1.33225,1.70,1.20
2009.09.01 11:07:48.319,1.3321,1.33225,1.00,1.20
2009.09.01 11:07:48.609,1.33205,1.33225,4.70,1.20
2009.09.01 11:07:48.889,1.3321,1.33225,1.70,1.20
2009.09.01 11:07:49.489,1.332,1.3321,8.30,1.00
2009.09.01 11:07:49.849,1.33195,1.3321,1.60,1.00
2009.09.01 11:07:50.139,1.33205,1.3322,1.00,5.30
2009.09.01 11:07:50.489,1.33205,1.33225,4.90,1.00
2009.09.01 11:07:51.239,1.33195,1.33225,8.00,6.40
2009.09.01 11:07:51.589,1.33195,1.33225,12.00,2.40
2009.09.01 11:07:52.978,1.33195,1.33225,14.40,2.40
2009.09.01 11:07:53.308,1.332,1.33225,5.70,2.40
2009.09.01 11:07:53.658,1.332,1.33225,8.90,2.40
2009.09.01 11:07:57.257,1.332,1.33225,6.90,2.40
2009.09.01 11:07:57.667,1.33205,1.33225,1.00,1.50
2009.09.01 11:07:58.007,1.33205,1.33225,1.70,1.50
2009.09.01 11:07:58.347,1.332,1.33225,7.20,1.50
2009.09.01 11:07:58.697,1.332,1.33225,3.70,1.00
2009.09.01 11:08:03.336,1.332,1.33225,4.50,1.00
2009.09.01 11:08:04.036,1.33195,1.33225,12.40,1.50
2009.09.01 11:08:04.385,1.332,1.33225,1.00,1.50
2009.09.01 11:08:04.706,1.332,1.33225,1.00,2.50
2009.09.01 11:08:04.816,1.332,1.33225,1.00,2.40
2009.09.01 11:08:04.975,1.332,1.33225,3.10,1.60
2009.09.01 11:08:05.096,1.332,1.33225,3.90,1.60
2009.09.01 11:08:05.275,1.3321,1.33225,1.00,1.60
2009.09.01 11:08:05.395,1.3321,1.33225,1.70,1.60
2009.09.01 11:08:05.745,1.3321,1.33225,1.00,1.60
2009.09.01 11:08:06.095,1.3321,1.33225,1.70,1.60
2009.09.01 11:08:06.765,1.3321,1.33225,1.00,1.60
2009.09.01 11:08:07.115,1.33205,1.33225,4.00,1.60
2009.09.01 11:08:07.515,1.3321,1.33225,1.60,1.00
2009.09.01 11:08:07.815,1.3321,1.33225,3.30,1.00
2009.09.01 11:08:08.165,1.3321,1.33225,4.00,1.00
2009.09.01 11:08:08.744,1.3321,1.33225,1.60,1.00
2009.09.01 11:08:09.434,1.33205,1.33225,4.00,1.00
2009.09.01 11:08:09.835,1.33205,1.3322,4.10,2.80
2009.09.01 11:08:10.064,1.3321,1.3322,1.60,3.20
2009.09.01 11:08:10.464,1.332,1.3322,10.30,3.20
2009.09.01 11:08:10.694,1.332,1.3322,6.30,3.20
2009.09.01 11:08:11.994,1.332,1.3322,6.80,3.20
2009.09.01 11:08:12.334,1.33195,1.33215,6.00,1.00
2009.09.01 11:08:12.684,1.33195,1.33215,4.00,1.60
2009.09.01 11:08:13.033,1.332,1.33215,1.70,1.60
2009.09.01 11:08:13.383,1.332,1.33215,1.00,1.60
2009.09.01 11:08:13.883,1.332,1.33215,1.70,1.60
2009.09.01 11:08:14.753,1.332,1.33215,1.00,1.60
2009.09.01 11:08:14.973,1.332,1.33215,1.60,1.60
2009.09.01 11:08:15.263,1.3319,1.33215,12.90,1.60
2009.09.01 11:08:15.483,1.332,1.33215,1.60,1.60
2009.09.01 11:08:17.402,1.332,1.33215,1.60,2.40
2009.09.01 11:08:17.762,1.33195,1.33215,2.40,2.50
2009.09.01 11:08:18.062,1.33195,1.33215,1.00,2.50
2009.09.01 11:08:18.712,1.3319,1.33215,12.90,2.40
2009.09.01 11:08:19.062,1.33195,1.33215,1.00,2.50
2009.09.01 11:08:19.362,1.3319,1.33215,12.90,2.40
2009.09.01 11:08:22.031,1.33205,1.3322,1.00,1.00
2009.09.01 11:08:22.731,1.3321,1.3322,2.40,1.00
2009.09.01 11:08:23.091,1.33205,1.3322,1.00,2.80
2009.09.01 11:08:23.431,1.33205,1.3322,1.00,3.50
2009.09.01 11:08:23.781,1.33205,1.33225,3.20,2.50
2009.09.01 11:08:24.181,1.332,1.33215,1.60,1.50
2009.09.01 11:08:24.521,1.33195,1.33215,2.50,1.90
2009.09.01 11:08:24.971,1.3321,1.33215,1.00,1.30
2009.09.01 11:08:25.140,1.33215,1.3322,1.00,5.00
2009.09.01 11:08:25.361,1.3318,1.33215,11.10,1.70
2009.09.01 11:08:25.581,1.33185,1.33215,1.00,1.50
2009.09.01 11:08:25.861,1.33185,1.33215,1.00,1.00
2009.09.01 11:08:26.160,1.33185,1.33215,2.50,1.00
2009.09.01 11:08:28.520,1.33195,1.33215,1.00,1.00
2009.09.01 11:08:28.850,1.33195,1.33215,2.50,1.00
2009.09.01 11:08:29.130,1.33195,1.33215,1.00,1.00
2009.09.01 11:08:29.410,1.33195,1.33215,2.50,1.00
2009.09.01 11:08:29.939,1.3319,1.33215,11.10,1.00
2009.09.01 11:08:30.289,1.33195,1.33215,2.50,1.90
2009.09.01 11:08:30.739,1.3319,1.33215,4.00,2.10
2009.09.01 11:08:31.079,1.33185,1.33215,12.00,2.10
2009.09.01 11:08:34.048,1.33185,1.33205,4.70,1.00
2009.09.01 11:08:34.389,1.33185,1.33205,1.00,1.00
2009.09.01 11:08:35.638,1.33185,1.33205,5.70,1.00
2009.09.01 11:08:37.298,1.33185,1.3321,1.50,4.50
2009.09.01 11:08:37.647,1.33185,1.3321,7.20,1.30
2009.09.01 11:08:37.938,1.3319,1.3321,1.60,1.00
2009.09.01 11:08:38.227,1.33185,1.3321,7.20,1.00
2009.09.01 11:08:38.517,1.3319,1.3321,1.60,1.00
2009.09.01 11:08:40.347,1.33185,1.3321,7.20,1.00
2009.09.01 11:08:55.823,1.33185,1.33205,6.40,1.00
2009.09.01 11:08:56.043,1.33185,1.33205,5.70,1.00
2009.09.01 11:08:58.403,1.33185,1.332,1.70,2.90
2009.09.01 11:08:58.743,1.33185,1.332,1.00,4.40
2009.09.01 11:08:59.153,1.3318,1.33195,4.90,1.00
2009.09.01 11:08:59.493,1.33175,1.33195,6.50,4.80
2009.09.01 11:08:59.722,1.33175,1.3319,6.50,1.00
2009.09.01 11:09:00.722,1.33175,1.3319,5.30,1.00
2009.09.01 11:09:02.761,1.3318,1.3319,1.00,1.00
2009.09.01 11:09:02.991,1.3318,1.3319,1.00,2.80
2009.09.01 11:09:03.231,1.33175,1.3318,1.60,2.80
2009.09.01 11:09:03.411,1.33165,1.3318,1.00,1.00
2009.09.01 11:09:03.631,1.33165,1.33185,1.00,1.50
2009.09.01 11:09:04.041,1.33165,1.33185,3.30,1.00
2009.09.01 11:09:04.381,1.3317,1.33185,4.80,1.00
2009.09.01 11:09:04.731,1.33175,1.33185,2.50,1.00
2009.09.01 11:09:07.310,1.33185,1.332,1.00,1.00
2009.09.01 11:09:07.660,1.33185,1.332,2.50,1.00
2009.09.01 11:09:08.390,1.33185,1.33195,1.60,1.00
2009.09.01 11:09:08.680,1.33185,1.332,1.00,3.10
2009.09.01 11:09:08.970,1.33185,1.33195,1.00,1.00
2009.09.01 11:09:09.240,1.33185,1.33205,2.50,2.60
2009.09.01 11:09:14.209,1.33185,1.33205,2.50,3.10
2009.09.01 11:09:14.779,1.33185,1.3319,1.00,3.60
2009.09.01 11:09:14.889,1.33175,1.3319,1.60,3.80
2009.09.01 11:09:15.069,1.3317,1.3319,7.60,3.80
2009.09.01 11:09:15.188,1.3317,1.3319,7.60,1.40
2009.09.01 11:09:15.309,1.3317,1.3319,8.40,1.00
2009.09.01 11:09:15.419,1.33175,1.3319,1.00,1.00
2009.09.01 11:09:15.528,1.33175,1.3319,1.00,1.00
2009.09.01 11:09:15.698,1.33175,1.3319,1.00,1.00
2009.09.01 11:09:16.168,1.33175,1.3319,1.70,4.00
2009.09.01 11:09:16.529,1.3317,1.3319,3.60,3.90
2009.09.01 11:09:17.618,1.3317,1.3319,3.60,4.30
2009.09.01 11:09:18.178,1.33175,1.3319,1.00,4.40
2009.09.01 11:09:20.097,1.3317,1.3319,3.60,4.30
2009.09.01 11:09:20.677,1.33175,1.3319,1.00,4.40
2009.09.01 11:09:21.017,1.3317,1.3319,3.60,4.30
2009.09.01 11:09:21.307,1.33175,1.3319,2.40,1.00
2009.09.01 11:09:21.597,1.33175,1.3319,1.00,1.00
2009.09.01 11:09:21.877,1.33175,1.3319,2.40,1.00
2009.09.01 11:09:22.177,1.33175,1.3319,1.00,1.00
2009.09.01 11:09:24.686,1.33175,1.3319,1.00,1.00
2009.09.01 11:09:24.966,1.33175,1.3319,2.50,1.00
2009.09.01 11:09:25.266,1.33175,1.3319,2.40,1.00
2009.09.01 11:09:25.326,1.33175,1.3319,1.00,1.00
2009.09.01 11:09:25.686,1.33175,1.3319,1.00,1.00
2009.09.01 11:09:26.026,1.33175,1.3319,2.50,1.00
2009.09.01 11:09:26.536,1.33175,1.3319,1.70,1.00
2009.09.01 11:09:26.756,1.3317,1.3319,4.00,1.00
2009.09.01 11:09:27.206,1.33165,1.3319,16.00,1.00
2009.09.01 11:09:27.376,1.3317,1.3319,2.40,1.00
2009.09.01 11:09:27.846,1.3317,1.3319,3.10,1.00
2009.09.01 11:09:28.185,1.33175,1.3319,2.50,1.00
2009.09.01 11:09:29.595,1.3318,1.3319,1.00,1.00
2009.09.01 11:09:29.895,1.3318,1.3319,3.20,1.00
2009.09.01 11:09:30.185,1.3318,1.3319,3.90,1.00
2009.09.01 11:09:30.485,1.3318,1.3319,2.40,1.00
2009.09.01 11:09:34.344,1.3318,1.33195,2.40,1.00
2009.09.01 11:09:36.253,1.3318,1.33185,2.40,1.00
2009.09.01 11:09:36.423,1.33175,1.3318,1.60,1.00
2009.09.01 11:09:36.654,1.33165,1.3318,3.60,1.00
2009.09.01 11:09:36.833,1.33165,1.33175,1.60,1.20
2009.09.01 11:09:37.064,1.3316,1.33175,2.50,1.40
2009.09.01 11:09:37.183,1.3316,1.3318,2.50,1.00
2009.09.01 11:09:37.533,1.3316,1.3318,2.50,1.90
2009.09.01 11:09:37.883,1.3316,1.3318,2.50,1.90
2009.09.01 11:09:38.573,1.3316,1.33175,2.50,1.00
2009.09.01 11:09:38.923,1.3316,1.33175,2.50,1.00
2009.09.01 11:09:45.451,1.3316,1.33175,2.50,1.00
2009.09.01 11:09:45.621,1.3317,1.3318,1.00,1.00
2009.09.01 11:09:45.781,1.33165,1.33185,5.10,8.10
2009.09.01 11:09:45.951,1.33175,1.33185,4.80,1.00
2009.09.01 11:09:46.131,1.33175,1.33185,4.80,1.00
2009.09.01 11:09:46.291,1.33175,1.33195,4.50,2.50
2009.09.01 11:09:46.631,1.33185,1.33195,2.80,1.00
2009.09.01 11:09:47.031,1.3319,1.332,1.00,1.00
2009.09.01 11:09:47.361,1.3319,1.3321,2.90,1.00
2009.09.01 11:09:49.820,1.3319,1.33215,2.90,6.70
2009.09.01 11:09:49.980,1.33185,1.3321,14.40,1.00
2009.09.01 11:09:50.100,1.3319,1.3321,1.60,1.00
2009.09.01 11:09:50.270,1.3319,1.3321,1.60,1.00
2009.09.01 11:09:50.510,1.33185,1.3321,7.90,2.80
2009.09.01 11:09:50.910,1.3318,1.33205,16.00,1.00
2009.09.01 11:09:51.240,1.33185,1.33205,2.50,4.00
2009.09.01 11:09:53.149,1.33195,1.33205,1.00,4.00
2009.09.01 11:09:53.440,1.33195,1.33215,1.00,3.90
2009.09.01 11:09:53.679,1.33195,1.33215,2.50,2.30
2009.09.01 11:09:54.389,1.33195,1.332,1.60,1.00
2009.09.01 11:09:54.719,1.33195,1.33215,4.00,2.00
2009.09.01 11:09:55.069,1.3319,1.3322,8.70,2.00
2009.09.01 11:09:55.359,1.3319,1.3322,8.90,6.00
2009.09.01 11:09:55.689,1.3319,1.332,1.60,1.00
2009.09.01 11:09:56.029,1.33175,1.332,2.90,1.00
2009.09.01 11:09:57.488,1.3318,1.33195,1.00,1.00
2009.09.01 11:09:57.828,1.3318,1.332,2.50,1.00
2009.09.01 11:09:58.188,1.3318,1.332,3.30,1.00
2009.09.01 11:09:58.538,1.3318,1.332,2.50,1.20
2009.09.01 11:09:58.888,1.33185,1.332,1.00,1.00
2009.09.01 11:09:59.128,1.3318,1.332,5.30,2.80
2009.09.01 11:09:59.358,1.3318,1.332,5.30,2.80
2009.09.01 11:09:59.638,1.33185,1.33205,1.00,9.00
2009.09.01 11:09:59.868,1.33185,1.33205,1.00,9.80
2009.09.01 11:10:00.427,1.33185,1.33205,1.00,4.80
2009.09.01 11:10:02.847,1.33185,1.33205,1.00,1.00
2009.09.01 11:10:04.896,1.3318,1.332,5.30,2.80
2009.09.01 11:10:05.246,1.3318,1.332,4.50,3.20
2009.09.01 11:10:05.406,1.3319,1.332,1.00,1.00
2009.09.01 11:10:05.727,1.33185,1.332,2.00,1.00
2009.09.01 11:10:06.066,1.33185,1.332,1.00,1.00
2009.09.01 11:10:06.516,1.33185,1.33205,1.00,1.40
2009.09.01 11:10:06.746,1.33185,1.33205,1.00,1.00
2009.09.01 11:10:08.246,1.3318,1.3319,1.60,1.00
2009.09.01 11:10:08.535,1.33165,1.33175,1.60,2.40
2009.09.01 11:10:08.886,1.3315,1.33165,3.20,1.00
2009.09.01 11:10:09.225,1.33135,1.33145,3.40,1.00
2009.09.01 11:10:09.465,1.33125,1.33145,1.00,2.90
2009.09.01 11:10:09.746,1.3312,1.33145,4.40,2.90
2009.09.01 11:10:09.975,1.33125,1.33145,1.00,2.90
2009.09.01 11:10:10.605,1.33125,1.3314,1.00,4.50
2009.09.01 11:10:10.835,1.33125,1.3314,1.00,2.90
2009.09.01 11:10:12.105,1.33125,1.3314,1.00,1.00
2009.09.01 11:10:12.275,1.33125,1.3314,1.00,1.00
2009.09.01 11:10:13.244,1.33125,1.3314,1.00,1.00
2009.09.01 11:10:13.605,1.33125,1.3314,1.00,2.50
2009.09.01 11:10:16.304,1.3312,1.3314,4.70,2.50
2009.09.01 11:10:16.364,1.3312,1.3314,4.00,2.50
2009.09.01 11:10:16.414,1.3312,1.3314,4.00,4.90
2009.09.01 11:10:16.474,1.3312,1.3314,3.20,4.40
2009.09.01 11:10:16.534,1.3312,1.33145,3.20,11.60
2009.09.01 11:10:16.594,1.33125,1.33145,1.00,10.80
2009.09.01 11:10:16.654,1.33125,1.3314,1.00,2.00
2009.09.01 11:10:16.714,1.33125,1.3314,2.40,1.60
2009.09.01 11:10:16.774,1.33125,1.33145,3.10,2.40
2009.09.01 11:10:16.894,1.33125,1.3315,4.70,6.40
2009.09.01 11:10:17.724,1.3313,1.3315,2.50,4.00
2009.09.01 11:10:18.233,1.33135,1.33155,2.30,2.40
2009.09.01 11:10:19.713,1.33135,1.3315,1.00,1.00
2009.09.01 11:10:19.933,1.3313,1.3315,9.90,2.50
2009.09.01 11:10:20.663,1.33135,1.3315,2.50,1.60
2009.09.01 11:10:20.723,1.33135,1.3316,4.10,4.00
2009.09.01 11:10:20.843,1.33135,1.3316,6.50,4.00
2009.09.01 11:10:21.003,1.33135,1.33155,4.70,2.40
2009.09.01 11:10:21.063,1.33135,1.33155,2.30,1.60
2009.09.01 11:10:21.163,1.33135,1.3316,4.10,2.50
2009.09.01 11:10:21.283,1.33135,1.33155,4.10,1.00
2009.09.01 11:10:21.673,1.33135,1.33155,2.30,2.40
2009.09.01 11:10:22.012,1.33135,1.33165,4.10,14.50
2009.09.01 11:10:23.042,1.33145,1.33165,2.10,6.50
2009.09.01 11:10:23.402,1.3315,1.33165,1.00,3.30
2009.09.01 11:10:23.742,1.33145,1.33165,4.50,3.30
2009.09.01 11:10:24.082,1.3315,1.33165,1.00,4.90
2009.09.01 11:10:24.472,1.33145,1.3316,1.00,1.00
2009.09.01 11:10:25.572,1.33145,1.3316,1.00,1.70
2009.09.01 11:10:25.962,1.33145,1.3316,1.00,1.00
2009.09.01 11:10:26.302,1.33145,1.3316,1.00,2.50
2009.09.01 11:10:26.631,1.33145,1.3316,1.00,4.90
2009.09.01 11:10:26.792,1.3314,1.3316,5.30,8.90
2009.09.01 11:10:26.971,1.33145,1.3316,1.00,4.00
2009.09.01 11:10:27.091,1.33145,1.33165,1.00,14.10
2009.09.01 11:10:27.261,1.33145,1.3316,1.00,2.90
2009.09.01 11:10:28.411,1.33145,1.3316,1.00,2.50
2009.09.01 11:10:34.259,1.3314,1.33155,6.10,1.00
2009.09.01 11:10:34.490,1.3314,1.33155,5.30,1.00
2009.09.01 11:10:35.149,1.3314,1.33155,4.50,1.70
2009.09.01 11:10:35.380,1.3314,1.3315,2.00,1.00
2009.09.01 11:10:35.659,1.3314,1.33155,4.80,2.50
2009.09.01 11:10:36.399,1.33145,1.3316,1.00,1.70
2009.09.01 11:10:36.679,1.33145,1.3316,1.00,1.00
2009.09.01 11:10:37.709,1.33145,1.3316,1.00,1.00
2009.09.01 11:10:38.109,1.3316,1.3317,1.00,3.20
2009.09.01 11:10:38.449,1.3316,1.33185,1.50,4.00
2009.09.01 11:10:38.789,1.3317,1.3319,2.90,1.00
2009.09.01 11:10:39.188,1.33175,1.3319,3.10,1.00
2009.09.01 11:10:39.528,1.33175,1.3319,3.10,1.00
2009.09.01 11:10:39.878,1.33175,1.3319,2.40,1.00
2009.09.01 11:10:40.218,1.33165,1.3319,3.90,3.30
2009.09.01 11:10:40.568,1.3316,1.33185,7.10,1.20
2009.09.01 11:10:40.788,1.3316,1.33185,7.10,2.00
2009.09.01 11:10:40.968,1.3317,1.33185,1.00,1.20
2009.09.01 11:10:41.138,1.33175,1.3319,2.50,1.30
2009.09.01 11:10:41.368,1.33175,1.3319,2.90,1.00
2009.09.01 11:10:41.828,1.33175,1.3318,2.40,1.00
2009.09.01 11:10:42.118,1.33175,1.3319,2.90,4.00
2009.09.01 11:10:42.347,1.33175,1.3319,2.90,1.00
2009.09.01 11:10:42.627,1.3318,1.332,1.00,4.00
2009.09.01 11:10:42.967,1.33175,1.3319,4.50,1.00
2009.09.01 11:10:43.377,1.33185,1.332,4.50,4.00
2009.09.01 11:10:43.737,1.33175,1.33195,13.50,1.00
2009.09.01 11:10:44.077,1.3318,1.33195,1.00,1.60
2009.09.01 11:10:44.417,1.3318,1.33195,1.00,1.00
2009.09.01 11:10:44.767,1.33175,1.332,3.20,6.60
2009.09.01 11:10:44.997,1.33175,1.33195,4.80,1.00
2009.09.01 11:10:45.217,1.33175,1.33195,4.00,1.00
2009.09.01 11:10:45.617,1.33175,1.33185,4.00,1.00
2009.09.01 11:10:45.857,1.33175,1.33185,1.60,1.00
2009.09.01 11:10:46.217,1.3317,1.33185,3.30,1.00
2009.09.01 11:10:46.607,1.3317,1.33185,3.20,1.70
2009.09.01 11:10:47.246,1.33165,1.33185,9.60,1.00
2009.09.01 11:10:47.756,1.3317,1.33185,2.90,1.70
2009.09.01 11:10:48.096,1.33165,1.33185,3.10,2.50
2009.09.01 11:10:48.446,1.33165,1.3318,1.50,1.60
2009.09.01 11:10:48.776,1.33165,1.33185,1.50,2.50
2009.09.01 11:10:49.116,1.33165,1.3318,1.00,2.40
2009.09.01 11:10:49.466,1.33155,1.33175,5.50,1.00
2009.09.01 11:10:49.816,1.33155,1.33175,1.00,2.40
2009.09.01 11:10:50.166,1.33155,1.33175,1.50,2.40
2009.09.01 11:10:50.515,1.33155,1.33175,1.00,2.40
2009.09.01 11:10:51.655,1.33155,1.33175,1.00,6.40
2009.09.01 11:10:51.705,1.33155,1.3317,1.00,4.00
2009.09.01 11:10:51.995,1.33155,1.3317,1.00,4.10
2009.09.01 11:10:54.715,1.3315,1.33165,2.70,5.70
2009.09.01 11:10:54.935,1.3315,1.3316,2.40,4.00
2009.09.01 11:10:55.224,1.3315,1.3316,2.00,4.00
2009.09.01 11:10:55.334,1.3315,1.33155,2.00,4.00
2009.09.01 11:10:55.634,1.3315,1.33155,2.40,4.00
2009.09.01 11:10:55.744,1.3315,1.3316,2.40,1.90
2009.09.01 11:10:58.084,1.33155,1.3318,3.90,4.00
2009.09.01 11:10:58.754,1.3316,1.3318,2.40,4.00
2009.09.01 11:10:59.153,1.33165,1.3318,1.00,1.90
2009.09.01 11:10:59.444,1.33155,1.3318,12.00,2.90
2009.09.01 11:10:59.563,1.33155,1.33175,6.40,1.60
2009.09.01 11:10:59.673,1.33155,1.33175,6.30,1.60
2009.09.01 11:10:59.783,1.33155,1.3318,7.90,2.90
2009.09.01 11:11:00.133,1.33155,1.33175,10.30,1.60
2009.09.01 11:11:01.013,1.33155,1.3317,10.70,1.00
2009.09.01 11:11:01.183,1.33155,1.3317,5.10,1.00
2009.09.01 11:11:01.293,1.33155,1.3317,1.00,1.00
2009.09.01 11:11:01.583,1.33155,1.33175,1.00,8.00
2009.09.01 11:11:01.703,1.33155,1.33175,1.00,4.70
2009.09.01 11:11:02.103,1.33155,1.3317,1.00,1.00
2009.09.01 11:11:02.443,1.33155,1.3317,1.00,1.00
2009.09.01 11:11:02.793,1.33155,1.3317,1.00,1.30
2009.09.01 11:11:03.142,1.3315,1.3317,3.20,1.10
2009.09.01 11:11:03.542,1.3315,1.3317,1.00,1.00
2009.09.01 11:11:03.942,1.3316,1.3318,1.00,4.30
2009.09.01 11:11:04.293,1.3316,1.3317,1.00,1.00
2009.09.01 11:11:04.642,1.33155,1.33175,8.90,1.10
2009.09.01 11:11:04.992,1.33155,1.33175,4.90,1.10
2009.09.01 11:11:05.332,1.33155,1.33175,8.90,1.10
2009.09.01 11:11:05.682,1.33155,1.33175,9.30,1.20
2009.09.01 11:11:06.432,1.3316,1.33175,1.00,1.00
2009.09.01 11:11:06.612,1.3316,1.33175,1.00,1.00
2009.09.01 11:11:06.792,1.3316,1.33175,2.50,1.00
2009.09.01 11:11:06.852,1.3316,1.33175,3.30,1.00
2009.09.01 11:11:07.472,1.3316,1.33175,2.50,1.00
2009.09.01 11:11:10.061,1.3316,1.33175,1.70,1.00
2009.09.01 11:11:10.291,1.3315,1.33175,12.00,1.00
2009.09.01 11:11:11.001,1.33155,1.33175,2.40,1.00
2009.09.01 11:11:11.770,1.33155,1.33165,2.40,5.00
2009.09.01 11:11:12.160,1.3313,1.3316,2.50,11.70
2009.09.01 11:11:12.510,1.3313,1.3315,1.00,2.90
2009.09.01 11:11:14.610,1.33135,1.3315,1.00,5.30
2009.09.01 11:11:14.840,1.33135,1.3315,1.00,6.60
2009.09.01 11:11:15.120,1.33125,1.33135,5.60,1.00
2009.09.01 11:11:15.410,1.33125,1.33135,1.60,1.00
2009.09.01 11:11:15.639,1.3312,1.33135,4.80,1.00
2009.09.01 11:11:15.810,1.3312,1.33135,4.40,1.00
2009.09.01 11:11:16.209,1.3312,1.33135,1.60,2.80
2009.09.01 11:11:16.380,1.3312,1.33135,1.60,3.50
2009.09.01 11:11:16.899,1.33125,1.3314,1.00,4.00
2009.09.01 11:11:17.649,1.3312,1.3313,2.30,1.00
2009.09.01 11:11:17.949,1.33125,1.3313,1.00,1.00
2009.09.01 11:11:18.479,1.33125,1.33145,1.10,4.10
2009.09.01 11:11:18.819,1.33125,1.33135,1.00,1.00
2009.09.01 11:11:19.209,1.3312,1.33135,2.70,5.40
2009.09.01 11:11:19.559,1.3312,1.3313,1.60,4.50
2009.09.01 11:11:19.839,1.33125,1.33135,1.00,1.00
2009.09.01 11:11:20.079,1.33125,1.33145,1.00,4.10
2009.09.01 11:11:20.318,1.33125,1.33145,1.00,8.10
2009.09.01 11:11:20.608,1.3312,1.33135,8.10,1.00
2009.09.01 11:11:20.948,1.3312,1.33135,6.10,1.00
2009.09.01 11:11:21.338,1.33125,1.33145,1.00,8.10
2009.09.01 11:11:21.688,1.3313,1.33145,1.00,4.10
2009.09.01 11:11:22.268,1.33125,1.33145,2.80,8.10
2009.09.01 11:11:24.288,1.33125,1.3314,2.30,1.00
2009.09.01 11:11:25.107,1.33125,1.3314,1.50,1.00
2009.09.01 11:11:25.217,1.33125,1.3314,1.00,1.00
2009.09.01 11:11:25.338,1.33125,1.33135,1.00,1.00
2009.09.01 11:11:25.927,1.3312,1.33135,6.10,1.00
2009.09.01 11:11:27.177,1.3313,1.33145,1.00,6.50
2009.09.01 11:11:27.417,1.3313,1.33145,2.50,4.10
2009.09.01 11:11:27.767,1.3313,1.33145,6.10,1.00
2009.09.01 11:11:32.066,1.3314,1.33155,7.00,1.00
2009.09.01 11:11:32.296,1.3314,1.33155,5.40,1.00
2009.09.01 11:11:35.984,1.3314,1.33155,10.60,1.00
2009.09.01 11:11:36.225,1.3315,1.33155,1.60,1.00
2009.09.01 11:11:36.464,1.33155,1.3317,1.00,9.70
2009.09.01 11:11:36.694,1.3316,1.33165,1.60,1.70
2009.09.01 11:11:37.154,1.33155,1.3316,1.00,1.00
2009.09.01 11:11:37.484,1.3315,1.3316,1.60,1.00
2009.09.01 11:11:42.563,1.3315,1.33155,1.60,1.00
2009.09.01 11:11:42.843,1.33145,1.3316,5.70,3.10
2009.09.01 11:11:43.183,1.3315,1.3316,1.60,1.00
2009.09.01 11:11:43.853,1.3315,1.33155,1.60,1.00
2009.09.01 11:11:44.602,1.3315,1.3316,1.60,1.00
2009.09.01 11:11:45.752,1.3315,1.33155,1.60,1.00
2009.09.01 11:11:46.032,1.3315,1.33165,4.90,1.70
2009.09.01 11:11:46.332,1.3316,1.3317,1.60,2.50
2009.09.01 11:11:46.622,1.3316,1.3317,1.60,3.70
2009.09.01 11:11:46.952,1.3315,1.33165,5.50,1.00
2009.09.01 11:11:47.642,1.3315,1.33165,4.80,1.00
2009.09.01 11:11:48.692,1.3315,1.33165,5.50,1.00
2009.09.01 11:11:53.000,1.3315,1.33165,11.50,1.00
2009.09.01 11:11:53.340,1.3316,1.3317,1.60,1.00
2009.09.01 11:11:54.050,1.3316,1.33165,1.60,1.00
2009.09.01 11:11:54.400,1.3315,1.33165,5.50,1.00
2009.09.01 11:11:56.420,1.3315,1.33165,4.70,1.00
2009.09.01 11:11:56.480,1.3315,1.33165,2.30,1.00
2009.09.01 11:11:56.540,1.3315,1.3316,2.30,1.00
2009.09.01 11:11:57.400,1.3315,1.33165,5.50,1.00
2009.09.01 11:11:59.639,1.3315,1.33165,6.30,1.00
2009.09.01 11:11:59.869,1.33155,1.3317,2.50,1.00
2009.09.01 11:12:00.099,1.33155,1.3317,4.40,1.00
2009.09.01 11:12:00.319,1.3316,1.3317,1.60,1.00
2009.09.01 11:12:06.017,1.3316,1.33165,1.60,1.00
2009.09.01 11:12:06.247,1.33155,1.3317,1.10,2.50
2009.09.01 11:12:06.308,1.3315,1.33165,4.80,1.00
2009.09.01 11:12:09.107,1.3315,1.3316,1.60,1.00
2009.09.01 11:12:09.687,1.3315,1.33165,1.60,1.00
2009.09.01 11:12:09.927,1.3315,1.33165,2.40,1.00
2009.09.01 11:12:10.506,1.3315,1.3316,1.60,1.00
2009.09.01 11:12:22.903,1.3315,1.33165,1.60,1.00
2009.09.01 11:12:23.513,1.3315,1.3316,1.60,1.00
2009.09.01 11:12:34.021,1.33145,1.3316,8.10,1.00
2009.09.01 11:12:34.251,1.3315,1.3316,1.60,1.00
2009.09.01 11:12:37.220,1.33145,1.3315,4.90,1.00
2009.09.01 11:12:37.340,1.33145,1.3315,4.00,3.30
2009.09.01 11:12:37.400,1.33135,1.3315,7.20,3.30
2009.09.01 11:12:37.730,1.33135,1.3315,1.00,3.60
2009.09.01 11:12:38.070,1.33135,1.3315,1.00,3.30
2009.09.01 11:12:39.499,1.33135,1.3315,1.00,1.00
2009.09.01 11:12:39.829,1.3314,1.3316,1.00,1.00
2009.09.01 11:12:39.939,1.3314,1.3316,2.50,1.00
2009.09.01 11:12:39.999,1.3314,1.33155,2.50,1.00
2009.09.01 11:12:41.799,1.33155,1.33165,1.00,7.20
2009.09.01 11:12:41.979,1.3314,1.33155,6.00,1.50
2009.09.01 11:12:42.379,1.33135,1.3315,4.00,3.30
2009.09.01 11:12:42.729,1.33135,1.3315,1.00,3.30
2009.09.01 11:12:43.419,1.33135,1.3315,1.00,3.30
2009.09.01 11:12:43.778,1.3314,1.33155,2.50,1.00
2009.09.01 11:12:45.498,1.3314,1.33155,2.50,1.00
2009.09.01 11:12:45.718,1.33135,1.3315,4.00,2.50
2009.09.01 11:12:45.778,1.3314,1.3315,1.00,1.00
2009.09.01 11:12:45.838,1.3314,1.33155,1.00,1.00
2009.09.01 11:12:46.118,1.3314,1.33155,1.00,1.00
2009.09.01 11:12:46.238,1.3314,1.33155,2.50,1.00
2009.09.01 11:12:46.528,1.33135,1.3315,4.00,3.30
2009.09.01 11:12:47.048,1.33135,1.3315,1.00,3.30
2009.09.01 11:12:47.328,1.33135,1.3315,1.00,3.20
2009.09.01 11:12:47.678,1.3314,1.33155,1.00,1.00
2009.09.01 11:12:48.028,1.3314,1.33155,2.50,1.00
2009.09.01 11:12:52.106,1.3314,1.3316,2.50,1.00
2009.09.01 11:12:52.456,1.3314,1.3316,2.50,4.30
2009.09.01 11:12:52.626,1.3314,1.3315,1.70,1.00
2009.09.01 11:12:52.856,1.3314,1.33155,1.00,2.80
2009.09.01 11:12:53.026,1.3314,1.3316,1.00,1.10
2009.09.01 11:12:53.256,1.3314,1.3315,2.40,1.00
2009.09.01 11:12:53.606,1.33125,1.3315,10.40,2.50
2009.09.01 11:12:53.936,1.33125,1.3315,8.10,2.50
2009.09.01 11:12:54.286,1.33125,1.3315,4.10,2.50
2009.09.01 11:12:56.126,1.3313,1.3315,4.00,1.60
2009.09.01 11:12:56.296,1.3313,1.33155,4.00,4.20
2009.09.01 11:12:56.925,1.3313,1.33155,2.40,4.20
2009.09.01 11:12:58.305,1.33125,1.33145,4.70,4.90
2009.09.01 11:12:58.995,1.33125,1.33145,2.30,4.90
2009.09.01 11:12:59.734,1.33125,1.33135,3.10,1.00
2009.09.01 11:13:00.024,1.3312,1.33135,7.70,1.00
2009.09.01 11:13:00.304,1.3312,1.33135,6.10,1.00
2009.09.01 11:13:00.934,1.33125,1.3314,1.00,2.40
2009.09.01 11:13:01.164,1.33125,1.33145,1.00,2.80
2009.09.01 11:13:02.194,1.3313,1.33145,2.40,4.00
2009.09.01 11:13:02.414,1.33135,1.33145,1.00,4.00
2009.09.01 11:13:02.594,1.33135,1.3315,1.00,3.20
2009.09.01 11:13:03.334,1.3313,1.33145,1.60,1.00
2009.09.01 11:13:03.693,1.33125,1.33145,2.30,2.50
2009.09.01 11:13:08.502,1.33135,1.33145,1.00,1.60
2009.09.01 11:13:08.802,1.33135,1.3315,1.00,3.20
2009.09.01 11:13:09.162,1.33135,1.3315,1.00,3.00
2009.09.01 11:13:11.742,1.33135,1.3315,1.00,3.30
2009.09.01 11:13:13.761,1.3313,1.33145,4.50,1.00
2009.09.01 11:13:14.101,1.33125,1.33145,5.10,2.50
2009.09.01 11:13:14.451,1.33125,1.33145,1.50,2.50
2009.09.01 11:13:15.601,1.3313,1.33145,1.00,1.60
2009.09.01 11:13:15.891,1.3313,1.33145,1.70,2.90
2009.09.01 11:13:16.060,1.33125,1.33145,4.70,4.70
2009.09.01 11:13:16.171,1.3313,1.33145,1.00,4.70
2009.09.01 11:13:16.291,1.3313,1.33145,1.00,3.10
2009.09.01 11:13:16.470,1.3313,1.33145,1.00,1.00
2009.09.01 11:13:16.580,1.3313,1.33145,1.00,1.60
2009.09.01 11:13:16.700,1.3313,1.3315,2.50,1.00
2009.09.01 11:13:16.870,1.3313,1.33155,2.50,5.60
2009.09.01 11:13:17.320,1.3313,1.33155,2.50,5.50
2009.09.01 11:13:18.010,1.3313,1.33155,1.00,7.30
2009.09.01 11:13:18.590,1.33125,1.3315,10.30,4.00
2009.09.01 11:13:18.810,1.33125,1.3315,3.90,4.00
2009.09.01 11:13:19.450,1.33125,1.3315,4.10,4.00
2009.09.01 11:13:20.200,1.3314,1.3315,4.90,1.00
2009.09.01 11:13:20.320,1.3314,1.33155,4.90,1.00
2009.09.01 11:13:20.540,1.3314,1.33155,4.80,1.00
2009.09.01 11:13:20.649,1.3314,1.33155,4.90,1.00
2009.09.01 11:13:20.829,1.3314,1.33155,6.50,1.00
2009.09.01 11:13:21.050,1.3314,1.33155,4.90,1.00
2009.09.01 11:13:21.519,1.3314,1.3315,4.90,1.60
2009.09.01 11:13:21.910,1.3314,1.3315,4.80,1.00
2009.09.01 11:13:22.259,1.3315,1.33155,1.00,1.90
2009.09.01 11:13:22.549,1.3314,1.3315,4.80,1.70
2009.09.01 11:13:23.129,1.33145,1.3315,1.00,1.60
2009.09.01 11:13:23.429,1.33145,1.33165,1.00,3.30
2009.09.01 11:13:23.819,1.33145,1.33165,1.00,2.50
2009.09.01 11:13:25.538,1.33145,1.33165,1.50,2.50
2009.09.01 11:13:25.829,1.3315,1.3316,1.60,1.00
2009.09.01 11:13:26.158,1.3315,1.3316,1.60,1.60
2009.09.01 11:13:26.438,1.3315,1.33165,4.80,2.40
2009.09.01 11:13:26.838,1.3315,1.33165,4.80,1.00
2009.09.01 11:13:27.068,1.3315,1.33165,4.80,4.00
2009.09.01 11:13:28.627,1.3315,1.3317,4.80,15.40
2009.09.01 11:13:28.907,1.3315,1.33165,4.80,1.00
2009.09.01 11:13:33.826,1.3315,1.33165,2.40,1.00
2009.09.01 11:13:33.997,1.3315,1.3316,1.60,1.00
2009.09.01 11:13:35.136,1.3315,1.33165,1.60,2.90
2009.09.01 11:13:35.486,1.3315,1.3316,1.60,1.00
2009.09.01 11:13:36.345,1.3315,1.33165,1.60,2.90
2009.09.01 11:13:36.906,1.3315,1.3316,1.60,1.00
2009.09.01 11:13:37.455,1.3315,1.33165,1.60,2.90
2009.09.01 11:13:40.125,1.3315,1.3316,1.60,1.00
2009.09.01 11:13:41.464,1.3315,1.33165,1.60,2.90
2009.09.01 11:13:41.574,1.3315,1.3316,1.60,1.00
2009.09.01 11:13:43.084,1.3315,1.33165,1.60,2.90
2009.09.01 11:13:43.854,1.3315,1.33165,1.60,1.30
2009.09.01 11:13:45.743,1.3315,1.3316,1.60,1.00
2009.09.01 11:13:46.083,1.3315,1.33165,1.60,1.30
2009.09.01 11:13:46.194,1.3315,1.3316,1.60,1.00
2009.09.01 11:13:46.843,1.3315,1.33165,1.60,1.30
2009.09.01 11:13:47.133,1.3315,1.33165,1.60,1.70
2009.09.01 11:13:47.783,1.3315,1.3316,1.60,1.00
2009.09.01 11:13:52.122,1.3315,1.33155,1.60,4.10
2009.09.01 11:13:52.292,1.3314,1.3315,3.20,1.00
2009.09.01 11:13:52.642,1.3314,1.3315,4.80,1.20
2009.09.01 11:13:53.032,1.3314,1.33155,4.90,1.00
2009.09.01 11:13:57.511,1.3314,1.33155,4.80,1.70
2009.09.01 11:13:59.120,1.3314,1.3315,2.40,1.00
2009.09.01 11:13:59.470,1.3314,1.3315,1.60,1.00
2009.09.01 11:14:00.700,1.3314,1.3315,1.60,1.00
2009.09.01 11:14:00.810,1.3314,1.3315,1.60,1.00
2009.09.01 11:14:00.930,1.3314,1.3315,1.60,2.40
2009.09.01 11:14:01.050,1.3314,1.3315,1.60,1.00
2009.09.01 11:14:01.170,1.3314,1.33155,1.60,5.30
2009.09.01 11:14:01.230,1.3315,1.33155,1.60,4.50
2009.09.01 11:14:01.340,1.33145,1.3315,8.00,1.00
2009.09.01 11:14:01.400,1.3315,1.33155,1.60,3.90
2009.09.01 11:14:01.460,1.3315,1.33155,1.60,3.20
2009.09.01 11:14:01.520,1.3315,1.33165,1.60,2.50
2009.09.01 11:14:01.920,1.3315,1.3316,1.60,1.00
2009.09.01 11:14:02.259,1.3315,1.3316,1.60,1.70
2009.09.01 11:14:02.959,1.3315,1.3316,1.60,1.00
2009.09.01 11:14:04.339,1.3315,1.33155,1.60,1.00
2009.09.01 11:14:04.619,1.3315,1.3316,1.60,1.70
2009.09.01 11:14:04.979,1.3315,1.33155,1.60,1.00
2009.09.01 11:14:07.808,1.3315,1.33155,1.60,1.90
2009.09.01 11:14:08.308,1.3315,1.33155,1.60,1.60
2009.09.01 11:14:08.648,1.3315,1.3316,1.60,1.60
2009.09.01 11:14:08.978,1.3315,1.3316,1.60,1.70
2009.09.01 11:14:09.328,1.3315,1.3316,1.60,1.00
2009.09.01 11:14:09.728,1.3315,1.3316,1.60,1.70
2009.09.01 11:14:10.067,1.3315,1.33155,1.60,1.00
2009.09.01 11:14:12.597,1.3315,1.3316,1.60,1.70
2009.09.01 11:14:12.767,1.3315,1.33155,1.60,1.00
2009.09.01 11:14:13.906,1.3315,1.3316,1.60,1.70
2009.09.01 11:14:14.377,1.3315,1.33155,1.60,1.00
2009.09.01 11:14:17.256,1.3315,1.3316,1.60,2.80
2009.09.01 11:14:17.366,1.3315,1.3316,1.60,2.40
2009.09.01 11:14:17.426,1.3315,1.33165,1.60,6.60
2009.09.01 11:14:18.275,1.3315,1.3316,1.60,1.00
2009.09.01 11:14:18.915,1.33145,1.3316,7.30,1.00
2009.09.01 11:14:19.485,1.33145,1.3316,8.10,1.00
2009.09.01 11:14:19.775,1.33145,1.33165,7.10,2.50
2009.09.01 11:14:20.505,1.33145,1.3316,7.10,1.70
2009.09.01 11:14:20.855,1.33145,1.3316,5.60,1.70
2009.09.01 11:14:21.185,1.33145,1.33155,2.40,1.00
2009.09.01 11:14:21.575,1.33145,1.33155,2.40,1.70
2009.09.01 11:14:21.935,1.33145,1.3315,2.40,1.00
2009.09.01 11:14:22.095,1.33145,1.33155,2.40,1.70
2009.09.01 11:14:22.325,1.33145,1.3315,2.40,1.00
2009.09.01 11:14:23.284,1.33145,1.33155,2.40,1.00
2009.09.01 11:14:23.964,1.33145,1.33155,4.80,1.00
2009.09.01 11:14:24.304,1.33145,1.33155,3.20,1.00
2009.09.01 11:14:24.664,1.33145,1.33155,2.40,1.00
2009.09.01 11:14:26.123,1.33145,1.33155,4.80,1.00
2009.09.01 11:14:26.294,1.33145,1.33155,6.30,1.00
2009.09.01 11:14:26.414,1.33145,1.3316,3.90,2.90
2009.09.01 11:14:26.593,1.33145,1.33155,3.90,1.00
2009.09.01 11:14:27.064,1.33145,1.33155,3.10,1.00
2009.09.01 11:14:27.123,1.33145,1.33155,2.40,1.00
2009.09.01 11:14:27.504,1.33145,1.3315,2.40,1.00
2009.09.01 11:14:34.522,1.33135,1.3315,3.90,1.00
2009.09.01 11:14:35.102,1.33135,1.3315,13.70,1.00
2009.09.01 11:14:35.442,1.33135,1.3315,12.10,1.00
2009.09.01 11:14:36.131,1.3314,1.33155,3.30,4.10
2009.09.01 11:14:36.491,1.3314,1.33155,3.30,1.00
2009.09.01 11:14:37.161,1.3314,1.33155,1.00,1.70
2009.09.01 11:14:37.271,1.3314,1.33155,4.10,3.30
2009.09.01 11:14:37.451,1.33145,1.33155,1.00,1.70
2009.09.01 11:14:37.571,1.33145,1.33165,1.00,6.50
2009.09.01 11:14:37.691,1.33145,1.33165,1.00,4.90
2009.09.01 11:14:38.510,1.33145,1.33165,1.00,6.50
2009.09.01 11:14:39.530,1.3314,1.3316,7.30,2.80
2009.09.01 11:14:39.880,1.3314,1.33155,1.70,3.50
2009.09.01 11:14:40.230,1.33135,1.33155,13.70,5.20
2009.09.01 11:14:41.110,1.33135,1.33155,17.70,5.20
2009.09.01 11:14:41.410,1.3314,1.33155,3.20,2.50
2009.09.01 11:14:41.700,1.33145,1.33155,1.10,1.60
2009.09.01 11:14:41.990,1.3314,1.33155,10.40,1.00
2009.09.01 11:14:42.330,1.3314,1.3315,3.20,1.00
2009.09.01 11:14:42.690,1.3314,1.33145,3.20,1.60
2009.09.01 11:14:43.029,1.3314,1.33155,3.20,2.50
2009.09.01 11:14:43.380,1.33135,1.33145,16.00,1.00
2009.09.01 11:14:43.740,1.33135,1.3315,12.10,1.70
2009.09.01 11:14:44.080,1.33135,1.33145,10.40,1.70
2009.09.01 11:14:44.789,1.33135,1.33145,10.40,1.00
2009.09.01 11:14:45.129,1.33135,1.3315,10.50,1.70
2009.09.01 11:14:45.479,1.33135,1.3315,10.50,1.00
2009.09.01 11:14:47.019,1.33135,1.3315,12.10,1.00
2009.09.01 11:14:47.308,1.33135,1.33145,11.90,1.00
2009.09.01 11:14:47.878,1.33135,1.33145,6.40,1.00
2009.09.01 11:14:48.398,1.33135,1.33145,9.60,1.00
2009.09.01 11:14:49.328,1.33135,1.33145,3.50,1.00
2009.09.01 11:14:49.738,1.33135,1.3315,5.10,1.00
2009.09.01 11:14:50.078,1.33135,1.3315,11.30,1.00
2009.09.01 11:14:50.428,1.3314,1.3315,3.20,1.00
2009.09.01 11:14:50.668,1.33145,1.33155,1.00,1.60
2009.09.01 11:14:50.898,1.33145,1.3316,1.00,4.00
2009.09.01 11:14:51.128,1.33145,1.3316,1.00,2.40
2009.09.01 11:14:51.367,1.33145,1.3316,1.00,1.00
2009.09.01 11:14:51.598,1.33145,1.33155,1.00,1.60
2009.09.01 11:14:51.837,1.33145,1.3316,1.00,1.70
2009.09.01 11:14:52.117,1.33145,1.33155,1.00,1.60
2009.09.01 11:14:52.447,1.3314,1.33155,6.50,1.00
2009.09.01 11:14:52.797,1.3314,1.3315,4.80,1.00
2009.09.01 11:14:53.097,1.3314,1.3315,4.90,1.60
2009.09.01 11:14:53.497,1.33145,1.3316,3.60,1.70
2009.09.01 11:14:53.827,1.3315,1.33155,1.60,2.90
2009.09.01 11:14:54.167,1.3314,1.3315,1.60,1.00
2009.09.01 11:14:54.507,1.3314,1.33145,1.60,1.70
2009.09.01 11:14:54.847,1.3314,1.33145,4.80,1.70
2009.09.01 11:14:55.247,1.3314,1.3315,4.80,1.60
2009.09.01 11:14:55.597,1.3314,1.3316,6.40,4.80
2009.09.01 11:14:55.817,1.33145,1.33165,1.00,8.70
2009.09.01 11:14:56.047,1.3314,1.3316,6.40,5.30
2009.09.01 11:14:56.267,1.3314,1.3316,6.40,7.30
2009.09.01 11:14:56.496,1.3314,1.33155,4.00,1.00
2009.09.01 11:14:56.677,1.3314,1.33155,1.60,7.30
2009.09.01 11:14:57.026,1.3314,1.33155,4.90,1.70
2009.09.01 11:14:57.376,1.3314,1.33155,4.80,1.00
2009.09.01 11:14:57.726,1.3314,1.3315,4.90,1.60
2009.09.01 11:14:58.126,1.33145,1.33155,1.00,1.60
2009.09.01 11:14:58.476,1.3314,1.33155,4.00,1.00
2009.09.01 11:14:58.816,1.3314,1.33155,2.40,2.90
2009.09.01 11:14:59.166,1.3314,1.33145,4.80,1.60
2009.09.01 11:14:59.626,1.3314,1.33155,1.60,6.10
2009.09.01 11:14:59.986,1.33135,1.3315,10.40,1.70
2009.09.01 11:15:01.025,1.33135,1.3315,10.50,1.60
2009.09.01 11:15:01.375,1.33135,1.3315,10.40,1.70
2009.09.01 11:15:02.125,1.33135,1.3315,8.00,1.70
2009.09.01 11:15:02.235,1.33135,1.33145,8.00,1.70
2009.09.01 11:15:02.525,1.33135,1.3314,8.00,1.60
2009.09.01 11:15:03.505,1.33135,1.3315,8.00,5.70
2009.09.01 11:15:03.855,1.3313,1.3314,12.70,1.00
2009.09.01 11:15:04.195,1.33135,1.33145,8.00,1.00
2009.09.01 11:15:04.554,1.33135,1.3314,8.00,1.60
2009.09.01 11:15:05.124,1.33135,1.3315,8.00,5.70
2009.09.01 11:15:05.994,1.33135,1.33145,7.20,1.00
2009.09.01 11:15:06.215,1.33135,1.33145,4.00,4.00
2009.09.01 11:15:06.384,1.33125,1.33135,6.40,1.00
2009.09.01 11:15:06.554,1.33125,1.33135,4.80,1.00
2009.09.01 11:15:06.734,1.33125,1.3314,4.90,1.00
2009.09.01 11:15:06.904,1.33125,1.33135,6.50,1.00
2009.09.01 11:15:07.064,1.33125,1.33135,4.80,1.00
2009.09.01 11:15:07.414,1.33125,1.3313,4.00,1.00
2009.09.01 11:15:07.764,1.3312,1.3313,2.40,1.70
2009.09.01 11:15:08.104,1.3311,1.33125,2.90,8.80
2009.09.01 11:15:08.514,1.33105,1.3313,3.90,10.00
2009.09.01 11:15:08.863,1.33105,1.33115,4.00,1.00
2009.09.01 11:15:09.213,1.331,1.33115,4.90,1.00
2009.09.01 11:15:09.563,1.331,1.33115,3.30,1.00
2009.09.01 11:15:09.903,1.331,1.33115,3.20,1.00
2009.09.01 11:15:10.263,1.33095,1.33115,8.10,6.80
2009.09.01 11:15:10.613,1.33095,1.3311,8.10,1.00
2009.09.01 11:15:10.953,1.33095,1.3311,6.40,2.50
2009.09.01 11:15:11.303,1.33095,1.3311,6.40,3.70
2009.09.01 11:15:11.533,1.33095,1.3311,6.50,2.90
2009.09.01 11:15:11.703,1.33095,1.3311,6.50,3.30
2009.09.01 11:15:11.873,1.33095,1.3311,6.40,3.70
2009.09.01 11:15:12.092,1.33095,1.3311,7.20,3.70
2009.09.01 11:15:12.252,1.33095,1.3311,7.20,2.90
2009.09.01 11:15:12.652,1.331,1.3311,2.80,1.60
2009.09.01 11:15:12.993,1.331,1.33115,3.20,1.00
2009.09.01 11:15:13.962,1.331,1.33115,2.40,1.00
2009.09.01 11:15:14.322,1.33095,1.3311,5.70,3.10
2009.09.01 11:15:14.672,1.33095,1.33115,7.30,6.80
2009.09.01 11:15:15.062,1.331,1.3311,3.20,1.00
2009.09.01 11:15:15.412,1.331,1.3311,4.80,1.00
2009.09.01 11:15:15.692,1.331,1.3311,1.60,1.20
2009.09.01 11:15:15.972,1.33095,1.33105,2.40,1.00
2009.09.01 11:15:16.372,1.33095,1.33105,5.60,1.00
2009.09.01 11:15:16.771,1.33095,1.33115,5.70,7.10
2009.09.01 11:15:17.112,1.33095,1.33115,7.30,7.50
2009.09.01 11:15:17.461,1.33095,1.3311,7.30,1.00
2009.09.01 11:15:18.511,1.33095,1.33115,7.30,11.70
2009.09.01 11:15:18.861,1.33095,1.33115,7.30,12.50
2009.09.01 11:15:20.121,1.33095,1.33115,7.30,12.10
2009.09.01 11:15:20.401,1.33095,1.33115,7.30,7.30
2009.09.01 11:15:21.980,1.33095,1.33115,7.30,7.30
2009.09.01 11:15:22.301,1.33105,1.33115,1.00,4.50
2009.09.01 11:15:22.420,1.331,1.33115,3.90,4.50
2009.09.01 11:15:22.540,1.331,1.33115,3.90,1.00
2009.09.01 11:15:22.950,1.331,1.33115,3.30,1.00
2009.09.01 11:15:23.300,1.331,1.33115,4.80,1.00
2009.09.01 11:15:23.650,1.33105,1.3312,1.00,5.60
2009.09.01 11:15:24.040,1.33105,1.33125,1.00,5.50
2009.09.01 11:15:24.400,1.33105,1.33125,1.00,14.90
2009.09.01 11:15:24.730,1.33105,1.33125,1.00,14.10
2009.09.01 11:15:25.080,1.33105,1.33125,1.00,8.80
2009.09.01 11:15:25.440,1.33105,1.33125,1.00,4.80
2009.09.01 11:15:26.129,1.33105,1.33125,1.00,4.80
2009.09.01 11:15:27.349,1.331,1.3312,5.70,1.00
2009.09.01 11:15:27.519,1.33105,1.3312,2.40,1.00
2009.09.01 11:15:27.689,1.33105,1.3312,1.00,2.10
2009.09.01 11:15:27.849,1.3311,1.3312,1.00,1.70
2009.09.01 11:15:28.209,1.33115,1.33125,1.00,4.00
2009.09.01 11:15:28.919,1.33115,1.33135,1.00,14.50
2009.09.01 11:15:30.328,1.33115,1.33135,1.00,13.70
2009.09.01 11:15:30.628,1.33115,1.33135,1.00,8.00
2009.09.01 11:15:31.618,1.3312,1.33135,2.40,4.00
2009.09.01 11:15:31.848,1.3312,1.33135,2.90,1.70
2009.09.01 11:15:32.018,1.3312,1.33135,2.80,1.00
2009.09.01 11:15:33.377,1.3312,1.33135,2.90,1.00
2009.09.01 11:15:38.886,1.3311,1.33125,1.00,1.00
2009.09.01 11:15:39.167,1.33105,1.3312,3.60,1.00
2009.09.01 11:15:41.485,1.33105,1.3312,5.60,1.00
2009.09.01 11:15:41.756,1.33105,1.3312,3.60,1.00
2009.09.01 11:15:44.065,1.3311,1.33125,1.00,9.50
2009.09.01 11:15:44.405,1.3311,1.3313,2.90,15.30
2009.09.01 11:15:44.755,1.3311,1.33125,2.90,4.00
2009.09.01 11:15:47.214,1.3311,1.33125,2.90,1.00
2009.09.01 11:15:47.904,1.33115,1.3313,3.30,4.00
2009.09.01 11:15:47.964,1.33115,1.33135,3.30,8.00
2009.09.01 11:15:48.024,1.33115,1.33135,4.90,6.40
2009.09.01 11:15:48.424,1.3312,1.33135,3.20,4.90
2009.09.01 11:15:48.834,1.3312,1.33135,3.20,1.00
2009.09.01 11:15:49.164,1.3312,1.33135,3.20,1.00
2009.09.01 11:15:49.554,1.3312,1.33135,1.00,2.50
2009.09.01 11:15:49.904,1.33115,1.3313,6.50,1.00
2009.09.01 11:15:50.253,1.33115,1.33135,1.00,8.00
2009.09.01 11:15:50.594,1.33115,1.33135,1.00,4.00
2009.09.01 11:15:50.943,1.33115,1.33135,1.00,8.00
2009.09.01 11:15:51.923,1.3311,1.33125,5.30,1.00
2009.09.01 11:15:52.103,1.3311,1.33125,4.50,1.00
2009.09.01 11:15:52.283,1.3311,1.33125,2.90,1.00
2009.09.01 11:15:52.633,1.3311,1.33125,4.50,1.00
2009.09.01 11:15:52.973,1.3311,1.33125,4.50,4.00
2009.09.01 11:15:53.373,1.3311,1.33125,2.80,4.00
2009.09.01 11:15:55.012,1.3311,1.33125,2.80,1.00
2009.09.01 11:15:55.992,1.3311,1.33125,2.90,1.00
2009.09.01 11:16:03.570,1.3311,1.33125,4.50,1.00
2009.09.01 11:16:04.030,1.33115,1.33125,1.00,1.00
2009.09.01 11:16:04.470,1.33115,1.3313,4.90,4.00
2009.09.01 11:16:04.820,1.3312,1.33135,3.30,4.40
2009.09.01 11:16:05.230,1.3312,1.3313,3.20,1.00
2009.09.01 11:16:05.800,1.3312,1.33135,3.20,1.00
2009.09.01 11:16:06.879,1.3312,1.3313,1.00,1.00
2009.09.01 11:16:07.159,1.33115,1.3313,7.30,1.00
2009.09.01 11:16:07.430,1.33115,1.33135,7.30,4.00
2009.09.01 11:16:08.419,1.33115,1.3313,5.70,1.00
2009.09.01 11:16:09.099,1.33115,1.33125,2.80,1.00
2009.09.01 11:16:09.499,1.33115,1.3313,1.00,3.10
2009.09.01 11:16:09.849,1.3311,1.33125,7.70,1.00
2009.09.01 11:16:10.139,1.3311,1.33125,5.30,1.00
2009.09.01 11:16:10.429,1.3311,1.33125,4.90,1.00
2009.09.01 11:16:10.719,1.3311,1.33125,3.30,1.00
2009.09.01 11:16:11.009,1.3311,1.3312,5.20,1.00
2009.09.01 11:16:11.358,1.3311,1.33125,5.30,1.00
2009.09.01 11:16:12.630,1.3311,1.33125,6.10,1.00
2009.09.01 11:16:13.148,1.3311,1.33125,4.10,1.00
2009.09.01 11:16:13.488,1.3311,1.33125,3.30,1.00
2009.09.01 11:16:13.838,1.33115,1.33135,3.20,8.60
2009.09.01 11:16:14.188,1.33115,1.33135,1.70,10.00
2009.09.01 11:16:14.878,1.33115,1.33135,1.60,10.20
2009.09.01 11:16:15.267,1.33115,1.33135,3.20,8.60
2009.09.01 11:16:15.557,1.33115,1.33135,1.60,10.20
2009.09.01 11:16:15.878,1.33115,1.33135,1.70,10.00
2009.09.01 11:16:16.217,1.33115,1.33135,1.60,10.20
2009.09.01 11:16:16.487,1.33115,1.33135,1.60,8.40
2009.09.01 11:16:18.107,1.33115,1.33135,1.60,8.60
2009.09.01 11:16:18.287,1.33115,1.33135,1.60,10.20
2009.09.01 11:16:18.627,1.33115,1.33135,1.60,8.40
2009.09.01 11:16:18.966,1.33115,1.33135,1.60,4.40
2009.09.01 11:16:19.666,1.3312,1.33135,1.00,4.40
2009.09.01 11:16:20.006,1.33125,1.3313,1.00,1.60
2009.09.01 11:16:20.346,1.3312,1.33135,3.30,1.70
2009.09.01 11:16:20.516,1.3312,1.33135,3.30,1.00
2009.09.01 11:16:20.856,1.3312,1.33135,4.10,1.00
2009.09.01 11:16:21.196,1.3312,1.33135,3.30,1.00
2009.09.01 11:16:21.316,1.33125,1.3314,1.00,4.00
2009.09.01 11:16:21.716,1.3312,1.3314,5.20,4.80
2009.09.01 11:16:22.066,1.3312,1.3314,4.80,4.80
2009.09.01 11:16:22.406,1.3312,1.3314,4.80,8.80
2009.09.01 11:16:23.095,1.3312,1.3314,4.80,10.40
2009.09.01 11:16:23.715,1.3312,1.33135,4.90,1.00
2009.09.01 11:16:24.005,1.3312,1.33135,3.30,1.00
2009.09.01 11:16:25.605,1.33115,1.33125,2.40,8.80
2009.09.01 11:16:25.945,1.3312,1.33125,2.90,1.60
2009.09.01 11:16:26.065,1.3312,1.3313,2.90,1.00
2009.09.01 11:16:26.475,1.3312,1.3313,4.50,1.00
2009.09.01 11:16:26.705,1.3312,1.3313,2.90,1.00
2009.09.01 11:16:26.815,1.33125,1.3313,1.00,1.00
2009.09.01 11:16:27.035,1.33125,1.3314,1.00,4.00
2009.09.01 11:16:27.375,1.3312,1.3314,6.10,1.00
2009.09.01 11:16:27.714,1.33125,1.33145,1.00,5.20
2009.09.01 11:16:28.454,1.33125,1.33145,1.00,4.80
2009.09.01 11:16:35.383,1.3312,1.33145,6.70,6.40
2009.09.01 11:16:35.613,1.3312,1.33145,3.60,7.10
2009.09.01 11:16:35.663,1.3312,1.33145,3.60,12.10
2009.09.01 11:16:35.723,1.3312,1.33135,1.60,1.00
2009.09.01 11:16:35.893,1.3312,1.3314,2.00,5.30
2009.09.01 11:16:35.953,1.3312,1.3314,4.40,6.00
2009.09.01 11:16:36.013,1.3312,1.3314,2.80,6.00
2009.09.01 11:16:36.072,1.3312,1.3314,2.80,10.00
2009.09.01 11:16:36.643,1.33125,1.33145,1.00,11.40
2009.09.01 11:16:37.022,1.33125,1.3314,1.20,4.00
2009.09.01 11:16:37.373,1.33125,1.33145,2.80,8.80
2009.09.01 11:16:37.712,1.33125,1.33145,1.20,8.80
2009.09.01 11:16:38.102,1.33125,1.33145,1.00,8.80
2009.09.01 11:16:38.452,1.33125,1.3314,1.00,4.00
2009.09.01 11:16:39.122,1.33125,1.33145,1.00,8.80
2009.09.01 11:16:40.961,1.3312,1.3314,3.10,1.00
2009.09.01 11:16:41.021,1.33115,1.33145,2.30,10.60
2009.09.01 11:16:41.311,1.33115,1.33145,3.50,12.20
2009.09.01 11:16:41.431,1.33115,1.33135,2.30,1.60
2009.09.01 11:16:41.991,1.33115,1.33145,3.50,12.20
2009.09.01 11:16:42.331,1.33115,1.3314,2.70,2.40
2009.09.01 11:16:42.501,1.33115,1.3314,3.10,2.40
2009.09.01 11:16:42.901,1.33115,1.3314,3.10,2.50
2009.09.01 11:16:43.251,1.33115,1.33135,1.50,1.60
2009.09.01 11:16:45.510,1.3312,1.33135,2.50,1.60
2009.09.01 11:16:45.720,1.33125,1.33145,1.00,4.80
2009.09.01 11:16:46.240,1.3313,1.33145,1.00,8.80
2009.09.01 11:16:50.019,1.33125,1.33145,1.00,5.60
2009.09.01 11:16:50.369,1.33125,1.33145,2.80,4.80
2009.09.01 11:16:50.479,1.33125,1.33145,1.20,4.80
2009.09.01 11:16:50.599,1.33125,1.33145,1.20,1.00
2009.09.01 11:16:50.719,1.33125,1.33145,1.30,1.00
2009.09.01 11:16:50.889,1.33125,1.33145,2.90,1.00
2009.09.01 11:16:51.229,1.33125,1.33145,2.90,4.40
2009.09.01 11:16:51.339,1.33125,1.33145,2.90,5.60
2009.09.01 11:16:51.449,1.33125,1.33135,1.60,1.00
2009.09.01 11:16:51.798,1.3312,1.33135,4.10,1.70
2009.09.01 11:16:51.969,1.3312,1.33135,4.10,1.00
2009.09.01 11:16:53.768,1.33125,1.33135,1.00,1.00
2009.09.01 11:16:53.988,1.33125,1.33145,1.00,4.90
2009.09.01 11:16:54.218,1.33125,1.33145,1.00,2.50
2009.09.01 11:16:57.307,1.3312,1.3314,6.50,1.00
2009.09.01 11:16:57.408,1.3312,1.33135,6.50,1.00
2009.09.01 11:16:57.467,1.3312,1.33135,5.70,1.00
2009.09.01 11:16:57.517,1.33125,1.33135,1.00,1.00
2009.09.01 11:16:57.638,1.33125,1.33145,1.00,6.40
2009.09.01 11:16:58.227,1.33125,1.3314,1.00,2.40
2009.09.01 11:16:58.577,1.33125,1.33145,1.00,6.40
2009.09.01 11:17:10.974,1.33125,1.33145,1.00,5.60
2009.09.01 11:17:11.384,1.33125,1.33145,1.00,4.00
2009.09.01 11:17:14.033,1.3313,1.33145,2.80,1.60
2009.09.01 11:17:14.373,1.3313,1.3315,4.40,4.40
2009.09.01 11:17:14.723,1.3313,1.3315,4.40,8.40
2009.09.01 11:17:15.413,1.3313,1.3315,4.40,9.20
2009.09.01 11:17:15.643,1.3313,1.33145,4.50,1.00
2009.09.01 11:17:15.703,1.3313,1.33145,2.90,1.00
2009.09.01 11:17:16.813,1.3313,1.33145,2.90,4.00
2009.09.01 11:17:17.502,1.33125,1.33135,1.00,1.50
2009.09.01 11:17:17.733,1.3312,1.33135,1.00,3.10
2009.09.01 11:17:17.972,1.33115,1.3313,3.40,1.60
2009.09.01 11:17:18.192,1.33115,1.3313,2.70,1.00
2009.09.01 11:17:18.422,1.33115,1.3313,2.30,3.70
2009.09.01 11:17:18.652,1.3311,1.3313,2.80,10.60
2009.09.01 11:17:19.012,1.3311,1.33125,1.60,3.20
2009.09.01 11:17:19.372,1.33105,1.33125,1.00,4.00
2009.09.01 11:17:19.722,1.33105,1.3313,1.00,15.20
2009.09.01 11:17:20.082,1.33105,1.33125,1.50,1.00
2009.09.01 11:17:20.432,1.33115,1.33125,1.00,1.60
2009.09.01 11:17:20.772,1.33115,1.3313,1.00,4.10
2009.09.01 11:17:21.051,1.33115,1.3313,1.00,2.90
2009.09.01 11:17:21.831,1.33115,1.3313,1.00,2.80
2009.09.01 11:17:22.462,1.3311,1.33125,1.60,4.20
2009.09.01 11:17:22.621,1.3311,1.33125,1.60,46.60
2009.09.01 11:17:22.791,1.33115,1.33125,2.40,42.90
2009.09.01 11:17:23.141,1.33115,1.33125,4.00,1.00
2009.09.01 11:17:23.491,1.33115,1.33125,1.00,1.00
2009.09.01 11:17:23.831,1.33115,1.3313,1.00,3.20
2009.09.01 11:17:25.970,1.3311,1.3313,4.90,8.70
2009.09.01 11:17:26.320,1.33115,1.3313,1.00,5.60
2009.09.01 11:17:26.440,1.33115,1.3313,1.00,3.20
2009.09.01 11:17:30.160,1.33115,1.3313,1.00,4.00
2009.09.01 11:17:32.569,1.33115,1.33135,1.00,16.10
2009.09.01 11:17:32.689,1.33115,1.3313,1.00,3.30
2009.09.01 11:17:33.659,1.33115,1.3313,1.00,4.00
2009.09.01 11:17:34.009,1.33115,1.3313,1.00,4.00
2009.09.01 11:17:34.248,1.33115,1.3313,5.10,1.00
2009.09.01 11:17:34.538,1.33115,1.33135,5.20,7.30
2009.09.01 11:17:34.828,1.33115,1.3313,3.60,4.00
2009.09.01 11:17:35.058,1.33115,1.33125,3.60,4.00
2009.09.01 11:17:35.748,1.33115,1.3313,3.60,4.00
2009.09.01 11:17:36.138,1.33115,1.3313,3.60,1.00
2009.09.01 11:17:36.258,1.3312,1.3313,2.40,1.00
2009.09.01 11:17:36.378,1.33125,1.3313,1.00,1.00
2009.09.01 11:17:36.608,1.3312,1.3313,2.70,1.00
2009.09.01 11:17:36.658,1.3312,1.3313,2.00,1.00
2009.09.01 11:17:36.838,1.3312,1.3313,1.60,1.00
2009.09.01 11:17:37.008,1.3312,1.3313,4.00,1.00
2009.09.01 11:17:37.068,1.3312,1.3313,3.10,1.00
2009.09.01 11:17:37.118,1.33125,1.33135,1.00,1.70
2009.09.01 11:17:37.498,1.33125,1.3314,1.00,7.20
2009.09.01 11:17:37.668,1.3312,1.33135,2.50,1.90
2009.09.01 11:17:37.848,1.3312,1.3314,4.90,9.60
2009.09.01 11:17:38.087,1.3312,1.3314,4.90,12.00
2009.09.01 11:17:38.257,1.3312,1.3314,3.30,9.60
2009.09.01 11:17:38.618,1.3312,1.3314,4.90,13.60
2009.09.01 11:17:38.968,1.3312,1.3314,4.90,9.60
2009.09.01 11:17:39.307,1.3312,1.3314,4.90,13.60
2009.09.01 11:17:40.687,1.3312,1.3314,4.90,9.60
2009.09.01 11:17:41.946,1.3312,1.3314,4.90,9.70
2009.09.01 11:17:42.476,1.3312,1.3314,4.90,13.70
2009.09.01 11:17:43.406,1.3312,1.3314,4.90,14.50
2009.09.01 11:17:43.526,1.3312,1.33135,2.40,2.50
2009.09.01 11:17:43.876,1.3312,1.3313,3.30,1.00
2009.09.01 11:17:44.166,1.3312,1.3313,4.90,1.00
2009.09.01 11:17:44.456,1.3312,1.3313,4.90,4.00
2009.09.01 11:17:50.714,1.3312,1.3313,1.60,4.00
2009.09.01 11:17:50.934,1.33115,1.33125,2.80,1.00
2009.09.01 11:17:51.174,1.3311,1.33125,4.50,1.00
2009.09.01 11:17:51.854,1.3311,1.33125,4.50,4.00
2009.09.01 11:17:52.204,1.3311,1.33125,2.90,4.00
2009.09.01 11:17:54.503,1.3311,1.33125,2.90,1.00
2009.09.01 11:17:55.083,1.3312,1.33125,2.40,1.00
2009.09.01 11:17:55.413,1.3312,1.33125,4.00,1.00
2009.09.01 11:17:55.703,1.3311,1.33125,2.90,1.00
2009.09.01 11:17:56.063,1.3311,1.33125,4.10,1.00
2009.09.01 11:17:56.173,1.3311,1.33125,3.30,1.00
2009.09.01 11:17:56.293,1.3311,1.33125,3.20,1.00
2009.09.01 11:17:56.923,1.3311,1.33125,3.20,1.70
2009.09.01 11:17:57.153,1.3311,1.33125,3.20,1.00
2009.09.01 11:17:57.443,1.33105,1.33125,5.70,1.00
2009.09.01 11:17:57.713,1.33105,1.33125,2.50,2.50
2009.09.01 11:18:02.102,1.33105,1.33125,1.00,4.80
2009.09.01 11:18:09.641,1.33105,1.3312,1.00,4.00
2009.09.01 11:18:09.880,1.33105,1.33125,1.00,4.80
2009.09.01 11:18:12.929,1.33105,1.33125,1.00,1.00
2009.09.01 11:18:13.099,1.3311,1.3313,2.80,10.40
2009.09.01 11:18:13.339,1.33115,1.3313,1.00,1.00
2009.09.01 11:18:13.549,1.33115,1.33135,2.50,8.00
2009.09.01 11:18:15.648,1.33115,1.3313,1.00,1.60
2009.09.01 11:18:15.708,1.33115,1.33125,1.00,1.00
2009.09.01 11:18:15.758,1.3311,1.33125,3.10,1.00
2009.09.01 11:18:15.869,1.3311,1.33125,1.00,2.30
2009.09.01 11:18:15.928,1.33105,1.33125,2.30,2.50
2009.09.01 11:18:15.979,1.3311,1.3312,1.00,2.40
2009.09.01 11:18:16.158,1.3311,1.3312,1.00,4.00
2009.09.01 11:18:16.219,1.3311,1.3312,1.00,5.30
2009.09.01 11:18:16.338,1.331,1.3312,1.30,5.30
2009.09.01 11:18:16.398,1.331,1.3312,1.00,9.30
2009.09.01 11:18:16.508,1.331,1.33115,1.00,1.00
2009.09.01 11:18:19.707,1.331,1.33115,1.00,1.70
2009.09.01 11:18:20.057,1.331,1.33115,2.90,1.60
2009.09.01 11:18:20.527,1.331,1.33115,5.30,1.60
2009.09.01 11:18:20.997,1.331,1.33115,3.70,1.60
2009.09.01 11:18:24.776,1.331,1.33115,8.90,1.60
2009.09.01 11:18:25.056,1.3311,1.3312,1.00,3.60
2009.09.01 11:18:25.406,1.3311,1.3313,2.50,8.10
2009.09.01 11:18:25.976,1.3311,1.3313,2.90,8.00
2009.09.01 11:18:31.285,1.3311,1.3313,2.90,4.00
2009.09.01 11:18:31.455,1.33115,1.33135,2.00,8.80
2009.09.01 11:18:31.695,1.33115,1.33135,1.00,8.80
2009.09.01 11:18:32.034,1.33115,1.33135,2.00,8.80
2009.09.01 11:18:32.455,1.3312,1.33135,1.00,4.00
2009.09.01 11:18:32.634,1.3312,1.3314,3.10,9.80
2009.09.01 11:18:32.864,1.33125,1.33135,2.40,1.00
2009.09.01 11:18:33.044,1.33125,1.33135,4.00,1.00
2009.09.01 11:18:33.274,1.3313,1.33145,3.70,5.60
2009.09.01 11:18:33.624,1.3313,1.33145,1.20,1.00
2009.09.01 11:18:33.954,1.3313,1.33145,1.00,1.00
2009.09.01 11:18:36.513,1.3313,1.33145,1.40,1.00
2009.09.01 11:18:41.722,1.3313,1.3315,1.30,12.00
2009.09.01 11:18:41.992,1.3313,1.3314,1.40,1.60
2009.09.01 11:18:42.222,1.3313,1.3315,1.50,2.70
2009.09.01 11:18:42.462,1.3313,1.3315,2.60,2.10
2009.09.01 11:18:42.692,1.3313,1.33145,1.00,4.00
2009.09.01 11:18:46.141,1.3313,1.3315,1.00,8.80
2009.09.01 11:18:48.621,1.3313,1.3315,1.40,8.80
2009.09.01 11:18:48.951,1.3313,1.3315,3.00,4.00
2009.09.01 11:18:51.890,1.3313,1.3315,1.40,4.00
2009.09.01 11:18:52.000,1.3313,1.3315,1.00,4.00
2009.09.01 11:18:52.290,1.3313,1.3315,1.40,4.00
2009.09.01 11:18:52.519,1.3313,1.3315,3.00,4.00
2009.09.01 11:18:52.810,1.3313,1.3315,2.60,4.00
2009.09.01 11:18:53.050,1.3313,1.3315,4.20,4.00
2009.09.01 11:18:55.019,1.33135,1.3315,1.00,4.00
2009.09.01 11:18:55.369,1.33135,1.33155,1.00,14.60
2009.09.01 11:18:55.489,1.33135,1.33155,1.00,13.00
2009.09.01 11:18:55.599,1.33135,1.33155,2.40,8.00
2009.09.01 11:18:55.719,1.33135,1.33155,4.10,4.00
2009.09.01 11:18:55.839,1.33135,1.33155,2.70,1.00
2009.09.01 11:18:55.949,1.33135,1.33155,4.60,1.00
2009.09.01 11:18:56.189,1.33135,1.33155,3.40,4.00
2009.09.01 11:18:56.419,1.33135,1.33155,5.00,4.00
2009.09.01 11:18:58.408,1.33135,1.33155,5.30,4.00
2009.09.01 11:18:59.318,1.33135,1.3315,3.80,1.00
2009.09.01 11:18:59.648,1.33135,1.3315,1.00,4.00
2009.09.01 11:18:59.988,1.33135,1.3315,1.00,2.40
2009.09.01 11:19:02.357,1.33135,1.33155,1.00,6.40
2009.09.01 11:19:02.477,1.33135,1.33155,1.00,8.20
2009.09.01 11:19:03.067,1.33135,1.3315,1.00,1.60
2009.09.01 11:19:05.247,1.33135,1.33155,1.00,8.20
2009.09.01 11:19:06.466,1.33135,1.3315,1.00,1.60
2009.09.01 11:19:06.706,1.33135,1.33155,1.00,8.20
2009.09.01 11:19:07.786,1.33135,1.33155,1.00,8.10
2009.09.01 11:19:09.156,1.33135,1.3315,1.00,1.60
2009.09.01 11:19:09.795,1.33135,1.33155,5.10,4.70
2009.09.01 11:19:10.155,1.33135,1.33155,3.50,4.70
2009.09.01 11:19:10.625,1.3314,1.33155,1.00,4.70
2009.09.01 11:19:10.805,1.33135,1.33155,4.30,4.70
2009.09.01 11:19:11.435,1.33135,1.33155,3.50,5.50
2009.09.01 11:19:11.555,1.33135,1.33155,3.00,5.70
2009.09.01 11:19:11.715,1.3314,1.33155,1.00,3.10
2009.09.01 11:19:12.225,1.3314,1.33155,1.00,3.90
2009.09.01 11:19:12.335,1.33135,1.33155,2.90,4.10
2009.09.01 11:19:12.515,1.33135,1.33155,1.00,5.70
2009.09.01 11:19:14.254,1.33135,1.3315,1.00,1.00
2009.09.01 11:19:17.723,1.33135,1.3315,1.00,1.00
2009.09.01 11:19:17.783,1.33135,1.33145,1.00,1.00
2009.09.01 11:19:20.303,1.33135,1.3315,1.50,1.60
2009.09.01 11:19:20.653,1.33135,1.3315,3.10,1.20
2009.09.01 11:19:20.953,1.33135,1.33145,2.20,1.00
2009.09.01 11:19:21.293,1.33135,1.33145,1.00,1.00
2009.09.01 11:19:21.573,1.3313,1.33145,1.00,1.00
2009.09.01 11:19:23.622,1.3313,1.33145,1.00,1.60
2009.09.01 11:19:23.972,1.3313,1.33145,1.00,4.00
2009.09.01 11:19:26.451,1.3313,1.3314,1.00,2.50
2009.09.01 11:19:39.419,1.3313,1.33145,1.00,2.00
2009.09.01 11:19:39.709,1.33135,1.33145,1.00,1.00
2009.09.01 11:19:48.837,1.33135,1.33145,1.00,1.20
2009.09.01 11:19:49.007,1.33135,1.33145,1.00,2.80
2009.09.01 11:19:49.666,1.33125,1.33135,2.40,1.20
2009.09.01 11:19:50.066,1.3312,1.3313,1.00,3.60
2009.09.01 11:19:50.416,1.33115,1.33125,1.00,1.50
2009.09.01 11:19:50.636,1.33105,1.33125,1.50,1.50
2009.09.01 11:19:50.926,1.3311,1.33125,1.00,1.00
2009.09.01 11:19:53.296,1.3311,1.3313,1.30,12.20
2009.09.01 11:19:53.636,1.3311,1.3313,1.30,8.20
2009.09.01 11:19:53.985,1.3311,1.33125,1.10,1.00
2009.09.01 11:19:54.345,1.3311,1.33125,1.30,1.00
2009.09.01 11:20:02.903,1.33115,1.3313,1.00,2.40
2009.09.01 11:20:03.073,1.33115,1.33125,1.00,1.00
2009.09.01 11:20:11.511,1.33115,1.33135,1.00,10.40
2009.09.01 11:20:15.310,1.33115,1.33125,1.00,1.00
2009.09.01 11:20:20.109,1.33115,1.3313,1.00,2.40
2009.09.01 11:20:20.339,1.33115,1.33135,1.00,6.30
2009.09.01 11:20:20.519,1.33115,1.33135,1.50,4.80
2009.09.01 11:20:20.859,1.3312,1.33135,2.40,1.00
2009.09.01 11:20:21.219,1.3312,1.33135,2.40,1.00
2009.09.01 11:20:21.569,1.3312,1.3314,2.40,4.00
2009.09.01 11:20:23.698,1.33125,1.3314,1.00,4.00
2009.09.01 11:20:24.038,1.33125,1.3314,1.00,4.00
2009.09.01 11:20:24.738,1.33125,1.3314,2.50,4.00
2009.09.01 11:20:26.827,1.33125,1.3314,2.30,4.00
2009.09.01 11:20:27.058,1.33125,1.3314,1.00,4.00
2009.09.01 11:20:34.706,1.33125,1.3314,2.50,4.00
2009.09.01 11:20:35.175,1.33125,1.3314,1.00,4.00
2009.09.01 11:20:35.405,1.33125,1.3314,1.00,4.00
2009.09.01 11:20:40.344,1.33135,1.33165,1.00,4.10
2009.09.01 11:20:42.354,1.33145,1.33165,4.20,2.90
2009.09.01 11:20:42.464,1.33145,1.33165,5.80,1.30
2009.09.01 11:20:42.524,1.33145,1.33165,5.90,1.00
2009.09.01 11:20:42.884,1.3315,1.3317,1.00,6.50
2009.09.01 11:20:42.944,1.3315,1.3317,1.00,4.80
2009.09.01 11:20:43.054,1.3315,1.33165,1.00,2.40
2009.09.01 11:20:43.174,1.33145,1.3316,4.00,1.00
2009.09.01 11:20:43.523,1.3315,1.33155,1.00,1.60
2009.09.01 11:20:43.874,1.3315,1.3316,1.00,1.00
2009.09.01 11:20:44.214,1.3315,1.33155,1.00,1.60
2009.09.01 11:20:44.573,1.3315,1.33165,1.00,3.10
2009.09.01 11:20:44.963,1.3315,1.33165,1.00,3.90
2009.09.01 11:20:45.303,1.33145,1.3316,1.00,3.30
2009.09.01 11:20:45.643,1.3314,1.3316,1.00,6.60
2009.09.01 11:20:46.403,1.3314,1.3316,1.00,9.00
2009.09.01 11:20:47.883,1.3314,1.33155,1.00,2.40
2009.09.01 11:20:48.213,1.33135,1.33155,1.00,6.30
2009.09.01 11:20:48.562,1.33135,1.33155,1.00,8.90
2009.09.01 11:20:48.912,1.33135,1.3315,2.70,4.80
2009.09.01 11:20:49.322,1.3313,1.3315,7.90,1.00
2009.09.01 11:20:49.652,1.33135,1.3315,1.00,1.60
2009.09.01 11:20:50.032,1.33135,1.3316,2.50,4.80
2009.09.01 11:20:50.332,1.33135,1.3316,3.30,4.80
2009.09.01 11:20:51.991,1.3314,1.3316,1.00,5.70
2009.09.01 11:20:55.681,1.33155,1.3316,1.00,4.00
2009.09.01 11:20:55.980,1.33155,1.3317,1.00,11.40
2009.09.01 11:20:56.270,1.33155,1.3317,1.00,4.20
2009.09.01 11:20:56.490,1.3315,1.3317,6.50,4.20
2009.09.01 11:20:56.650,1.33155,1.3317,1.00,3.70
2009.09.01 11:20:56.760,1.33155,1.3317,1.00,2.90
2009.09.01 11:20:56.880,1.3316,1.3317,1.00,1.00
2009.09.01 11:20:57.100,1.33175,1.3318,1.00,3.90
2009.09.01 11:20:57.260,1.33175,1.33185,1.00,4.00
2009.09.01 11:20:57.610,1.3317,1.3318,1.00,1.00
2009.09.01 11:20:57.970,1.33175,1.3318,1.00,1.00
2009.09.01 11:20:58.310,1.3317,1.3319,1.00,5.60
2009.09.01 11:20:58.660,1.3317,1.3319,2.50,8.80
2009.09.01 11:20:59.060,1.3317,1.33185,2.50,1.50
2009.09.01 11:20:59.390,1.3317,1.33185,2.90,1.50
2009.09.01 11:21:03.289,1.3317,1.33185,5.30,1.50
2009.09.01 11:21:03.459,1.33175,1.3319,1.00,7.40
2009.09.01 11:21:03.819,1.33175,1.3319,1.00,7.30
2009.09.01 11:21:05.708,1.33175,1.3319,1.00,4.10
2009.09.01 11:21:09.627,1.33175,1.3319,1.00,3.30
2009.09.01 11:21:12.286,1.33175,1.33185,1.00,2.40
2009.09.01 11:21:12.636,1.3317,1.33185,1.70,3.60
2009.09.01 11:21:12.926,1.3317,1.3318,1.00,1.00
2009.09.01 11:21:14.076,1.33175,1.3318,2.50,1.00
2009.09.01 11:21:14.356,1.3317,1.3319,4.50,2.80
2009.09.01 11:21:14.706,1.3317,1.3319,5.50,3.20
2009.09.01 11:21:15.056,1.3317,1.3319,4.50,4.80
2009.09.01 11:21:19.095,1.3317,1.3319,4.50,4.90
2009.09.01 11:21:19.445,1.33175,1.33195,3.10,7.40
2009.09.01 11:21:19.785,1.33175,1.33195,3.10,6.60
2009.09.01 11:21:21.744,1.33185,1.3319,4.00,2.90
2009.09.01 11:21:21.854,1.3318,1.33195,1.60,7.30
2009.09.01 11:21:22.134,1.33175,1.33195,5.20,6.60
2009.09.01 11:21:24.734,1.33175,1.33195,5.20,7.00
2009.09.01 11:21:25.084,1.3318,1.3319,1.00,1.00
2009.09.01 11:21:25.943,1.3318,1.33195,1.00,1.00
2009.09.01 11:21:27.563,1.3318,1.33195,1.00,4.10
2009.09.01 11:21:29.302,1.33175,1.33195,5.20,10.60
2009.09.01 11:21:29.642,1.33175,1.33195,5.20,11.00
2009.09.01 11:21:30.002,1.33175,1.3319,5.20,1.00
2009.09.01 11:21:30.702,1.33175,1.33195,5.20,7.00
2009.09.01 11:21:31.052,1.33175,1.3319,1.70,4.50
2009.09.01 11:21:31.452,1.33175,1.3319,1.00,3.70
2009.09.01 11:21:34.431,1.3317,1.33185,1.60,1.00
2009.09.01 11:21:34.781,1.33165,1.33185,2.50,1.00
2009.09.01 11:21:44.109,1.33165,1.3319,4.10,1.00
2009.09.01 11:21:44.799,1.33175,1.3319,3.30,1.00
2009.09.01 11:21:45.199,1.33175,1.33195,4.90,1.00
2009.09.01 11:21:45.838,1.33175,1.33195,8.90,1.00
2009.09.01 11:21:46.578,1.3318,1.33195,2.80,1.00
2009.09.01 11:21:46.808,1.33185,1.33195,2.80,1.00
2009.09.01 11:21:46.919,1.33185,1.33195,2.90,1.00
2009.09.01 11:21:47.038,1.33185,1.332,3.60,1.60
2009.09.01 11:21:47.258,1.33185,1.33205,5.20,10.50
2009.09.01 11:21:47.658,1.3319,1.33205,3.20,4.10
2009.09.01 11:21:48.008,1.3319,1.33205,9.30,1.00
2009.09.01 11:21:48.368,1.33205,1.3321,2.40,1.00
2009.09.01 11:21:48.708,1.33205,1.33215,1.00,1.70
2009.09.01 11:21:49.048,1.33205,1.33215,1.00,1.00
2009.09.01 11:21:49.408,1.33205,1.33215,3.10,4.80
2009.09.01 11:21:49.758,1.3319,1.33205,3.30,1.70
2009.09.01 11:21:50.108,1.3319,1.33205,3.20,1.70
2009.09.01 11:21:52.547,1.332,1.33205,1.00,1.60
2009.09.01 11:21:52.657,1.332,1.33205,1.00,1.60
2009.09.01 11:21:52.767,1.332,1.33205,1.00,1.60
2009.09.01 11:21:53.007,1.3319,1.33205,10.50,1.60
2009.09.01 11:21:53.127,1.3319,1.33205,11.30,1.00
2009.09.01 11:21:53.297,1.3319,1.33205,8.50,1.00
2009.09.01 11:21:53.407,1.3319,1.33205,5.30,1.00
2009.09.01 11:21:53.637,1.3319,1.33205,4.50,1.00
2009.09.01 11:21:54.337,1.33195,1.3321,2.90,4.00
2009.09.01 11:21:54.686,1.33205,1.3322,1.00,4.90
2009.09.01 11:21:55.047,1.33205,1.3322,1.00,1.70
2009.09.01 11:21:55.746,1.33205,1.33225,4.90,1.00
2009.09.01 11:21:56.096,1.3321,1.33225,1.60,1.00
2009.09.01 11:21:56.786,1.33205,1.33225,4.90,1.00
2009.09.01 11:21:56.966,1.3321,1.33225,1.60,1.00
2009.09.01 11:21:57.206,1.33205,1.33225,4.90,1.00
2009.09.01 11:21:57.605,1.3321,1.33225,1.60,1.00
2009.09.01 11:21:57.716,1.33205,1.3322,4.90,1.60
2009.09.01 11:21:58.365,1.33205,1.3322,5.00,1.60
2009.09.01 11:21:58.475,1.3321,1.3322,1.60,1.60
2009.09.01 11:21:58.655,1.3321,1.3322,1.00,1.60
2009.09.01 11:21:58.995,1.3321,1.3322,1.60,1.60
2009.09.01 11:21:59.345,1.33215,1.33225,2.50,1.00
2009.09.01 11:21:59.695,1.33215,1.3322,2.70,3.20
2009.09.01 11:22:00.035,1.33205,1.33215,4.00,1.00
2009.09.01 11:22:00.365,1.33205,1.3322,1.00,2.30
2009.09.01 11:22:00.705,1.33205,1.33215,1.00,1.60
2009.09.01 11:22:01.055,1.33205,1.3321,3.40,1.60
2009.09.01 11:22:01.455,1.3321,1.33215,5.60,2.50
2009.09.01 11:22:01.815,1.33205,1.3321,1.00,1.60
2009.09.01 11:22:02.285,1.33205,1.33215,1.00,1.60
2009.09.01 11:22:04.394,1.33205,1.3322,5.60,1.60
2009.09.01 11:22:05.074,1.3321,1.3322,1.60,1.60
2009.09.01 11:22:05.424,1.3321,1.33225,1.00,1.00
2009.09.01 11:22:05.764,1.33215,1.3323,8.50,3.20
2009.09.01 11:22:06.154,1.3321,1.3322,5.60,1.60
2009.09.01 11:22:06.504,1.3321,1.3322,2.60,1.60
2009.09.01 11:22:06.834,1.33205,1.3322,3.40,1.60
2009.09.01 11:22:07.193,1.33205,1.33215,1.00,1.60
2009.09.01 11:22:07.473,1.33205,1.3322,1.00,6.30
2009.09.01 11:22:07.754,1.33205,1.3322,1.00,4.50
2009.09.01 11:22:08.053,1.33205,1.3322,2.80,1.60
2009.09.01 11:22:09.713,1.33205,1.3322,1.60,2.10
2009.09.01 11:22:10.063,1.33205,1.33215,1.00,1.60
2009.09.01 11:22:11.802,1.33205,1.3322,1.00,5.60
2009.09.01 11:22:11.982,1.33205,1.3322,2.80,1.60
2009.09.01 11:22:13.242,1.33215,1.3322,1.00,1.60
2009.09.01 11:22:13.932,1.33215,1.33225,6.80,1.00
2009.09.01 11:22:14.272,1.33215,1.3323,5.20,3.30
2009.09.01 11:22:15.241,1.33215,1.3322,2.00,1.60
2009.09.01 11:22:15.591,1.3321,1.3322,1.60,1.60
2009.09.01 11:22:15.941,1.33205,1.3322,1.00,1.60
2009.09.01 11:22:18.830,1.33205,1.33215,1.00,1.60
2009.09.01 11:22:18.940,1.332,1.33215,6.80,1.60
2009.09.01 11:22:19.290,1.332,1.3321,6.00,1.00
2009.09.01 11:22:19.631,1.332,1.3321,3.20,1.60
2009.09.01 11:22:19.970,1.332,1.33215,3.20,4.10
2009.09.01 11:22:20.380,1.33195,1.3321,8.10,3.20
2009.09.01 11:22:20.720,1.332,1.3321,4.40,1.00
2009.09.01 11:22:21.550,1.332,1.3321,2.00,1.00
2009.09.01 11:22:21.850,1.33195,1.3321,6.50,5.20
2009.09.01 11:22:22.120,1.33195,1.33205,4.80,6.50
2009.09.01 11:22:22.290,1.3319,1.33205,1.00,2.40
2009.09.01 11:22:22.460,1.3319,1.33205,4.40,1.60
2009.09.01 11:22:23.120,1.3319,1.33205,4.40,1.70
2009.09.01 11:22:23.460,1.3319,1.33205,1.00,4.10
2009.09.01 11:22:24.089,1.33185,1.33205,3.50,5.70
2009.09.01 11:22:24.369,1.33185,1.33205,3.50,4.10
2009.09.01 11:22:24.659,1.33185,1.332,1.10,2.50
2009.09.01 11:22:24.939,1.33185,1.332,1.00,4.10
2009.09.01 11:22:26.089,1.33185,1.332,1.00,2.50
2009.09.01 11:22:26.479,1.3318,1.33195,9.50,1.00
2009.09.01 11:22:26.709,1.3318,1.33195,7.10,1.00
2009.09.01 11:22:26.989,1.3318,1.33195,9.50,1.00
2009.09.01 11:22:27.219,1.3318,1.33195,1.90,1.00
2009.09.01 11:22:27.519,1.3318,1.33195,6.40,1.00
2009.09.01 11:22:27.869,1.33195,1.33205,4.00,1.60
2009.09.01 11:22:28.219,1.33195,1.33215,2.80,2.00
2009.09.01 11:22:28.558,1.332,1.3322,1.00,3.70
2009.09.01 11:22:28.898,1.33205,1.3322,1.00,4.00
2009.09.01 11:22:29.238,1.332,1.3321,8.00,1.60
2009.09.01 11:22:29.588,1.33195,1.3321,2.90,4.00
2009.09.01 11:22:29.988,1.3319,1.33205,1.00,6.50
2009.09.01 11:22:30.638,1.3319,1.33205,1.00,7.30
2009.09.01 11:22:30.997,1.33185,1.332,3.50,1.60
2009.09.01 11:22:31.348,1.3319,1.332,2.80,1.60
2009.09.01 11:22:31.688,1.3319,1.3321,5.20,4.00
2009.09.01 11:22:31.798,1.33195,1.3321,1.00,4.00
2009.09.01 11:22:32.027,1.33195,1.3321,1.00,3.60
2009.09.01 11:22:32.427,1.33195,1.3321,1.00,4.50
2009.09.01 11:22:32.657,1.3319,1.33205,2.10,1.70
2009.09.01 11:22:32.827,1.3319,1.33205,2.80,1.70
