2009.09.14 07:00:00.133,1.31845,1.31865,1.00,1.00
2009.09.14 07:00:00.832,1.31845,1.31865,1.00,1.00
2009.09.14 07:00:01.002,1.3185,1.31865,1.00,1.00
2009.09.14 07:00:01.172,1.3185,1.3186,1.00,1.00
2009.09.14 07:00:01.292,1.31845,1.3186,2.80,1.20
2009.09.14 07:00:01.462,1.3185,1.3186,1.20,1.00
2009.09.14 07:00:01.632,1.31845,1.31865,1.10,5.60
2009.09.14 07:00:01.812,1.31845,1.31865,1.00,8.00
2009.09.14 07:00:02.152,1.3184,1.31865,9.30,8.20
2009.09.14 07:00:02.542,1.3184,1.31865,17.10,1.00
2009.09.14 07:00:02.892,1.3184,1.31865,12.30,1.00
2009.09.14 07:00:03.232,1.3184,1.31855,1.50,1.00
2009.09.14 07:00:04.331,1.3184,1.31855,5.50,1.00
2009.09.14 07:00:04.611,1.3184,1.31855,9.50,1.00
2009.09.14 07:00:04.902,1.3184,1.31855,5.30,1.00
2009.09.14 07:00:05.171,1.3184,1.31855,1.50,1.00
2009.09.14 07:00:05.461,1.3184,1.31855,1.30,1.00
2009.09.14 07:00:05.761,1.3184,1.31855,1.60,1.00
2009.09.14 07:00:06.161,1.31835,1.3184,10.00,1.60
2009.09.14 07:00:06.511,1.31825,1.3184,7.70,2.60
2009.09.14 07:00:06.981,1.31825,1.3184,6.10,2.60
2009.09.14 07:00:07.511,1.3183,1.3184,2.40,2.60
2009.09.14 07:00:07.730,1.3183,1.3184,6.10,1.00
2009.09.14 07:00:07.950,1.31835,1.31855,1.00,1.00
2009.09.14 07:00:08.170,1.31845,1.3186,1.00,3.80
2009.09.14 07:00:08.390,1.3184,1.3186,2.70,2.40
2009.09.14 07:00:08.611,1.31835,1.31855,1.00,1.00
2009.09.14 07:00:08.950,1.31835,1.31855,1.00,1.00
2009.09.14 07:00:09.300,1.31835,1.31855,2.00,1.00
2009.09.14 07:00:10.800,1.3184,1.31855,5.20,1.00
2009.09.14 07:00:11.030,1.31845,1.3186,1.20,2.00
2009.09.14 07:00:12.420,1.31845,1.3186,1.10,2.00
2009.09.14 07:00:13.049,1.31845,1.3186,1.20,2.00
2009.09.14 07:00:13.509,1.31845,1.3186,1.10,2.00
2009.09.14 07:00:16.548,1.3185,1.31855,1.00,1.00
2009.09.14 07:00:18.298,1.3185,1.3186,1.00,3.60
2009.09.14 07:00:18.648,1.3185,1.3186,1.00,1.60
2009.09.14 07:00:19.278,1.3185,1.31855,1.00,8.00
2009.09.14 07:00:19.628,1.3185,1.3186,1.00,8.00
2009.09.14 07:00:19.978,1.3185,1.31865,1.00,12.90
2009.09.14 07:00:20.317,1.3185,1.31865,1.00,16.10
2009.09.14 07:00:20.718,1.3185,1.3186,1.00,4.80
2009.09.14 07:00:21.847,1.3185,1.3186,1.00,10.50
2009.09.14 07:00:22.077,1.3185,1.31855,1.00,1.00
2009.09.14 07:00:22.257,1.31835,1.31855,1.00,1.60
2009.09.14 07:00:22.377,1.31835,1.31855,1.00,5.70
2009.09.14 07:00:22.667,1.31835,1.31855,1.00,8.80
2009.09.14 07:00:23.467,1.31835,1.31855,1.00,4.80
2009.09.14 07:00:23.806,1.3184,1.31855,1.00,2.40
2009.09.14 07:00:25.206,1.3184,1.31855,1.60,2.40
2009.09.14 07:00:27.706,1.3184,1.31855,1.60,2.50
2009.09.14 07:00:28.696,1.3184,1.31855,1.70,2.40
2009.09.14 07:00:29.046,1.31845,1.31865,2.80,10.10
2009.09.14 07:00:29.395,1.31845,1.3186,2.80,1.00
2009.09.14 07:00:29.745,1.31845,1.31865,3.20,6.10
2009.09.14 07:00:31.065,1.31845,1.31865,3.20,6.50
2009.09.14 07:00:31.775,1.31845,1.31865,3.20,1.00
2009.09.14 07:00:33.215,1.31855,1.3187,1.10,2.10
2009.09.14 07:00:33.614,1.31865,1.3187,1.00,2.10
2009.09.14 07:00:34.005,1.31865,1.3187,1.00,1.00
2009.09.14 07:00:34.344,1.3184,1.31865,4.10,3.30
2009.09.14 07:00:34.694,1.3184,1.31865,5.50,3.30
2009.09.14 07:00:36.534,1.3185,1.31865,5.20,3.30
2009.09.14 07:00:36.644,1.3185,1.31865,6.30,3.30
2009.09.14 07:00:36.694,1.3185,1.3187,7.90,5.10
2009.09.14 07:00:36.804,1.31855,1.3187,2.90,1.60
2009.09.14 07:00:36.923,1.31855,1.31875,4.10,8.90
2009.09.14 07:00:36.984,1.31865,1.31875,1.00,4.80
2009.09.14 07:00:37.093,1.31865,1.3188,1.00,4.50
2009.09.14 07:00:37.433,1.3186,1.31875,1.00,1.00
2009.09.14 07:00:37.833,1.3186,1.31875,2.10,1.00
2009.09.14 07:00:38.183,1.3186,1.31875,2.30,1.00
2009.09.14 07:00:39.103,1.31865,1.31875,1.00,1.00
2009.09.14 07:00:39.453,1.31865,1.3188,1.70,2.40
2009.09.14 07:00:39.803,1.31865,1.3188,3.10,2.40
2009.09.14 07:00:40.083,1.3187,1.3188,1.00,2.40
2009.09.14 07:00:40.822,1.3187,1.3188,1.60,2.40
2009.09.14 07:00:41.172,1.31875,1.3188,1.00,1.60
2009.09.14 07:00:41.352,1.31875,1.3188,1.00,1.00
2009.09.14 07:00:41.522,1.31875,1.3188,1.80,1.00
2009.09.14 07:00:41.702,1.31875,1.3188,1.80,2.40
2009.09.14 07:00:43.252,1.31875,1.3188,1.00,4.80
2009.09.14 07:00:43.422,1.31875,1.3188,1.00,5.10
2009.09.14 07:00:43.772,1.31865,1.3188,1.00,12.30
2009.09.14 07:00:44.172,1.31875,1.3188,1.00,10.40
2009.09.14 07:00:45.032,1.31875,1.3188,1.00,2.00
2009.09.14 07:00:45.382,1.31875,1.3188,1.00,2.40
2009.09.14 07:00:45.722,1.31875,1.3188,1.00,10.80
2009.09.14 07:00:46.071,1.31875,1.3188,1.00,3.60
2009.09.14 07:00:47.441,1.31875,1.3188,1.00,4.00
2009.09.14 07:00:47.561,1.31875,1.3188,1.00,3.60
2009.09.14 07:00:48.181,1.31875,1.3188,1.00,2.00
2009.09.14 07:00:48.820,1.31875,1.3188,1.00,3.60
2009.09.14 07:00:50.151,1.31875,1.3188,1.00,4.10
2009.09.14 07:00:50.500,1.31875,1.3188,1.00,3.60
2009.09.14 07:00:50.844,1.31875,1.3188,1.00,4.40
2009.09.14 07:00:51.190,1.31875,1.3188,1.00,4.00
2009.09.14 07:00:53.300,1.31875,1.3188,1.00,2.40
2009.09.14 07:00:56.449,1.31875,1.3188,1.00,1.60
2009.09.14 07:00:57.859,1.31875,1.3188,1.00,2.40
2009.09.14 07:00:58.199,1.31875,1.3188,1.00,4.00
2009.09.14 07:00:59.298,1.31865,1.3187,1.00,1.00
2009.09.14 07:00:59.648,1.31865,1.31875,1.00,3.50
2009.09.14 07:00:59.928,1.31865,1.31875,1.00,1.90
2009.09.14 07:01:00.568,1.31865,1.31875,1.00,3.50
2009.09.14 07:01:00.908,1.31865,1.3188,1.00,1.60
2009.09.14 07:01:01.248,1.31865,1.3188,1.00,3.20
2009.09.14 07:01:01.597,1.31865,1.31885,1.10,6.50
2009.09.14 07:01:01.868,1.31865,1.31885,1.10,6.40
2009.09.14 07:01:02.088,1.3187,1.31885,1.00,6.50
2009.09.14 07:01:02.477,1.3187,1.3188,1.00,1.00
2009.09.14 07:01:02.717,1.3187,1.3188,1.00,1.00
2009.09.14 07:01:02.887,1.3187,1.31885,1.00,1.00
2009.09.14 07:01:04.267,1.3187,1.3188,1.00,1.00
2009.09.14 07:01:05.007,1.3187,1.3188,1.00,1.00
2009.09.14 07:01:05.356,1.3187,1.31885,1.00,3.80
2009.09.14 07:01:05.707,1.3187,1.31885,1.00,1.00
2009.09.14 07:01:06.176,1.31865,1.31885,8.80,1.00
2009.09.14 07:01:06.976,1.31865,1.31885,4.80,1.00
2009.09.14 07:01:07.716,1.31865,1.31885,4.00,3.90
2009.09.14 07:01:07.896,1.31865,1.31885,8.00,6.00
2009.09.14 07:01:08.066,1.31865,1.31885,8.00,4.40
2009.09.14 07:01:08.566,1.31865,1.3188,8.00,1.00
2009.09.14 07:01:08.946,1.31865,1.3188,8.00,2.20
2009.09.14 07:01:09.596,1.31865,1.31875,8.40,1.00
2009.09.14 07:01:09.936,1.31865,1.3188,1.00,3.20
2009.09.14 07:01:10.285,1.31865,1.3188,1.00,1.60
2009.09.14 07:01:12.225,1.31865,1.31875,1.00,1.00
2009.09.14 07:01:12.405,1.31865,1.31875,1.00,1.50
2009.09.14 07:01:12.685,1.31865,1.31875,1.00,1.50
2009.09.14 07:01:13.595,1.31865,1.3187,1.00,1.00
2009.09.14 07:01:13.875,1.3186,1.31865,1.00,1.50
2009.09.14 07:01:14.215,1.3186,1.31875,4.40,2.40
2009.09.14 07:01:14.505,1.3186,1.31875,1.00,2.70
2009.09.14 07:01:14.854,1.3186,1.3188,9.60,1.60
2009.09.14 07:01:15.204,1.3186,1.3188,9.60,3.20
2009.09.14 07:01:15.884,1.3186,1.3188,9.70,3.20
2009.09.14 07:01:16.224,1.3187,1.3188,1.00,1.60
2009.09.14 07:01:16.585,1.31865,1.3188,12.50,1.00
2009.09.14 07:01:16.944,1.3187,1.3188,1.00,1.60
2009.09.14 07:01:17.294,1.3187,1.3188,2.20,1.60
2009.09.14 07:01:17.644,1.3187,1.3188,3.00,1.60
2009.09.14 07:01:18.004,1.3187,1.3188,2.80,1.60
2009.09.14 07:01:18.114,1.3187,1.3188,2.00,1.60
2009.09.14 07:01:19.333,1.3187,1.3188,2.80,1.60
2009.09.14 07:01:19.693,1.3187,1.3188,2.00,1.60
2009.09.14 07:01:20.093,1.3187,1.3188,3.60,1.00
2009.09.14 07:01:20.443,1.3187,1.3188,2.40,1.60
2009.09.14 07:01:20.793,1.3187,1.3189,3.20,4.00
2009.09.14 07:01:21.243,1.31875,1.3189,1.00,4.00
2009.09.14 07:01:21.403,1.31875,1.3189,1.00,3.20
2009.09.14 07:01:21.683,1.31875,1.3189,1.00,1.60
2009.09.14 07:01:21.803,1.31875,1.3189,1.00,1.60
2009.09.14 07:01:21.913,1.3187,1.3189,2.80,2.40
2009.09.14 07:01:22.082,1.3187,1.3189,1.20,4.00
2009.09.14 07:01:24.962,1.31875,1.3189,1.00,2.40
2009.09.14 07:01:25.252,1.31875,1.3189,1.20,1.60
2009.09.14 07:01:25.972,1.31875,1.3189,2.60,1.60
2009.09.14 07:01:26.312,1.31875,1.3189,2.00,2.40
2009.09.14 07:01:27.471,1.31875,1.3189,2.20,2.40
2009.09.14 07:01:27.701,1.31875,1.3189,3.00,2.00
2009.09.14 07:01:27.931,1.31875,1.3189,1.20,2.00
2009.09.14 07:01:28.111,1.31875,1.3189,1.40,2.00
2009.09.14 07:01:28.501,1.31875,1.3188,1.20,1.20
2009.09.14 07:01:28.851,1.31875,1.3188,1.20,2.00
2009.09.14 07:01:29.201,1.31875,1.3188,2.00,2.00
2009.09.14 07:01:30.250,1.31875,1.3188,1.20,2.00
2009.09.14 07:01:31.730,1.31875,1.3188,1.20,1.20
2009.09.14 07:01:31.840,1.31875,1.3188,1.20,1.00
2009.09.14 07:01:31.900,1.31875,1.3188,1.00,1.00
2009.09.14 07:01:32.020,1.31875,1.3188,1.00,1.00
2009.09.14 07:01:32.310,1.3187,1.31885,1.00,1.00
2009.09.14 07:01:33.200,1.31875,1.31895,2.50,11.30
2009.09.14 07:01:33.430,1.3188,1.31895,1.20,9.70
2009.09.14 07:01:33.650,1.3188,1.3189,1.70,1.60
2009.09.14 07:01:33.880,1.3188,1.3189,1.00,1.60
2009.09.14 07:01:34.110,1.3188,1.3189,1.00,1.60
2009.09.14 07:01:34.459,1.3188,1.3189,1.60,1.60
2009.09.14 07:01:34.809,1.3188,1.3189,1.60,2.40
2009.09.14 07:01:35.889,1.3188,1.31885,1.60,2.50
2009.09.14 07:01:36.469,1.3188,1.3189,1.60,1.00
2009.09.14 07:01:36.709,1.3188,1.31895,1.60,7.60
2009.09.14 07:01:36.939,1.3188,1.31895,1.60,4.40
2009.09.14 07:01:37.179,1.31875,1.31895,1.00,4.40
2009.09.14 07:01:38.369,1.3187,1.3189,4.50,1.30
2009.09.14 07:01:38.599,1.3187,1.3189,1.00,3.70
2009.09.14 07:01:41.388,1.3187,1.3189,8.50,2.00
2009.09.14 07:01:41.728,1.3187,1.3189,4.50,2.00
2009.09.14 07:01:42.088,1.3187,1.3189,1.00,2.00
2009.09.14 07:01:42.428,1.3187,1.3189,9.70,1.00
2009.09.14 07:01:42.768,1.31885,1.31895,1.00,3.60
2009.09.14 07:01:42.887,1.31885,1.31895,1.00,4.00
2009.09.14 07:01:42.998,1.3188,1.31895,1.00,4.00
2009.09.14 07:01:43.167,1.31875,1.31895,3.60,4.10
2009.09.14 07:01:43.277,1.31885,1.31895,1.00,5.70
2009.09.14 07:01:43.388,1.31885,1.31895,1.00,5.70
2009.09.14 07:01:43.627,1.31885,1.31895,1.00,5.30
2009.09.14 07:01:43.747,1.31885,1.3189,1.00,1.00
2009.09.14 07:01:44.097,1.31885,1.3189,1.00,1.00
2009.09.14 07:01:44.437,1.31885,1.31895,1.10,1.00
2009.09.14 07:01:45.367,1.3188,1.31895,1.00,1.00
2009.09.14 07:01:45.657,1.3188,1.319,2.00,3.70
2009.09.14 07:01:45.937,1.3188,1.319,2.00,3.60
2009.09.14 07:01:47.157,1.31885,1.319,1.00,2.80
2009.09.14 07:01:47.277,1.31885,1.319,1.60,2.80
2009.09.14 07:01:47.386,1.31885,1.319,4.00,2.40
2009.09.14 07:01:47.487,1.3189,1.319,1.00,1.60
2009.09.14 07:01:48.007,1.31885,1.319,1.50,1.60
2009.09.14 07:01:48.896,1.31885,1.319,1.00,4.10
2009.09.14 07:01:49.516,1.31885,1.319,1.00,3.70
2009.09.14 07:01:49.846,1.31885,1.319,3.20,4.10
2009.09.14 07:01:50.186,1.31885,1.3189,1.00,1.00
2009.09.14 07:01:51.126,1.3188,1.3189,2.40,1.60
2009.09.14 07:01:52.815,1.3188,1.3189,2.50,2.00
2009.09.14 07:01:53.155,1.3188,1.3189,2.40,2.00
2009.09.14 07:01:53.505,1.3188,1.3189,2.50,2.00
2009.09.14 07:01:54.555,1.3188,1.31885,2.40,1.10
2009.09.14 07:01:54.895,1.31865,1.3188,5.60,1.20
2009.09.14 07:01:55.175,1.3186,1.3187,1.00,1.20
2009.09.14 07:01:55.455,1.3186,1.3187,4.00,1.20
2009.09.14 07:01:55.734,1.31865,1.31875,1.00,2.10
2009.09.14 07:01:56.775,1.3186,1.31875,6.80,2.60
2009.09.14 07:01:56.884,1.3186,1.31875,7.20,2.60
2009.09.14 07:01:57.054,1.3186,1.31875,6.40,2.60
2009.09.14 07:01:57.224,1.3187,1.31875,1.60,2.30
2009.09.14 07:01:57.624,1.3186,1.31875,1.20,2.30
2009.09.14 07:01:57.804,1.3186,1.31875,1.20,2.10
2009.09.14 07:01:58.434,1.3186,1.31875,8.80,2.10
2009.09.14 07:01:58.774,1.3187,1.31885,1.30,8.10
2009.09.14 07:01:59.124,1.3187,1.31885,10.00,1.00
2009.09.14 07:01:59.474,1.3188,1.3189,1.00,1.20
2009.09.14 07:02:00.164,1.3188,1.3189,1.20,1.20
2009.09.14 07:02:01.213,1.3188,1.31895,1.40,3.20
2009.09.14 07:02:02.023,1.3188,1.31895,1.40,2.40
2009.09.14 07:02:02.133,1.3188,1.31895,1.20,2.40
2009.09.14 07:02:02.413,1.3188,1.31895,1.20,4.80
2009.09.14 07:02:02.813,1.3188,1.31895,1.20,4.40
2009.09.14 07:02:02.933,1.3188,1.31895,1.20,4.80
2009.09.14 07:02:03.053,1.3188,1.31895,1.20,4.10
2009.09.14 07:02:03.403,1.3188,1.31895,1.00,3.30
2009.09.14 07:02:04.093,1.3188,1.31895,1.00,4.90
2009.09.14 07:02:04.792,1.3188,1.31895,1.00,4.80
2009.09.14 07:02:05.122,1.3188,1.31895,1.00,3.30
2009.09.14 07:02:05.472,1.3188,1.31895,1.00,4.10
2009.09.14 07:02:05.872,1.31885,1.31895,1.00,4.80
2009.09.14 07:02:06.202,1.31885,1.31895,1.00,1.60
2009.09.14 07:02:06.552,1.31885,1.319,1.50,1.70
2009.09.14 07:02:06.902,1.31885,1.319,1.50,2.50
2009.09.14 07:02:07.822,1.31885,1.319,1.10,2.50
2009.09.14 07:02:08.042,1.3188,1.31895,4.40,1.00
2009.09.14 07:02:08.262,1.3188,1.31895,1.00,4.00
2009.09.14 07:02:08.552,1.31875,1.31895,3.50,3.60
2009.09.14 07:02:08.822,1.3188,1.31895,1.20,2.50
2009.09.14 07:02:09.151,1.3188,1.31895,1.20,1.70
2009.09.14 07:02:09.381,1.3188,1.31895,2.00,1.00
2009.09.14 07:02:11.101,1.3188,1.31895,2.00,2.50
2009.09.14 07:02:12.370,1.3188,1.31895,1.20,2.50
2009.09.14 07:02:12.490,1.3188,1.31895,1.20,2.80
2009.09.14 07:02:12.850,1.3188,1.31895,1.20,2.50
2009.09.14 07:02:13.140,1.3188,1.31895,2.00,2.10
2009.09.14 07:02:13.470,1.3188,1.31895,2.00,1.70
2009.09.14 07:02:13.770,1.3188,1.31895,2.00,1.00
2009.09.14 07:02:14.010,1.3188,1.31895,2.00,2.50
2009.09.14 07:02:18.099,1.3188,1.31895,2.00,1.00
2009.09.14 07:02:18.449,1.3188,1.31895,2.00,1.00
2009.09.14 07:02:19.129,1.3188,1.31895,2.00,1.00
2009.09.14 07:02:19.499,1.3188,1.31895,2.40,1.00
2009.09.14 07:02:19.849,1.3188,1.31895,2.00,2.50
2009.09.14 07:02:20.528,1.3188,1.31895,1.20,2.80
2009.09.14 07:02:20.868,1.3188,1.31895,1.20,2.50
2009.09.14 07:02:21.458,1.3188,1.31895,2.00,2.50
2009.09.14 07:02:21.748,1.3188,1.31895,2.80,2.50
2009.09.14 07:02:22.088,1.3188,1.31895,2.80,1.70
2009.09.14 07:02:22.148,1.3188,1.31895,2.80,1.00
2009.09.14 07:02:22.208,1.3188,1.31895,8.00,1.00
2009.09.14 07:02:22.268,1.3189,1.31895,1.00,1.00
2009.09.14 07:02:22.898,1.3189,1.319,1.00,8.90
2009.09.14 07:02:23.008,1.3188,1.31895,1.20,1.00
2009.09.14 07:02:23.068,1.31885,1.31895,1.00,1.00
2009.09.14 07:02:23.428,1.3188,1.31895,1.20,4.10
2009.09.14 07:02:23.768,1.3188,1.31895,1.60,2.50
2009.09.14 07:02:24.118,1.3188,1.31895,1.60,4.10
2009.09.14 07:02:26.217,1.3188,1.31895,1.60,2.50
2009.09.14 07:02:26.867,1.3188,1.31895,1.60,4.10
2009.09.14 07:02:27.107,1.3188,1.31895,1.60,2.50
2009.09.14 07:02:27.637,1.3188,1.31895,1.20,4.90
2009.09.14 07:02:27.867,1.3188,1.31895,1.00,4.90
2009.09.14 07:02:28.097,1.3188,1.31895,1.00,3.30
2009.09.14 07:02:29.576,1.3188,1.3189,1.00,1.00
2009.09.14 07:02:30.056,1.3188,1.31895,1.00,4.90
2009.09.14 07:02:31.038,1.3188,1.31895,1.90,6.70
2009.09.14 07:02:31.766,1.3188,1.31895,1.90,4.90
2009.09.14 07:02:33.115,1.3188,1.3189,1.90,1.00
2009.09.14 07:02:33.346,1.3188,1.3189,1.20,1.70
2009.09.14 07:02:34.555,1.3188,1.3189,1.20,1.00
2009.09.14 07:02:35.545,1.3188,1.31895,1.90,5.90
2009.09.14 07:02:35.885,1.3188,1.31895,1.00,4.90
2009.09.14 07:02:36.235,1.3189,1.319,2.80,4.00
2009.09.14 07:02:36.585,1.3189,1.31905,2.30,1.20
2009.09.14 07:02:37.315,1.3189,1.319,2.20,1.00
2009.09.14 07:02:37.485,1.3189,1.319,1.10,1.70
2009.09.14 07:02:37.654,1.3189,1.319,1.50,3.30
2009.09.14 07:02:37.824,1.3189,1.319,1.50,1.70
2009.09.14 07:02:38.114,1.3189,1.319,1.50,3.30
2009.09.14 07:02:38.284,1.3189,1.319,1.50,1.70
2009.09.14 07:02:38.444,1.3189,1.31905,1.50,2.90
2009.09.14 07:02:38.844,1.3189,1.31905,1.50,4.50
2009.09.14 07:02:39.194,1.3189,1.319,1.10,1.00
2009.09.14 07:02:39.524,1.3189,1.319,1.10,1.70
2009.09.14 07:02:39.854,1.3189,1.319,1.10,1.30
2009.09.14 07:02:40.214,1.3189,1.319,1.10,1.70
2009.09.14 07:02:40.554,1.3188,1.319,2.90,3.30
2009.09.14 07:02:40.904,1.3188,1.319,2.80,1.70
2009.09.14 07:02:41.243,1.31875,1.31895,2.00,1.00
2009.09.14 07:02:41.984,1.31875,1.31895,10.00,1.00
2009.09.14 07:02:42.163,1.31875,1.31895,10.00,2.00
2009.09.14 07:02:42.343,1.31875,1.31895,10.00,2.80
2009.09.14 07:02:43.423,1.31875,1.3189,1.90,1.00
2009.09.14 07:02:44.253,1.31875,1.3189,2.00,1.00
2009.09.14 07:02:45.282,1.31875,1.3189,2.20,1.00
2009.09.14 07:02:45.513,1.31875,1.3189,1.00,1.00
2009.09.14 07:02:46.982,1.31875,1.3189,1.20,1.00
2009.09.14 07:02:47.152,1.31875,1.3189,1.20,1.70
2009.09.14 07:02:47.262,1.31875,1.3189,1.00,1.30
2009.09.14 07:02:47.442,1.31875,1.3189,1.20,2.90
2009.09.14 07:02:47.562,1.31875,1.3189,1.60,1.00
2009.09.14 07:02:47.682,1.31875,1.3189,1.60,1.00
2009.09.14 07:02:47.972,1.31875,1.31885,1.20,1.30
2009.09.14 07:02:48.272,1.31875,1.31885,1.00,1.60
2009.09.14 07:02:48.552,1.3187,1.31885,2.40,1.50
2009.09.14 07:02:48.832,1.3187,1.31885,1.60,3.10
2009.09.14 07:02:49.862,1.3187,1.31885,9.20,1.60
2009.09.14 07:02:50.141,1.3187,1.3189,1.80,3.30
2009.09.14 07:02:50.362,1.3187,1.3189,9.80,3.30
2009.09.14 07:02:50.651,1.3187,1.3189,9.80,2.90
2009.09.14 07:02:50.891,1.3188,1.3189,1.00,2.40
2009.09.14 07:02:51.241,1.3188,1.319,9.30,6.80
2009.09.14 07:02:51.571,1.3188,1.319,9.30,7.20
2009.09.14 07:02:51.951,1.3188,1.319,1.30,7.20
2009.09.14 07:02:52.461,1.31885,1.319,1.00,3.20
2009.09.14 07:02:52.621,1.3188,1.319,1.30,4.40
2009.09.14 07:02:52.791,1.3188,1.31895,1.20,1.00
2009.09.14 07:02:52.961,1.31875,1.31895,12.30,1.00
2009.09.14 07:02:53.301,1.3188,1.31895,1.00,2.80
2009.09.14 07:02:53.640,1.3188,1.31895,1.20,1.00
2009.09.14 07:02:53.991,1.31885,1.31895,1.00,1.00
2009.09.14 07:02:55.370,1.31885,1.31895,1.00,5.70
2009.09.14 07:02:56.340,1.31875,1.31885,2.40,1.60
2009.09.14 07:02:56.610,1.31875,1.31885,1.10,2.50
2009.09.14 07:03:00.319,1.3187,1.31885,10.20,2.50
2009.09.14 07:03:00.659,1.3188,1.3189,1.00,2.50
2009.09.14 07:03:01.009,1.31875,1.31885,1.00,1.70
2009.09.14 07:03:01.359,1.31875,1.31885,1.00,2.50
2009.09.14 07:03:01.958,1.3188,1.31885,1.00,1.60
2009.09.14 07:03:02.258,1.31885,1.31895,1.00,1.00
2009.09.14 07:03:02.598,1.3188,1.31895,1.70,1.00
2009.09.14 07:03:02.898,1.3188,1.319,1.90,11.60
2009.09.14 07:03:03.188,1.3188,1.31895,1.70,1.00
2009.09.14 07:03:04.538,1.3188,1.31895,1.20,4.10
2009.09.14 07:03:05.218,1.3188,1.31895,1.60,4.10
2009.09.14 07:03:05.718,1.3188,1.31895,2.50,3.30
2009.09.14 07:03:06.058,1.3188,1.31895,2.50,1.00
2009.09.14 07:03:06.408,1.3188,1.31895,1.70,1.00
2009.09.14 07:03:07.627,1.3188,1.31895,1.20,1.00
2009.09.14 07:03:07.967,1.3188,1.31895,2.00,4.10
2009.09.14 07:03:08.907,1.3188,1.31895,2.00,2.50
2009.09.14 07:03:09.237,1.3188,1.31895,1.20,2.50
2009.09.14 07:03:09.907,1.31885,1.31895,1.00,1.00
2009.09.14 07:03:10.196,1.31885,1.31895,1.40,1.00
2009.09.14 07:03:10.766,1.3189,1.319,1.00,2.50
2009.09.14 07:03:11.056,1.3189,1.31905,2.20,9.10
2009.09.14 07:03:11.916,1.31885,1.319,1.40,1.00
2009.09.14 07:03:12.036,1.31885,1.319,1.40,7.60
2009.09.14 07:03:13.656,1.3188,1.31895,3.00,4.70
2009.09.14 07:03:13.896,1.3188,1.3189,1.20,4.30
2009.09.14 07:03:14.076,1.31875,1.3188,2.30,1.00
2009.09.14 07:03:14.406,1.31875,1.3188,1.10,1.00
2009.09.14 07:03:14.756,1.31875,1.3189,2.10,9.70
2009.09.14 07:03:15.495,1.31875,1.3189,2.10,4.90
2009.09.14 07:03:15.845,1.31885,1.3189,1.00,1.60
2009.09.14 07:03:16.195,1.31885,1.31895,1.00,2.40
2009.09.14 07:03:16.545,1.31885,1.319,1.00,8.40
2009.09.14 07:03:17.225,1.31885,1.319,1.00,9.70
2009.09.14 07:03:17.395,1.31885,1.319,1.00,8.40
2009.09.14 07:03:17.575,1.3188,1.319,2.00,8.40
2009.09.14 07:03:19.604,1.3188,1.31895,2.00,1.50
2009.09.14 07:03:19.954,1.3188,1.31895,2.00,3.10
2009.09.14 07:03:20.624,1.3188,1.319,2.10,11.70
2009.09.14 07:03:20.974,1.3188,1.319,2.10,1.60
2009.09.14 07:03:21.324,1.31885,1.319,1.00,1.60
2009.09.14 07:03:21.704,1.3188,1.319,2.60,1.60
2009.09.14 07:03:22.054,1.3188,1.319,2.80,1.20
2009.09.14 07:03:23.164,1.3188,1.319,2.80,3.70
2009.09.14 07:03:23.403,1.3188,1.319,1.50,7.70
2009.09.14 07:03:23.734,1.3188,1.31895,1.10,8.00
2009.09.14 07:03:24.133,1.3188,1.3189,1.50,1.00
2009.09.14 07:03:25.023,1.3188,1.31885,1.50,1.00
2009.09.14 07:03:25.373,1.31875,1.3188,1.00,1.00
2009.09.14 07:03:25.673,1.31875,1.31885,1.00,2.50
2009.09.14 07:03:25.963,1.31875,1.3188,1.00,1.00
2009.09.14 07:03:26.533,1.3187,1.31875,1.80,1.00
2009.09.14 07:03:26.932,1.31875,1.3188,1.00,1.00
2009.09.14 07:03:28.952,1.31875,1.31885,1.90,2.50
2009.09.14 07:03:29.132,1.31875,1.31885,1.50,2.50
2009.09.14 07:03:29.422,1.31875,1.3188,1.50,1.00
2009.09.14 07:03:29.663,1.31875,1.3188,1.50,1.00
2009.09.14 07:03:30.002,1.31875,1.3188,1.10,2.50
2009.09.14 07:03:30.352,1.31875,1.3188,1.50,1.60
2009.09.14 07:03:30.691,1.31875,1.31885,1.50,2.50
2009.09.14 07:03:31.412,1.31875,1.3188,1.10,1.00
2009.09.14 07:03:31.761,1.31875,1.3188,1.10,1.00
2009.09.14 07:03:35.110,1.31875,1.3189,1.00,8.10
2009.09.14 07:03:35.790,1.31875,1.3189,1.00,9.70
2009.09.14 07:03:44.968,1.31875,1.3189,1.00,3.30
2009.09.14 07:03:47.478,1.31875,1.3189,1.00,2.50
2009.09.14 07:03:50.137,1.31875,1.3189,1.00,1.60
2009.09.14 07:03:50.417,1.31875,1.31895,1.00,8.10
2009.09.14 07:03:51.127,1.31875,1.31895,1.00,16.50
2009.09.14 07:03:52.056,1.31875,1.31895,1.00,16.10
2009.09.14 07:03:52.296,1.3187,1.3188,4.10,1.00
2009.09.14 07:03:52.586,1.3187,1.31885,1.60,8.90
2009.09.14 07:03:52.856,1.3187,1.31885,1.60,2.40
2009.09.14 07:03:53.686,1.3187,1.31885,1.60,3.20
2009.09.14 07:03:53.856,1.31865,1.3188,2.70,3.10
2009.09.14 07:03:54.036,1.31865,1.3188,3.50,2.50
2009.09.14 07:03:54.376,1.31865,1.31875,3.50,1.00
2009.09.14 07:03:54.556,1.31865,1.31875,2.70,4.10
2009.09.14 07:03:54.716,1.31855,1.31865,1.00,1.00
2009.09.14 07:03:55.066,1.3185,1.31865,4.10,1.00
2009.09.14 07:03:55.456,1.31845,1.31865,2.50,2.50
2009.09.14 07:03:55.785,1.31845,1.31865,1.70,1.00
2009.09.14 07:03:56.126,1.31845,1.31855,1.00,8.00
2009.09.14 07:03:56.846,1.3184,1.3185,1.00,9.20
2009.09.14 07:03:57.085,1.3184,1.31855,1.00,2.90
2009.09.14 07:03:57.476,1.3184,1.31855,1.00,10.90
2009.09.14 07:03:57.875,1.31835,1.3185,5.20,8.00
2009.09.14 07:03:58.115,1.3184,1.3185,1.00,8.00
2009.09.14 07:03:58.345,1.3184,1.3185,1.20,10.40
2009.09.14 07:03:59.165,1.3184,1.3185,3.60,4.00
2009.09.14 07:03:59.515,1.3184,1.3185,1.40,8.00
2009.09.14 07:03:59.845,1.3184,1.31855,1.00,10.90
2009.09.14 07:04:00.524,1.3183,1.3185,3.70,2.10
2009.09.14 07:04:00.875,1.3183,1.3185,3.70,10.90
2009.09.14 07:04:01.284,1.3183,1.3184,3.70,4.00
2009.09.14 07:04:01.574,1.3183,1.31845,4.10,4.00
2009.09.14 07:04:01.854,1.3183,1.31845,4.10,8.00
2009.09.14 07:04:02.254,1.3183,1.31845,1.00,8.10
2009.09.14 07:04:02.424,1.31825,1.3184,1.00,1.60
2009.09.14 07:04:02.594,1.31825,1.31845,1.00,9.60
2009.09.14 07:04:02.934,1.31825,1.31845,1.00,8.00
2009.09.14 07:04:03.044,1.31825,1.31845,1.00,2.40
2009.09.14 07:04:04.533,1.31825,1.31845,1.00,1.60
2009.09.14 07:04:05.503,1.31825,1.3184,1.00,1.00
2009.09.14 07:04:06.323,1.31825,1.31835,1.00,1.60
2009.09.14 07:04:06.663,1.31825,1.31835,1.00,1.60
2009.09.14 07:04:07.403,1.31825,1.31835,1.00,1.60
2009.09.14 07:04:07.513,1.31825,1.31845,1.70,2.40
2009.09.14 07:04:08.472,1.31825,1.31845,2.10,2.40
2009.09.14 07:04:08.863,1.3183,1.3185,1.20,1.00
2009.09.14 07:04:09.212,1.3183,1.31855,1.10,15.70
2009.09.14 07:04:09.562,1.3183,1.3185,1.30,10.00
2009.09.14 07:04:09.902,1.3183,1.3185,1.30,2.00
2009.09.14 07:04:10.592,1.3183,1.31845,1.00,4.50
2009.09.14 07:04:10.942,1.3183,1.31845,1.00,2.10
2009.09.14 07:04:12.032,1.3183,1.31845,8.40,10.00
2009.09.14 07:04:12.382,1.3183,1.31845,9.60,2.00
2009.09.14 07:04:13.251,1.31835,1.31845,1.00,2.00
2009.09.14 07:04:13.422,1.31835,1.31855,1.50,10.00
2009.09.14 07:04:13.592,1.31835,1.31855,2.30,1.60
2009.09.14 07:04:13.701,1.31835,1.31855,1.90,1.60
2009.09.14 07:04:14.111,1.31835,1.3186,1.90,2.10
2009.09.14 07:04:14.461,1.31835,1.3186,1.90,2.50
2009.09.14 07:04:14.821,1.31835,1.31855,3.20,1.00
2009.09.14 07:04:15.171,1.31835,1.31845,1.80,1.60
2009.09.14 07:04:15.861,1.31835,1.31855,1.80,2.40
2009.09.14 07:04:16.161,1.31835,1.31855,1.60,2.40
2009.09.14 07:04:16.550,1.31835,1.31855,2.10,2.40
2009.09.14 07:04:17.230,1.31835,1.31855,2.40,2.40
2009.09.14 07:04:18.420,1.31835,1.31855,1.80,2.40
2009.09.14 07:04:20.960,1.31835,1.3185,1.00,1.50
2009.09.14 07:04:21.189,1.31835,1.3185,1.00,3.10
2009.09.14 07:04:22.149,1.31845,1.3185,1.00,2.90
2009.09.14 07:04:22.359,1.31845,1.3185,1.00,1.60
2009.09.14 07:04:22.589,1.31845,1.31855,1.00,8.00
2009.09.14 07:04:22.809,1.31845,1.31865,1.00,11.30
2009.09.14 07:04:22.989,1.31845,1.31865,1.00,7.30
2009.09.14 07:04:23.619,1.3185,1.31865,1.20,2.10
2009.09.14 07:04:23.899,1.3185,1.31865,1.20,3.30
2009.09.14 07:04:24.189,1.31855,1.31865,1.00,5.60
2009.09.14 07:04:24.519,1.31855,1.3187,1.00,1.00
2009.09.14 07:04:24.899,1.31855,1.3187,1.20,1.00
2009.09.14 07:04:25.598,1.31855,1.3187,2.00,1.00
2009.09.14 07:04:27.208,1.31855,1.3187,2.00,1.00
2009.09.14 07:04:28.588,1.31855,1.3187,2.00,1.00
2009.09.14 07:04:28.947,1.31855,1.3187,2.00,6.40
2009.09.14 07:04:29.237,1.31855,1.3187,2.00,2.50
2009.09.14 07:04:29.568,1.31855,1.3187,2.00,1.00
2009.09.14 07:04:30.937,1.31855,1.3187,2.00,1.00
2009.09.14 07:04:31.287,1.31865,1.31875,1.00,2.40
2009.09.14 07:04:31.637,1.31865,1.3188,1.00,19.20
2009.09.14 07:04:31.867,1.31865,1.3188,1.00,1.00
2009.09.14 07:04:32.097,1.3187,1.3188,1.00,1.00
2009.09.14 07:04:32.327,1.3187,1.31885,1.00,8.10
2009.09.14 07:04:32.557,1.3187,1.31885,1.00,3.30
2009.09.14 07:04:32.767,1.3187,1.31885,1.10,1.00
2009.09.14 07:04:33.057,1.3187,1.31885,1.30,1.00
2009.09.14 07:04:33.406,1.31875,1.31895,1.00,7.60
2009.09.14 07:04:34.166,1.31875,1.31895,1.00,4.40
2009.09.14 07:04:34.396,1.3188,1.31895,1.00,1.00
2009.09.14 07:04:34.856,1.3188,1.31895,1.20,1.00
2009.09.14 07:04:35.666,1.31885,1.31895,1.00,1.00
2009.09.14 07:04:36.406,1.31875,1.31895,1.00,1.00
2009.09.14 07:04:36.696,1.31875,1.3189,1.00,1.00
2009.09.14 07:04:36.976,1.3187,1.3189,1.00,4.40
2009.09.14 07:04:37.246,1.31875,1.3189,1.00,2.80
2009.09.14 07:04:37.536,1.31875,1.31895,1.00,6.40
2009.09.14 07:04:37.826,1.31875,1.3189,1.00,1.00
2009.09.14 07:04:38.156,1.3187,1.3189,1.00,4.10
2009.09.14 07:04:38.485,1.3187,1.3189,1.00,8.10
2009.09.14 07:04:39.525,1.3187,1.3189,1.00,8.10
2009.09.14 07:04:39.865,1.3187,1.3189,1.00,8.10
2009.09.14 07:04:41.065,1.3187,1.3189,1.00,8.30
2009.09.14 07:04:41.354,1.3187,1.31885,1.00,1.00
2009.09.14 07:04:41.695,1.3187,1.3189,1.00,16.70
2009.09.14 07:04:41.984,1.3187,1.3189,1.00,8.70
2009.09.14 07:04:43.694,1.31865,1.31885,1.50,8.10
2009.09.14 07:04:44.044,1.31865,1.31885,1.00,10.50
2009.09.14 07:04:49.543,1.31865,1.31885,1.30,11.50
2009.09.14 07:04:50.702,1.31865,1.3188,1.00,2.90
2009.09.14 07:04:51.053,1.3186,1.31875,1.00,3.90
2009.09.14 07:04:51.402,1.3186,1.3188,1.00,4.90
2009.09.14 07:04:51.762,1.3186,1.31875,1.00,2.40
2009.09.14 07:04:52.452,1.3186,1.3187,1.00,1.00
2009.09.14 07:04:52.662,1.3186,1.3187,1.00,1.60
2009.09.14 07:04:53.242,1.3186,1.3188,1.00,12.90
2009.09.14 07:04:53.462,1.31855,1.31875,1.00,1.00
2009.09.14 07:04:53.702,1.31855,1.31875,1.00,2.40
2009.09.14 07:04:54.001,1.31855,1.3187,1.10,1.00
2009.09.14 07:04:54.402,1.31855,1.3187,1.10,2.40
2009.09.14 07:04:54.752,1.31855,1.3187,1.20,1.60
2009.09.14 07:04:55.051,1.31855,1.31875,1.20,5.90
2009.09.14 07:04:55.411,1.31855,1.31875,1.10,5.90
2009.09.14 07:04:56.391,1.3186,1.31875,1.00,5.90
2009.09.14 07:04:58.990,1.3186,1.31875,1.00,4.80
2009.09.14 07:04:59.160,1.3186,1.31875,5.30,4.30
2009.09.14 07:04:59.490,1.31865,1.31875,1.00,5.90
2009.09.14 07:04:59.840,1.3187,1.31875,1.00,5.90
2009.09.14 07:05:00.230,1.3187,1.31875,1.00,5.70
2009.09.14 07:05:00.530,1.3187,1.31875,1.00,1.60
2009.09.14 07:05:00.820,1.3187,1.31885,1.50,1.60
2009.09.14 07:05:01.120,1.3187,1.31885,1.00,2.70
2009.09.14 07:05:01.400,1.3187,1.31885,1.00,2.70
2009.09.14 07:05:01.750,1.3187,1.31885,1.00,2.70
2009.09.14 07:05:02.090,1.3187,1.31885,1.00,2.70
2009.09.14 07:05:02.439,1.3187,1.31885,1.00,5.10
2009.09.14 07:05:05.109,1.31875,1.31885,1.00,2.40
2009.09.14 07:05:05.459,1.31875,1.3189,1.00,4.90
2009.09.14 07:05:06.779,1.31875,1.3189,1.00,1.60
2009.09.14 07:05:07.168,1.31875,1.31895,1.00,8.40
2009.09.14 07:05:07.399,1.31875,1.3189,1.00,3.10
2009.09.14 07:05:07.628,1.31875,1.3189,1.00,4.70
2009.09.14 07:05:07.908,1.3189,1.319,1.00,2.40
2009.09.14 07:05:08.188,1.31895,1.31905,1.00,35.20
2009.09.14 07:05:08.368,1.3189,1.31905,1.00,34.40
2009.09.14 07:05:08.538,1.3189,1.31905,1.70,34.40
2009.09.14 07:05:08.768,1.31895,1.31905,1.00,35.20
2009.09.14 07:05:08.938,1.31895,1.31905,1.60,35.30
2009.09.14 07:05:09.158,1.319,1.31905,1.60,35.30
2009.09.14 07:05:09.318,1.3189,1.319,1.00,8.00
2009.09.14 07:05:09.668,1.31895,1.319,1.60,8.00
2009.09.14 07:05:10.008,1.3189,1.31905,1.00,36.90
2009.09.14 07:05:10.348,1.3189,1.31905,1.00,35.20
2009.09.14 07:05:11.207,1.3189,1.31905,1.00,35.20
2009.09.14 07:05:11.557,1.3189,1.31905,1.00,35.20
2009.09.14 07:05:12.537,1.319,1.31905,1.00,35.20
2009.09.14 07:05:12.587,1.3189,1.319,1.00,8.00
2009.09.14 07:05:12.698,1.3189,1.319,1.40,8.00
2009.09.14 07:05:12.808,1.31895,1.319,1.00,8.00
2009.09.14 07:05:12.867,1.31895,1.319,1.00,4.00
2009.09.14 07:05:12.977,1.31895,1.31905,1.00,36.10
2009.09.14 07:05:13.097,1.3189,1.31905,1.40,28.30
2009.09.14 07:05:13.277,1.31895,1.31905,1.00,28.10
2009.09.14 07:05:13.447,1.3189,1.31905,1.00,28.30
2009.09.14 07:05:13.857,1.3189,1.31905,1.00,29.10
2009.09.14 07:05:14.197,1.319,1.31905,1.00,27.20
2009.09.14 07:05:14.547,1.3189,1.31905,2.10,26.40
2009.09.14 07:05:14.907,1.31895,1.31905,1.00,26.40
2009.09.14 07:05:15.187,1.319,1.31905,1.00,26.40
2009.09.14 07:05:15.477,1.3191,1.31915,1.00,40.80
2009.09.14 07:05:15.756,1.3191,1.3192,1.00,1.60
2009.09.14 07:05:16.096,1.31915,1.3193,1.00,4.80
2009.09.14 07:05:16.436,1.31905,1.31925,2.80,3.20
2009.09.14 07:05:16.796,1.31905,1.31925,4.00,3.20
2009.09.14 07:05:17.556,1.3191,1.31925,1.00,3.20
2009.09.14 07:05:17.916,1.3191,1.3192,1.00,1.00
2009.09.14 07:05:18.086,1.31915,1.3192,1.00,1.60
2009.09.14 07:05:18.146,1.31915,1.3192,1.00,2.00
2009.09.14 07:05:18.256,1.31915,1.3192,1.00,1.90
2009.09.14 07:05:18.306,1.31915,1.3192,1.00,2.40
2009.09.14 07:05:18.426,1.31915,1.3192,1.00,2.50
2009.09.14 07:05:19.505,1.3191,1.31925,1.00,3.20
2009.09.14 07:05:20.025,1.3191,1.3192,1.00,1.00
2009.09.14 07:05:20.315,1.3191,1.31915,1.00,3.90
2009.09.14 07:05:20.645,1.3191,1.31915,1.00,6.80
2009.09.14 07:05:21.005,1.31905,1.31915,1.00,6.80
2009.09.14 07:05:21.855,1.31905,1.31915,1.70,1.60
2009.09.14 07:05:22.125,1.31905,1.31915,1.00,1.50
2009.09.14 07:05:22.355,1.31905,1.31915,1.50,2.30
2009.09.14 07:05:22.645,1.31905,1.3192,1.50,4.30
2009.09.14 07:05:23.494,1.31905,1.3192,1.50,4.50
2009.09.14 07:05:24.554,1.31905,1.3191,1.50,2.50
2009.09.14 07:05:24.844,1.3189,1.31905,1.00,4.10
2009.09.14 07:05:25.134,1.3189,1.31905,1.00,4.90
2009.09.14 07:05:25.424,1.3189,1.31905,1.00,5.10
2009.09.14 07:05:25.724,1.31885,1.319,1.90,1.70
2009.09.14 07:05:26.064,1.31885,1.319,1.60,1.70
2009.09.14 07:05:26.944,1.3189,1.31905,9.00,12.90
2009.09.14 07:05:27.234,1.31885,1.319,1.30,8.00
2009.09.14 07:05:27.464,1.3189,1.319,1.00,1.00
2009.09.14 07:05:27.754,1.31885,1.31895,1.00,3.10
2009.09.14 07:05:27.984,1.31875,1.3189,1.20,1.00
2009.09.14 07:05:28.383,1.31875,1.31895,3.60,1.20
2009.09.14 07:05:29.423,1.3188,1.31895,1.00,1.70
2009.09.14 07:05:29.773,1.31875,1.31895,7.70,5.70
2009.09.14 07:05:30.123,1.31875,1.31895,5.20,5.70
2009.09.14 07:05:30.473,1.3188,1.31895,5.20,5.70
2009.09.14 07:05:30.813,1.3188,1.31895,6.80,1.00
2009.09.14 07:05:31.203,1.3188,1.31895,2.40,2.50
2009.09.14 07:05:31.553,1.31885,1.31895,1.00,1.60
2009.09.14 07:05:32.502,1.31885,1.31905,2.40,1.00
2009.09.14 07:05:32.792,1.319,1.3191,1.00,2.30
2009.09.14 07:05:33.132,1.31895,1.31915,1.20,2.70
2009.09.14 07:05:33.432,1.3189,1.31915,13.30,2.70
2009.09.14 07:05:33.732,1.3189,1.31915,15.60,2.70
2009.09.14 07:05:34.082,1.3189,1.3191,9.30,1.00
2009.09.14 07:05:34.822,1.3189,1.3191,9.20,1.00
2009.09.14 07:05:35.162,1.3189,1.3191,9.30,1.00
2009.09.14 07:05:35.522,1.3189,1.3191,7.70,1.00
2009.09.14 07:05:36.201,1.3189,1.3191,2.50,3.40
2009.09.14 07:05:36.541,1.3189,1.31905,1.60,1.00
2009.09.14 07:05:36.932,1.3188,1.31895,4.90,1.00
2009.09.14 07:05:37.101,1.31875,1.31895,6.90,2.80
2009.09.14 07:05:37.321,1.31875,1.31895,8.90,2.70
2009.09.14 07:05:37.491,1.31875,1.31895,16.90,2.70
2009.09.14 07:05:38.571,1.31875,1.31895,15.30,3.60
2009.09.14 07:05:38.921,1.3188,1.31895,11.10,1.00
2009.09.14 07:05:39.261,1.31875,1.31895,13.70,3.50
2009.09.14 07:05:39.601,1.3188,1.31895,8.40,2.70
2009.09.14 07:05:39.941,1.31885,1.31905,3.20,3.30
2009.09.14 07:05:42.320,1.3189,1.31905,1.00,2.50
2009.09.14 07:05:42.380,1.3189,1.31905,1.00,2.50
2009.09.14 07:05:42.490,1.3189,1.31905,1.00,1.70
2009.09.14 07:05:42.550,1.3189,1.31905,2.50,1.00
2009.09.14 07:05:42.610,1.3189,1.3191,2.50,6.00
2009.09.14 07:05:42.780,1.3189,1.3191,2.40,3.60
2009.09.14 07:05:42.890,1.3189,1.3191,2.50,3.60
2009.09.14 07:05:43.290,1.31895,1.3191,1.00,1.20
2009.09.14 07:05:43.520,1.31895,1.3191,1.00,1.60
2009.09.14 07:05:43.800,1.31895,1.31915,4.80,1.00
2009.09.14 07:05:44.029,1.319,1.31915,1.00,1.00
2009.09.14 07:05:44.379,1.31895,1.31915,1.00,2.40
2009.09.14 07:05:45.219,1.31895,1.319,1.00,1.00
2009.09.14 07:05:45.440,1.3189,1.3191,2.50,1.00
2009.09.14 07:05:45.659,1.3189,1.3191,1.00,4.50
2009.09.14 07:05:46.339,1.3189,1.31905,1.00,1.00
2009.09.14 07:05:46.689,1.3189,1.31905,1.00,1.70
2009.09.14 07:05:47.729,1.319,1.31905,1.00,1.60
2009.09.14 07:05:48.069,1.319,1.3192,1.00,10.50
2009.09.14 07:05:48.989,1.319,1.31915,1.00,1.00
2009.09.14 07:05:49.219,1.319,1.31915,1.00,1.00
2009.09.14 07:05:49.388,1.31895,1.319,1.00,3.60
2009.09.14 07:05:49.779,1.3189,1.31895,4.80,1.00
2009.09.14 07:05:50.129,1.31895,1.3192,1.00,2.40
2009.09.14 07:05:50.478,1.31895,1.3192,1.00,4.80
2009.09.14 07:05:50.818,1.319,1.3192,2.80,2.40
2009.09.14 07:05:51.578,1.31905,1.3192,1.00,9.20
2009.09.14 07:05:51.858,1.31895,1.31915,1.00,2.50
2009.09.14 07:05:52.158,1.319,1.31915,6.40,2.40
2009.09.14 07:05:53.887,1.319,1.31915,7.20,2.40
2009.09.14 07:05:54.277,1.31905,1.31925,1.00,1.00
2009.09.14 07:05:55.607,1.31905,1.3193,1.00,6.40
2009.09.14 07:05:56.297,1.31905,1.31925,1.00,1.00
2009.09.14 07:05:57.667,1.31905,1.31925,1.60,1.00
2009.09.14 07:05:58.016,1.31905,1.3193,1.30,6.40
2009.09.14 07:05:58.196,1.31905,1.3193,2.50,7.20
2009.09.14 07:05:58.886,1.31905,1.3193,2.50,8.00
2009.09.14 07:05:59.126,1.31915,1.31935,2.50,6.00
2009.09.14 07:05:59.416,1.31915,1.31935,2.40,6.10
2009.09.14 07:05:59.766,1.31915,1.31935,2.50,6.00
2009.09.14 07:06:00.676,1.31915,1.3193,2.40,1.00
2009.09.14 07:06:00.956,1.31915,1.3193,1.60,8.80
2009.09.14 07:06:01.296,1.3191,1.31925,1.00,1.60
2009.09.14 07:06:01.626,1.31915,1.3193,1.00,1.60
2009.09.14 07:06:01.956,1.31915,1.31935,2.50,6.40
2009.09.14 07:06:02.305,1.31915,1.31935,2.50,1.00
2009.09.14 07:06:02.586,1.3193,1.31935,6.00,1.00
2009.09.14 07:06:02.755,1.31925,1.31935,8.00,1.00
2009.09.14 07:06:02.865,1.31925,1.31935,1.60,1.00
2009.09.14 07:06:03.135,1.31915,1.31935,2.50,1.00
2009.09.14 07:06:03.615,1.3192,1.3194,1.00,8.10
2009.09.14 07:06:04.315,1.31915,1.3193,2.10,1.00
2009.09.14 07:06:04.665,1.31915,1.3193,1.00,1.00
2009.09.14 07:06:05.414,1.3191,1.31925,2.50,1.00
2009.09.14 07:06:06.105,1.3191,1.31925,1.00,4.80
2009.09.14 07:06:06.454,1.31905,1.3192,1.00,1.60
2009.09.14 07:06:06.724,1.31905,1.31925,1.00,10.50
2009.09.14 07:06:08.624,1.31915,1.31925,1.00,3.20
2009.09.14 07:06:08.904,1.31915,1.3193,1.00,3.30
2009.09.14 07:06:09.194,1.31915,1.3193,1.00,1.00
2009.09.14 07:06:11.283,1.3191,1.3193,2.40,1.00
2009.09.14 07:06:11.523,1.31905,1.3193,3.30,2.50
2009.09.14 07:06:16.782,1.31905,1.31925,1.70,7.30
2009.09.14 07:06:17.242,1.31905,1.3192,1.00,2.90
2009.09.14 07:06:17.472,1.31905,1.3192,1.20,4.10
2009.09.14 07:06:17.632,1.31905,1.3192,1.00,1.00
2009.09.14 07:06:17.742,1.31905,1.3192,1.20,1.00
2009.09.14 07:06:17.852,1.31905,1.31925,1.30,11.30
2009.09.14 07:06:18.012,1.31905,1.31925,1.30,7.30
2009.09.14 07:06:18.471,1.31905,1.31925,1.30,4.90
2009.09.14 07:06:18.922,1.31915,1.31925,1.00,4.80
2009.09.14 07:06:19.271,1.31915,1.3193,1.00,3.20
2009.09.14 07:06:19.611,1.31915,1.3193,1.00,1.00
2009.09.14 07:06:19.961,1.31915,1.3193,1.00,1.00
2009.09.14 07:06:20.311,1.3191,1.3193,1.00,2.50
2009.09.14 07:06:21.341,1.3191,1.31925,1.00,1.00
2009.09.14 07:06:21.691,1.3191,1.31925,2.50,2.00
2009.09.14 07:06:22.651,1.31905,1.31925,1.70,4.50
2009.09.14 07:06:22.770,1.31905,1.3192,1.00,1.00
2009.09.14 07:06:22.830,1.31905,1.31925,1.70,6.50
2009.09.14 07:06:23.300,1.31905,1.31925,1.70,4.90
2009.09.14 07:06:27.319,1.31905,1.3192,1.00,4.10
2009.09.14 07:06:27.370,1.31905,1.3192,1.00,7.30
2009.09.14 07:06:27.489,1.31905,1.31915,1.00,1.00
2009.09.14 07:06:27.879,1.31905,1.3192,1.00,7.30
2009.09.14 07:06:28.119,1.31905,1.3192,1.00,4.90
2009.09.14 07:06:28.449,1.31905,1.31915,1.60,1.00
2009.09.14 07:06:28.839,1.319,1.31915,1.60,1.00
2009.09.14 07:06:29.809,1.3191,1.31915,1.00,2.30
2009.09.14 07:06:30.149,1.31905,1.3192,1.20,2.50
2009.09.14 07:06:30.488,1.3191,1.3192,1.60,1.00
2009.09.14 07:06:30.878,1.31905,1.3192,3.30,2.00
2009.09.14 07:06:31.209,1.31905,1.31915,1.60,2.40
2009.09.14 07:06:31.558,1.31905,1.3192,1.60,2.50
2009.09.14 07:06:32.778,1.31905,1.31915,1.60,1.00
2009.09.14 07:06:32.938,1.31905,1.31915,1.00,1.00
2009.09.14 07:06:33.278,1.319,1.31915,8.00,1.00
2009.09.14 07:06:33.518,1.319,1.31915,7.60,1.00
2009.09.14 07:06:33.808,1.319,1.31915,6.80,1.00
2009.09.14 07:06:34.627,1.31905,1.3192,1.00,1.00
2009.09.14 07:06:34.967,1.31905,1.3192,1.00,2.50
2009.09.14 07:06:37.007,1.319,1.31915,6.80,1.00
2009.09.14 07:06:37.297,1.319,1.31915,9.20,1.00
2009.09.14 07:06:37.647,1.31905,1.3192,1.00,1.70
2009.09.14 07:06:37.927,1.31905,1.31925,1.00,4.90
2009.09.14 07:06:38.547,1.31905,1.31925,6.50,4.90
2009.09.14 07:06:40.266,1.3191,1.31925,8.40,1.60
2009.09.14 07:06:40.606,1.31915,1.3193,1.00,2.50
2009.09.14 07:06:42.016,1.3191,1.31925,6.40,1.00
2009.09.14 07:06:42.366,1.3192,1.31925,1.00,2.40
2009.09.14 07:06:42.586,1.31915,1.31925,1.10,1.60
2009.09.14 07:06:42.756,1.31915,1.3193,1.00,2.50
2009.09.14 07:06:43.506,1.3191,1.3193,1.20,4.10
2009.09.14 07:06:45.535,1.3191,1.3193,6.40,4.10
2009.09.14 07:06:45.935,1.31915,1.3193,1.00,2.50
2009.09.14 07:06:54.393,1.3191,1.3192,1.00,1.00
2009.09.14 07:06:54.623,1.3191,1.3192,6.00,2.40
2009.09.14 07:06:55.503,1.3191,1.31925,9.20,1.00
2009.09.14 07:06:55.843,1.3191,1.3193,9.20,2.60
2009.09.14 07:06:57.112,1.3191,1.31925,1.60,2.50
2009.09.14 07:06:57.352,1.3191,1.31925,1.60,2.60
2009.09.14 07:06:57.632,1.3191,1.31925,6.80,2.60
2009.09.14 07:06:58.272,1.3191,1.31925,1.00,3.40
2009.09.14 07:06:58.382,1.31905,1.31925,7.60,3.80
2009.09.14 07:06:58.542,1.31905,1.3192,4.80,1.00
2009.09.14 07:06:58.942,1.31905,1.3192,2.40,1.00
2009.09.14 07:06:59.272,1.31905,1.3192,2.40,1.80
2009.09.14 07:06:59.612,1.31905,1.3192,2.40,1.00
2009.09.14 07:06:59.961,1.31905,1.3192,2.40,1.00
2009.09.14 07:07:00.351,1.31905,1.3192,1.60,3.80
2009.09.14 07:07:00.682,1.31905,1.3192,1.00,2.60
2009.09.14 07:07:01.031,1.31905,1.31915,1.00,1.00
2009.09.14 07:07:01.371,1.31895,1.31915,2.80,8.80
2009.09.14 07:07:01.721,1.31905,1.31915,1.00,9.60
2009.09.14 07:07:02.661,1.31895,1.31915,2.80,7.60
2009.09.14 07:07:02.821,1.31895,1.31915,2.80,9.20
2009.09.14 07:07:03.061,1.31895,1.3191,2.00,1.00
2009.09.14 07:07:03.171,1.31895,1.3191,2.00,1.20
2009.09.14 07:07:03.291,1.31895,1.3191,1.20,1.20
2009.09.14 07:07:03.470,1.31895,1.3191,1.10,1.20
2009.09.14 07:07:04.040,1.319,1.31915,1.00,4.00
2009.09.14 07:07:04.390,1.31895,1.3191,2.50,1.60
2009.09.14 07:07:04.781,1.31895,1.3191,2.40,1.60
2009.09.14 07:07:05.130,1.31895,1.3191,1.70,1.60
2009.09.14 07:07:05.480,1.31895,1.3191,1.00,1.60
2009.09.14 07:07:05.840,1.31895,1.31915,2.00,3.20
2009.09.14 07:07:06.190,1.31895,1.3192,2.90,5.80
2009.09.14 07:07:06.530,1.31905,1.3192,1.00,4.90
2009.09.14 07:07:06.860,1.31905,1.3192,1.00,1.00
2009.09.14 07:07:07.190,1.31895,1.31915,2.00,1.00
2009.09.14 07:07:07.530,1.31895,1.31915,1.30,1.70
2009.09.14 07:07:08.180,1.31895,1.31915,2.90,1.00
2009.09.14 07:07:08.530,1.31895,1.31915,2.80,1.00
2009.09.14 07:07:08.880,1.31895,1.31915,1.00,2.50
2009.09.14 07:07:09.169,1.31895,1.31915,2.00,1.00
2009.09.14 07:07:09.519,1.31895,1.31915,2.00,1.00
2009.09.14 07:07:09.869,1.31895,1.31915,1.00,2.50
2009.09.14 07:07:10.539,1.3189,1.31905,8.00,2.40
2009.09.14 07:07:11.619,1.31895,1.3191,1.00,11.10
2009.09.14 07:07:12.049,1.31895,1.3191,1.00,3.10
2009.09.14 07:07:12.978,1.31895,1.3191,1.00,1.60
2009.09.14 07:07:13.218,1.31905,1.31915,1.00,1.00
2009.09.14 07:07:13.458,1.31905,1.31915,1.00,1.00
2009.09.14 07:07:13.738,1.319,1.31915,1.60,1.00
2009.09.14 07:07:14.068,1.31895,1.31915,2.80,1.00
2009.09.14 07:07:14.448,1.319,1.31915,1.00,1.00
2009.09.14 07:07:16.049,1.319,1.31915,1.00,5.70
2009.09.14 07:07:16.338,1.3189,1.3191,3.30,11.20
2009.09.14 07:07:16.568,1.3189,1.3191,2.90,3.20
2009.09.14 07:07:16.798,1.31885,1.319,2.70,1.20
2009.09.14 07:07:17.017,1.3189,1.319,1.60,2.00
2009.09.14 07:07:17.307,1.31885,1.319,2.00,2.00
2009.09.14 07:07:17.638,1.3189,1.319,5.20,1.20
2009.09.14 07:07:17.977,1.3189,1.3191,2.00,3.70
2009.09.14 07:07:18.387,1.31895,1.3191,3.20,1.00
2009.09.14 07:07:19.397,1.3189,1.3191,2.90,3.20
2009.09.14 07:07:19.787,1.3189,1.3191,1.00,8.00
2009.09.14 07:07:20.776,1.3189,1.3191,8.10,3.40
2009.09.14 07:07:21.186,1.319,1.3191,1.00,1.70
2009.09.14 07:07:21.526,1.319,1.3192,1.00,4.60
2009.09.14 07:07:22.616,1.319,1.3191,1.00,2.40
2009.09.14 07:07:22.797,1.3189,1.3191,2.50,1.00
2009.09.14 07:07:22.966,1.3189,1.3191,2.50,1.00
2009.09.14 07:07:23.306,1.31895,1.3191,1.00,1.00
2009.09.14 07:07:24.236,1.31895,1.3191,1.00,1.00
2009.09.14 07:07:24.576,1.31895,1.3191,1.00,2.50
2009.09.14 07:07:25.215,1.31895,1.3191,1.00,2.50
2009.09.14 07:07:26.295,1.31895,1.3191,1.00,1.00
2009.09.14 07:07:33.813,1.319,1.3191,1.00,2.00
2009.09.14 07:07:34.053,1.31905,1.3191,1.00,1.20
2009.09.14 07:07:34.164,1.31905,1.3191,1.00,1.60
2009.09.14 07:07:34.343,1.319,1.3191,1.00,2.00
2009.09.14 07:07:34.453,1.319,1.3191,1.00,1.00
2009.09.14 07:07:34.733,1.31905,1.31915,1.00,2.50
2009.09.14 07:07:35.603,1.319,1.3191,1.00,1.00
2009.09.14 07:07:35.943,1.31905,1.3191,1.00,1.00
2009.09.14 07:07:36.173,1.31905,1.31915,1.00,1.00
2009.09.14 07:07:36.743,1.3192,1.31925,1.00,9.60
2009.09.14 07:07:37.022,1.31925,1.3193,1.00,1.00
2009.09.14 07:07:37.372,1.31925,1.31945,1.00,1.40
2009.09.14 07:07:37.672,1.3192,1.31945,4.90,1.40
2009.09.14 07:07:38.062,1.3192,1.3194,1.00,2.40
2009.09.14 07:07:38.232,1.3192,1.3194,1.00,3.40
2009.09.14 07:07:39.332,1.3192,1.3194,1.00,5.00
2009.09.14 07:07:39.682,1.3192,1.3194,1.00,5.80
2009.09.14 07:07:40.022,1.31905,1.31925,2.50,4.90
2009.09.14 07:07:40.322,1.31905,1.31925,1.00,5.00
2009.09.14 07:07:40.912,1.31905,1.3192,1.00,2.40
2009.09.14 07:07:41.261,1.31905,1.31925,1.00,9.00
2009.09.14 07:07:41.601,1.31905,1.31925,1.00,5.00
2009.09.14 07:07:42.331,1.31905,1.31925,2.50,3.30
2009.09.14 07:07:42.441,1.31905,1.31925,2.50,3.40
2009.09.14 07:07:42.671,1.31905,1.31925,1.00,5.00
2009.09.14 07:07:42.731,1.31905,1.31925,1.00,4.90
2009.09.14 07:07:42.851,1.31905,1.31925,1.00,5.70
2009.09.14 07:07:42.961,1.31905,1.3192,1.00,1.60
2009.09.14 07:07:43.132,1.319,1.3191,4.00,1.30
2009.09.14 07:07:43.551,1.31895,1.3191,1.60,2.40
2009.09.14 07:07:43.941,1.31895,1.31915,3.20,2.90
2009.09.14 07:07:44.271,1.319,1.31915,3.70,1.70
2009.09.14 07:07:44.621,1.31905,1.31915,1.00,1.00
2009.09.14 07:07:44.971,1.319,1.31915,2.90,1.00
2009.09.14 07:07:45.331,1.319,1.31915,1.00,1.00
2009.09.14 07:07:45.681,1.319,1.3192,1.00,6.10
2009.09.14 07:07:45.960,1.31905,1.31925,2.40,2.10
2009.09.14 07:07:46.310,1.31905,1.31925,2.80,3.30
2009.09.14 07:07:46.990,1.319,1.3192,8.00,1.00
2009.09.14 07:07:47.280,1.319,1.3192,8.00,2.40
2009.09.14 07:07:49.330,1.3191,1.3192,1.00,2.40
2009.09.14 07:07:49.440,1.3191,1.31925,1.00,1.00
2009.09.14 07:07:49.800,1.31915,1.3193,1.00,2.80
2009.09.14 07:07:50.200,1.31915,1.31935,2.50,1.00
2009.09.14 07:07:51.239,1.31915,1.31935,2.50,1.00
2009.09.14 07:07:51.579,1.31925,1.31935,1.00,1.00
2009.09.14 07:07:51.819,1.31925,1.31935,3.10,1.00
2009.09.14 07:07:52.379,1.31925,1.31935,2.90,1.00
2009.09.14 07:07:52.609,1.3193,1.31945,1.00,2.20
2009.09.14 07:07:52.779,1.3193,1.31945,1.00,1.00
2009.09.14 07:07:53.409,1.3193,1.31945,1.00,1.00
2009.09.14 07:07:53.589,1.3193,1.31945,2.10,1.00
2009.09.14 07:07:53.859,1.31935,1.3195,1.00,2.10
2009.09.14 07:07:54.359,1.3193,1.31945,2.50,1.00
2009.09.14 07:07:54.588,1.3193,1.31945,1.00,1.00
2009.09.14 07:07:55.148,1.31935,1.31945,2.40,1.00
2009.09.14 07:07:55.498,1.31935,1.3195,1.50,2.10
2009.09.14 07:07:56.438,1.31935,1.3194,3.10,1.00
2009.09.14 07:07:56.778,1.31935,1.3195,1.60,2.00
2009.09.14 07:07:57.078,1.31935,1.3195,1.10,1.40
2009.09.14 07:07:57.317,1.3193,1.3194,1.00,1.20
2009.09.14 07:07:57.598,1.31925,1.31935,2.50,1.20
2009.09.14 07:07:57.898,1.31925,1.3193,5.60,1.00
2009.09.14 07:07:58.247,1.31935,1.31955,1.00,1.00
2009.09.14 07:08:00.307,1.31935,1.3195,1.00,1.30
2009.09.14 07:08:00.547,1.31935,1.3195,1.70,1.30
2009.09.14 07:08:01.686,1.3194,1.3195,1.30,2.10
2009.09.14 07:08:02.027,1.3193,1.3194,1.00,1.20
2009.09.14 07:08:02.596,1.31925,1.3194,16.70,1.20
2009.09.14 07:08:02.896,1.3193,1.3195,2.90,3.80
2009.09.14 07:08:03.186,1.31935,1.3195,1.00,1.40
2009.09.14 07:08:04.986,1.3194,1.3195,1.60,1.20
2009.09.14 07:08:05.156,1.3194,1.3195,1.00,1.20
2009.09.14 07:08:05.326,1.31945,1.3195,1.00,1.20
2009.09.14 07:08:05.546,1.3196,1.31965,2.00,2.50
2009.09.14 07:08:05.726,1.3196,1.31965,2.00,1.60
2009.09.14 07:08:05.906,1.3196,1.31975,3.30,1.20
2009.09.14 07:08:06.296,1.31965,1.31975,1.00,1.00
2009.09.14 07:08:07.005,1.3196,1.31975,5.30,1.00
2009.09.14 07:08:07.286,1.3196,1.3197,2.40,1.00
2009.09.14 07:08:07.565,1.3196,1.3197,2.50,1.00
2009.09.14 07:08:07.905,1.3196,1.3197,2.50,1.60
2009.09.14 07:08:08.195,1.3195,1.31965,4.00,1.00
2009.09.14 07:08:08.475,1.3195,1.31965,1.20,2.30
2009.09.14 07:08:08.825,1.3195,1.3197,2.80,3.60
2009.09.14 07:08:12.034,1.3195,1.3196,3.20,1.00
2009.09.14 07:08:12.384,1.3195,1.3197,2.80,3.60
2009.09.14 07:08:13.324,1.3195,1.31965,1.60,2.90
2009.09.14 07:08:13.444,1.3195,1.31955,1.60,1.00
2009.09.14 07:08:13.554,1.3194,1.31955,8.10,1.00
2009.09.14 07:08:13.724,1.3195,1.31955,1.00,1.00
2009.09.14 07:08:13.834,1.3195,1.3196,1.20,1.60
2009.09.14 07:08:14.064,1.3195,1.3197,2.80,3.60
2009.09.14 07:08:14.803,1.3195,1.31965,3.20,1.00
2009.09.14 07:08:15.153,1.31945,1.31965,8.10,1.00
2009.09.14 07:08:17.483,1.31955,1.31965,1.00,1.00
2009.09.14 07:08:17.713,1.31955,1.3197,3.30,1.70
2009.09.14 07:08:17.773,1.31955,1.3197,4.90,1.00
2009.09.14 07:08:18.792,1.31955,1.3197,4.80,1.00
2009.09.14 07:08:19.072,1.31955,1.3197,4.90,1.00
2009.09.14 07:08:19.882,1.31955,1.3197,4.80,1.00
2009.09.14 07:08:20.112,1.31955,1.3197,3.20,1.00
2009.09.14 07:08:20.402,1.31955,1.3197,3.30,1.00
2009.09.14 07:08:20.682,1.31955,1.3197,4.90,1.00
2009.09.14 07:08:20.902,1.31955,1.3197,4.80,1.00
2009.09.14 07:08:21.232,1.31955,1.3197,4.90,1.00
2009.09.14 07:08:23.092,1.31955,1.3197,4.90,1.00
2009.09.14 07:08:23.441,1.31955,1.3197,4.80,1.00
2009.09.14 07:08:23.501,1.31955,1.3197,4.90,1.00
2009.09.14 07:08:24.081,1.31955,1.3197,2.50,1.00
2009.09.14 07:08:24.141,1.31955,1.3197,2.50,1.00
2009.09.14 07:08:24.201,1.31955,1.3197,2.50,3.30
2009.09.14 07:08:24.311,1.31955,1.3197,3.10,4.40
2009.09.14 07:08:24.421,1.31955,1.3197,1.50,6.00
2009.09.14 07:08:24.471,1.31945,1.31965,7.30,1.60
2009.09.14 07:08:24.821,1.3195,1.3196,8.00,1.00
2009.09.14 07:08:25.221,1.31935,1.31955,10.50,1.00
2009.09.14 07:08:26.591,1.3194,1.3196,10.10,3.80
2009.09.14 07:08:27.151,1.3194,1.3196,10.00,5.30
2009.09.14 07:08:27.740,1.3194,1.3196,8.40,5.40
2009.09.14 07:08:28.090,1.3194,1.3196,1.00,5.40
2009.09.14 07:08:29.000,1.3194,1.31955,2.00,1.00
2009.09.14 07:08:29.290,1.3194,1.31955,1.00,2.30
2009.09.14 07:08:29.950,1.31935,1.3195,1.00,1.00
2009.09.14 07:08:30.350,1.31945,1.31955,1.00,1.30
2009.09.14 07:08:30.690,1.3194,1.31955,3.10,1.00
2009.09.14 07:08:31.379,1.31935,1.31955,3.30,1.00
2009.09.14 07:08:31.729,1.31935,1.31955,1.00,1.00
2009.09.14 07:08:33.569,1.31935,1.31955,1.70,1.00
2009.09.14 07:08:34.139,1.3194,1.31955,1.00,1.00
2009.09.14 07:08:34.419,1.3194,1.31955,1.60,1.00
2009.09.14 07:08:34.758,1.31935,1.31955,2.50,1.00
2009.09.14 07:08:35.108,1.3194,1.31955,1.60,1.00
2009.09.14 07:08:35.968,1.3194,1.3195,2.40,1.00
2009.09.14 07:08:36.208,1.31935,1.3195,1.00,3.30
2009.09.14 07:08:36.498,1.31935,1.3195,1.00,2.30
2009.09.14 07:08:37.398,1.3193,1.3194,3.20,1.00
2009.09.14 07:08:37.518,1.31935,1.3195,1.00,2.90
2009.09.14 07:08:37.578,1.31935,1.3195,1.00,1.00
2009.09.14 07:08:38.208,1.31935,1.31945,1.00,1.00
2009.09.14 07:08:38.488,1.31935,1.3195,1.00,1.00
2009.09.14 07:08:39.168,1.3193,1.31945,1.20,1.10
2009.09.14 07:08:39.458,1.3193,1.3194,1.00,1.00
2009.09.14 07:08:39.807,1.3194,1.31945,1.00,1.00
2009.09.14 07:08:40.157,1.31935,1.31955,1.70,1.00
2009.09.14 07:08:40.497,1.31935,1.31955,1.70,1.00
2009.09.14 07:08:40.897,1.31935,1.3195,1.20,1.00
2009.09.14 07:08:41.257,1.31935,1.3195,2.40,1.60
2009.09.14 07:08:41.597,1.31935,1.31955,1.20,3.60
2009.09.14 07:08:41.937,1.31935,1.31945,1.20,1.00
2009.09.14 07:08:42.277,1.3193,1.31945,6.40,1.00
2009.09.14 07:08:42.797,1.3193,1.31945,6.40,1.60
2009.09.14 07:08:43.027,1.3193,1.31945,6.40,2.40
2009.09.14 07:08:43.206,1.3193,1.31945,6.40,1.60
2009.09.14 07:08:43.947,1.31935,1.3195,1.00,2.40
2009.09.14 07:08:44.107,1.3194,1.31955,1.00,1.00
2009.09.14 07:08:44.376,1.3194,1.31955,2.30,1.00
2009.09.14 07:08:45.256,1.3194,1.31945,1.60,1.00
2009.09.14 07:08:45.606,1.31925,1.31935,1.10,1.00
2009.09.14 07:08:45.956,1.31925,1.3194,1.30,2.90
2009.09.14 07:08:46.246,1.31925,1.3194,2.90,1.30
2009.09.14 07:08:47.466,1.31925,1.3194,1.60,1.40
2009.09.14 07:08:47.766,1.3192,1.3193,1.60,1.00
2009.09.14 07:08:48.055,1.3191,1.3193,10.40,3.20
2009.09.14 07:08:48.225,1.3191,1.3193,8.80,3.20
2009.09.14 07:08:48.575,1.3191,1.3193,8.80,5.60
2009.09.14 07:08:48.755,1.3191,1.31925,3.20,1.00
2009.09.14 07:08:48.995,1.31905,1.3193,17.70,2.90
2009.09.14 07:08:49.175,1.3191,1.3193,2.40,1.00
2009.09.14 07:08:49.525,1.3191,1.3193,4.80,1.00
2009.09.14 07:08:49.865,1.3191,1.31915,3.20,1.00
2009.09.14 07:08:50.225,1.319,1.31915,1.00,4.80
2009.09.14 07:08:51.465,1.31905,1.31915,1.00,4.80
2009.09.14 07:08:51.755,1.31895,1.319,1.00,1.00
2009.09.14 07:08:51.985,1.3189,1.31905,10.10,1.60
2009.09.14 07:08:52.265,1.3189,1.3191,3.70,1.30
2009.09.14 07:08:54.004,1.3189,1.3191,2.90,1.50
2009.09.14 07:08:54.234,1.3189,1.3191,1.30,3.50
2009.09.14 07:08:54.464,1.3189,1.3191,2.80,3.30
2009.09.14 07:08:54.704,1.31895,1.3191,1.00,2.80
2009.09.14 07:08:54.994,1.319,1.3191,1.00,1.00
2009.09.14 07:08:55.704,1.319,1.3191,1.00,1.00
2009.09.14 07:08:56.064,1.31895,1.3191,2.80,1.00
2009.09.14 07:08:56.404,1.319,1.31915,1.00,1.00
2009.09.14 07:08:56.693,1.31895,1.31915,3.60,1.70
2009.09.14 07:08:56.983,1.31895,1.31915,3.60,3.30
2009.09.14 07:08:57.343,1.31895,1.31915,3.60,2.50
2009.09.14 07:08:57.683,1.319,1.3191,1.00,1.00
2009.09.14 07:08:58.083,1.31895,1.3191,12.70,1.00
2009.09.14 07:08:58.833,1.319,1.3191,2.30,1.00
2009.09.14 07:08:59.183,1.3189,1.3191,7.20,3.30
2009.09.14 07:08:59.523,1.3189,1.3191,8.80,2.80
2009.09.14 07:08:59.872,1.31895,1.3191,8.00,2.80
2009.09.14 07:09:00.912,1.31895,1.3191,8.00,2.90
2009.09.14 07:09:01.202,1.31895,1.3191,8.00,1.30
2009.09.14 07:09:01.812,1.319,1.3191,9.70,1.20
2009.09.14 07:09:02.052,1.319,1.3191,11.10,1.00
2009.09.14 07:09:02.452,1.319,1.31915,11.90,1.90
2009.09.14 07:09:02.802,1.319,1.31915,11.90,1.10
2009.09.14 07:09:06.431,1.319,1.31915,11.10,1.10
2009.09.14 07:09:07.121,1.319,1.31915,11.90,1.10
2009.09.14 07:09:08.331,1.319,1.31915,11.90,1.90
2009.09.14 07:09:08.500,1.319,1.31915,11.10,1.90
2009.09.14 07:09:08.611,1.319,1.3191,9.60,1.00
2009.09.14 07:09:08.791,1.319,1.31915,9.60,1.50
2009.09.14 07:09:08.910,1.319,1.31915,4.00,2.80
2009.09.14 07:09:09.020,1.31895,1.31915,16.50,1.90
2009.09.14 07:09:09.080,1.31895,1.31915,18.10,1.10
2009.09.14 07:09:09.200,1.31895,1.3191,14.10,1.00
2009.09.14 07:09:09.320,1.319,1.3191,4.00,1.00
2009.09.14 07:09:09.370,1.319,1.3191,8.00,1.00
2009.09.14 07:09:10.780,1.31905,1.31915,8.00,1.00
2009.09.14 07:09:11.830,1.3191,1.31915,1.00,1.00
2009.09.14 07:09:12.220,1.3191,1.31925,3.10,1.00
2009.09.14 07:09:13.219,1.3191,1.31925,3.10,1.00
2009.09.14 07:09:16.329,1.31905,1.3192,1.00,1.30
2009.09.14 07:09:17.979,1.31905,1.3192,1.00,1.70
2009.09.14 07:09:20.058,1.31905,1.3192,2.10,1.00
2009.09.14 07:09:20.348,1.31905,1.3192,2.80,1.00
2009.09.14 07:09:21.797,1.31905,1.3192,1.70,2.10
2009.09.14 07:09:22.157,1.3189,1.3191,3.30,2.90
2009.09.14 07:09:22.837,1.31895,1.3191,1.00,2.80
2009.09.14 07:09:22.957,1.31895,1.3191,1.20,1.60
2009.09.14 07:09:23.187,1.31895,1.31915,2.80,2.10
2009.09.14 07:09:27.856,1.31895,1.31915,2.00,2.10
2009.09.14 07:09:28.186,1.31895,1.31915,1.20,3.70
2009.09.14 07:09:28.296,1.31895,1.31915,2.80,3.80
2009.09.14 07:09:28.596,1.31895,1.31915,2.80,2.20
2009.09.14 07:09:29.546,1.31895,1.31915,2.80,3.30
2009.09.14 07:09:32.085,1.3189,1.31905,1.60,2.90
2009.09.14 07:09:32.435,1.31895,1.31905,1.60,2.40
2009.09.14 07:09:32.774,1.31895,1.31915,3.20,3.30
2009.09.14 07:09:33.065,1.319,1.31915,1.00,3.30
2009.09.14 07:09:33.185,1.319,1.31915,1.20,1.70
2009.09.14 07:09:33.305,1.31905,1.31915,1.00,1.00
2009.09.14 07:09:33.405,1.31905,1.3192,1.60,1.70
2009.09.14 07:09:33.644,1.31905,1.3192,3.20,1.00
2009.09.14 07:09:34.924,1.31905,1.31925,3.20,2.00
2009.09.14 07:09:35.214,1.31905,1.3192,2.50,1.00
2009.09.14 07:09:36.364,1.31905,1.3192,2.40,1.00
2009.09.14 07:09:36.694,1.319,1.3192,8.80,2.80
2009.09.14 07:09:38.423,1.31905,1.3192,1.00,2.80
2009.09.14 07:09:38.534,1.31905,1.3192,1.00,2.00
2009.09.14 07:09:38.643,1.31905,1.3192,1.20,1.60
2009.09.14 07:09:38.873,1.31905,1.31925,2.80,7.30
2009.09.14 07:09:38.983,1.31905,1.3192,2.70,1.00
2009.09.14 07:09:39.104,1.319,1.3192,5.20,3.20
2009.09.14 07:09:40.583,1.31905,1.3192,1.00,3.20
2009.09.14 07:09:41.602,1.31905,1.3192,1.60,1.70
2009.09.14 07:09:44.622,1.31905,1.3192,2.40,1.70
2009.09.14 07:09:44.852,1.31905,1.3192,4.10,1.70
2009.09.14 07:09:45.072,1.3191,1.3192,1.00,2.00
2009.09.14 07:09:45.422,1.319,1.3192,3.50,2.00
2009.09.14 07:09:45.822,1.31905,1.3192,1.00,3.40
2009.09.14 07:09:46.151,1.31905,1.3192,1.00,1.70
2009.09.14 07:09:46.851,1.31905,1.3192,1.00,3.30
2009.09.14 07:09:47.211,1.31905,1.3192,1.20,3.30
2009.09.14 07:09:47.491,1.31905,1.31915,1.00,1.60
2009.09.14 07:09:47.841,1.31905,1.31915,1.00,3.20
2009.09.14 07:09:51.370,1.31905,1.31915,1.20,3.20
2009.09.14 07:09:54.759,1.31905,1.3192,1.00,5.40
2009.09.14 07:09:55.049,1.3191,1.31915,1.00,1.60
2009.09.14 07:09:55.399,1.31895,1.31905,1.00,1.50
2009.09.14 07:09:56.129,1.319,1.31905,1.00,1.00
2009.09.14 07:09:56.459,1.319,1.3192,2.30,4.20
2009.09.14 07:09:56.799,1.319,1.3192,2.30,5.80
2009.09.14 07:09:57.819,1.319,1.3192,2.30,4.20
2009.09.14 07:10:00.788,1.319,1.3192,1.90,4.20
2009.09.14 07:10:01.188,1.319,1.3192,2.30,4.20
2009.09.14 07:10:01.418,1.319,1.3192,2.20,4.20
2009.09.14 07:10:01.768,1.319,1.3192,2.30,4.20
2009.09.14 07:10:02.108,1.319,1.31915,1.20,2.50
2009.09.14 07:10:03.657,1.319,1.31915,1.00,2.90
2009.09.14 07:10:03.817,1.319,1.31915,1.20,2.10
2009.09.14 07:10:03.937,1.319,1.31915,1.20,3.70
2009.09.14 07:10:08.246,1.319,1.3191,1.00,1.00
2009.09.14 07:10:08.596,1.31895,1.3191,1.00,1.00
2009.09.14 07:10:08.876,1.31895,1.3191,1.00,2.10
2009.09.14 07:10:09.576,1.31895,1.3191,1.20,2.10
2009.09.14 07:10:09.916,1.31895,1.3191,2.70,1.00
2009.09.14 07:10:10.276,1.31895,1.31905,1.60,1.00
2009.09.14 07:10:10.615,1.31895,1.31905,1.00,1.00
2009.09.14 07:10:11.315,1.31895,1.3191,1.10,1.70
2009.09.14 07:10:11.595,1.31895,1.3191,2.70,1.00
2009.09.14 07:10:12.526,1.31895,1.31905,1.00,1.60
2009.09.14 07:10:12.755,1.3189,1.3191,3.50,2.90
2009.09.14 07:10:13.045,1.3189,1.319,1.90,1.00
2009.09.14 07:10:13.275,1.3189,1.31905,1.90,4.10
2009.09.14 07:10:13.675,1.3189,1.31905,1.00,5.70
2009.09.14 07:10:14.035,1.31885,1.31905,2.80,5.70
2009.09.14 07:10:14.395,1.31885,1.319,1.00,1.60
2009.09.14 07:10:14.725,1.31885,1.319,1.00,3.20
2009.09.14 07:10:15.074,1.31885,1.319,1.00,4.50
2009.09.14 07:10:15.404,1.31875,1.31895,4.80,1.40
2009.09.14 07:10:15.764,1.31875,1.31895,4.00,3.00
2009.09.14 07:10:16.445,1.31875,1.31895,4.10,3.00
2009.09.14 07:10:18.884,1.31875,1.31895,4.00,5.40
2009.09.14 07:10:19.114,1.31875,1.3188,3.10,1.00
2009.09.14 07:10:19.293,1.31875,1.31885,1.60,2.00
2009.09.14 07:10:20.103,1.3187,1.31885,3.50,2.80
2009.09.14 07:10:20.394,1.31875,1.3189,1.00,2.40
2009.09.14 07:10:20.664,1.31875,1.3189,1.10,2.40
2009.09.14 07:10:21.523,1.31875,1.31885,1.10,2.40
2009.09.14 07:10:21.873,1.31875,1.31885,1.00,4.80
2009.09.14 07:10:22.263,1.31875,1.31885,1.00,1.00
2009.09.14 07:10:22.613,1.3188,1.31885,1.20,1.00
2009.09.14 07:10:23.292,1.31885,1.31895,1.00,3.40
2009.09.14 07:10:23.463,1.3188,1.31885,1.00,1.00
2009.09.14 07:10:23.633,1.31875,1.31885,1.50,1.00
2009.09.14 07:10:23.793,1.31875,1.3189,1.00,1.00
2009.09.14 07:10:24.142,1.31875,1.3189,1.00,1.00
2009.09.14 07:10:24.312,1.31875,1.3189,1.00,1.00
2009.09.14 07:10:25.392,1.31875,1.3189,1.10,1.00
2009.09.14 07:10:25.672,1.31875,1.31895,2.80,12.50
2009.09.14 07:10:25.902,1.3188,1.31895,1.00,11.70
2009.09.14 07:10:26.592,1.3188,1.31895,1.00,11.60
2009.09.14 07:10:26.942,1.3188,1.31895,1.20,2.60
2009.09.14 07:10:30.411,1.31875,1.3189,2.50,1.00
2009.09.14 07:10:31.841,1.31875,1.3189,2.40,1.00
2009.09.14 07:10:32.190,1.31885,1.3189,1.00,1.00
2009.09.14 07:10:32.481,1.31885,1.31895,5.10,1.00
2009.09.14 07:10:32.820,1.31885,1.31895,10.70,1.00
2009.09.14 07:10:33.150,1.31885,1.319,4.40,3.20
2009.09.14 07:10:34.090,1.31885,1.319,1.00,2.60
2009.09.14 07:10:34.310,1.3188,1.31895,2.40,1.00
2009.09.14 07:10:34.480,1.3188,1.31895,2.00,2.60
2009.09.14 07:10:38.129,1.3188,1.31895,2.10,2.50
2009.09.14 07:10:38.539,1.31885,1.31895,1.00,1.00
2009.09.14 07:10:38.779,1.31885,1.31895,1.00,1.00
2009.09.14 07:10:39.009,1.31885,1.31895,1.00,2.60
2009.09.14 07:10:41.728,1.3188,1.31895,2.00,2.60
2009.09.14 07:10:45.497,1.3188,1.31895,2.40,2.60
2009.09.14 07:10:45.837,1.3188,1.31895,2.40,1.00
2009.09.14 07:10:47.197,1.3189,1.31895,1.20,1.00
2009.09.14 07:10:47.527,1.319,1.31905,1.00,2.50
2009.09.14 07:10:47.847,1.319,1.31915,1.00,1.00
2009.09.14 07:10:48.426,1.319,1.31915,1.00,1.00
2009.09.14 07:10:48.606,1.319,1.31915,1.00,2.50
2009.09.14 07:10:48.906,1.31895,1.31915,1.00,1.00
2009.09.14 07:10:49.086,1.31895,1.31915,1.00,2.60
2009.09.14 07:10:49.436,1.31895,1.3191,1.00,1.00
2009.09.14 07:10:51.046,1.31895,1.31915,2.80,2.60
2009.09.14 07:10:51.226,1.319,1.31905,1.00,1.60
2009.09.14 07:10:51.406,1.31895,1.31915,1.60,1.00
2009.09.14 07:10:51.576,1.31895,1.31905,1.60,1.00
2009.09.14 07:10:51.696,1.31895,1.31905,1.00,2.50
2009.09.14 07:10:52.365,1.3189,1.319,1.00,1.00
2009.09.14 07:10:52.705,1.3189,1.319,1.00,1.00
2009.09.14 07:10:53.105,1.319,1.3191,3.10,1.00
2009.09.14 07:10:53.775,1.319,1.3191,1.00,1.00
2009.09.14 07:10:54.125,1.31895,1.31905,1.00,3.10
2009.09.14 07:10:54.395,1.3189,1.31905,1.00,3.20
2009.09.14 07:10:54.955,1.31885,1.31905,4.10,3.20
2009.09.14 07:10:55.245,1.31885,1.319,1.00,1.00
2009.09.14 07:10:55.525,1.31885,1.319,1.10,1.00
2009.09.14 07:10:56.404,1.31885,1.319,1.00,1.00
2009.09.14 07:10:56.754,1.31885,1.319,1.00,1.70
2009.09.14 07:10:57.754,1.31885,1.319,1.00,3.00
2009.09.14 07:10:58.334,1.31885,1.31895,1.00,1.00
2009.09.14 07:10:58.454,1.31885,1.31895,1.00,1.00
2009.09.14 07:10:58.684,1.3188,1.31895,1.60,2.50
2009.09.14 07:10:58.924,1.3188,1.31895,1.60,3.30
2009.09.14 07:10:59.154,1.31875,1.3189,2.40,1.00
2009.09.14 07:10:59.334,1.31875,1.3189,2.40,1.00
2009.09.14 07:10:59.964,1.3188,1.3189,1.00,1.00
2009.09.14 07:11:00.323,1.3188,1.31895,1.20,1.00
2009.09.14 07:11:00.663,1.3188,1.31895,1.20,9.00
2009.09.14 07:11:00.943,1.3188,1.31895,1.20,1.00
2009.09.14 07:11:02.303,1.3188,1.31895,1.20,2.50
2009.09.14 07:11:03.453,1.3188,1.31895,1.20,2.60
2009.09.14 07:11:05.252,1.31885,1.31895,1.00,1.60
2009.09.14 07:11:06.052,1.31885,1.319,1.00,1.00
2009.09.14 07:11:06.622,1.31885,1.319,1.10,1.00
2009.09.14 07:11:06.842,1.31885,1.319,1.50,1.00
2009.09.14 07:11:07.402,1.3189,1.31895,1.00,1.00
2009.09.14 07:11:07.732,1.31885,1.31895,1.00,2.50
2009.09.14 07:11:08.372,1.31885,1.31895,1.00,4.10
2009.09.14 07:11:08.662,1.31885,1.31895,1.00,4.70
2009.09.14 07:11:08.942,1.3188,1.31895,7.10,2.50
2009.09.14 07:11:09.592,1.31885,1.31895,1.00,2.50
2009.09.14 07:11:11.111,1.31885,1.31895,1.00,4.70
2009.09.14 07:11:11.411,1.31885,1.31895,1.00,3.10
2009.09.14 07:11:11.761,1.31885,1.31895,1.00,3.10
2009.09.14 07:11:12.641,1.31885,1.31895,1.50,3.10
2009.09.14 07:11:13.740,1.31885,1.31895,1.00,2.50
2009.09.14 07:11:16.140,1.3188,1.31895,7.10,2.50
2009.09.14 07:11:18.389,1.3189,1.31895,1.00,1.70
2009.09.14 07:11:18.669,1.3189,1.31905,1.00,6.40
2009.09.14 07:11:18.949,1.3189,1.31905,1.00,1.00
2009.09.14 07:11:19.119,1.3189,1.31905,1.00,1.00
2009.09.14 07:11:19.819,1.3189,1.31905,1.00,1.00
2009.09.14 07:11:20.869,1.31885,1.31905,1.00,1.00
2009.09.14 07:11:22.578,1.31885,1.31905,1.00,1.00
2009.09.14 07:11:23.088,1.31885,1.31905,1.00,1.00
2009.09.14 07:11:24.548,1.31885,1.319,1.00,1.50
2009.09.14 07:11:24.828,1.31885,1.31905,1.00,3.00
2009.09.14 07:11:25.407,1.31885,1.319,1.00,1.00
2009.09.14 07:11:27.007,1.31885,1.319,1.00,1.00
2009.09.14 07:11:27.637,1.31885,1.3189,1.00,1.00
2009.09.14 07:11:27.967,1.31875,1.3189,1.10,1.00
2009.09.14 07:11:28.327,1.31875,1.3189,1.10,1.00
2009.09.14 07:11:29.576,1.31875,1.3189,1.10,1.00
2009.09.14 07:11:29.916,1.31875,1.3189,1.20,1.00
2009.09.14 07:11:31.686,1.31875,1.3189,1.40,1.00
2009.09.14 07:11:31.916,1.31875,1.3189,3.00,1.00
2009.09.14 07:11:32.546,1.31875,1.3189,1.40,1.00
2009.09.14 07:11:37.045,1.31875,1.3189,1.20,1.00
2009.09.14 07:11:37.695,1.31875,1.3189,1.40,1.00
2009.09.14 07:11:39.414,1.31875,1.3189,1.40,1.00
2009.09.14 07:11:41.634,1.31875,1.3189,1.20,1.00
2009.09.14 07:11:49.752,1.3188,1.31895,6.70,5.00
2009.09.14 07:11:49.982,1.3188,1.31895,6.70,1.00
2009.09.14 07:11:50.282,1.3188,1.31895,7.10,1.00
2009.09.14 07:11:50.512,1.3188,1.31895,6.70,1.00
2009.09.14 07:11:51.081,1.3188,1.31895,7.10,1.00
2009.09.14 07:11:51.421,1.3188,1.31895,1.00,1.00
2009.09.14 07:11:51.761,1.3188,1.31895,1.00,2.20
2009.09.14 07:11:52.801,1.3188,1.3189,1.00,8.00
2009.09.14 07:11:53.321,1.3188,1.31895,1.00,2.20
2009.09.14 07:11:53.551,1.3188,1.31895,1.20,1.00
2009.09.14 07:11:53.851,1.31885,1.319,1.00,4.20
2009.09.14 07:11:54.031,1.31885,1.319,1.00,1.40
2009.09.14 07:11:54.141,1.31885,1.31905,1.00,18.60
2009.09.14 07:11:55.840,1.31885,1.31905,1.00,18.80
2009.09.14 07:11:56.470,1.31885,1.31905,1.00,18.90
2009.09.14 07:11:56.750,1.31885,1.319,1.00,8.00
2009.09.14 07:11:57.370,1.31885,1.31895,1.00,4.90
2009.09.14 07:11:57.660,1.3188,1.31895,1.00,2.40
2009.09.14 07:12:00.639,1.3188,1.31895,6.40,2.40
2009.09.14 07:12:00.979,1.31885,1.31905,1.00,13.20
2009.09.14 07:12:01.329,1.31885,1.31905,1.00,10.90
2009.09.14 07:12:01.679,1.3188,1.319,1.00,4.00
2009.09.14 07:12:02.029,1.31875,1.319,1.10,8.10
2009.09.14 07:12:03.298,1.31875,1.3189,1.00,2.10
2009.09.14 07:12:03.409,1.31875,1.3189,1.00,2.10
2009.09.14 07:12:03.648,1.3187,1.3189,1.90,2.30
2009.09.14 07:12:05.248,1.3187,1.3189,1.50,4.90
2009.09.14 07:12:05.608,1.3187,1.3189,1.30,1.00
2009.09.14 07:12:05.878,1.3187,1.3189,1.30,8.90
2009.09.14 07:12:06.228,1.3187,1.3189,1.30,1.00
2009.09.14 07:12:07.638,1.3187,1.31885,1.00,1.00
2009.09.14 07:12:08.677,1.3187,1.31885,1.00,1.00
2009.09.14 07:12:08.857,1.3187,1.3189,1.30,1.60
2009.09.14 07:12:09.547,1.3187,1.3189,1.30,5.60
2009.09.14 07:12:09.777,1.3187,1.3189,1.20,8.00
2009.09.14 07:12:10.437,1.3187,1.3189,1.20,8.80
2009.09.14 07:12:11.207,1.3187,1.3189,1.30,8.80
2009.09.14 07:12:11.317,1.3187,1.3189,1.30,5.60
2009.09.14 07:12:11.427,1.3187,1.3189,1.50,2.80
2009.09.14 07:12:11.587,1.3187,1.3189,1.30,2.80
2009.09.14 07:12:11.696,1.3187,1.3189,1.00,5.60
2009.09.14 07:12:11.807,1.3187,1.3188,1.00,1.00
2009.09.14 07:12:11.866,1.3187,1.3188,1.00,1.70
2009.09.14 07:12:11.976,1.31865,1.3188,1.10,1.70
2009.09.14 07:12:12.086,1.31865,1.3188,1.00,6.40
2009.09.14 07:12:12.206,1.3186,1.31875,1.00,1.00
2009.09.14 07:12:12.556,1.3186,1.31875,1.00,1.00
2009.09.14 07:12:12.906,1.3186,1.31875,1.00,3.20
2009.09.14 07:12:13.297,1.3186,1.31875,1.00,1.00
2009.09.14 07:12:14.566,1.3186,1.31875,1.00,1.00
2009.09.14 07:12:14.926,1.3186,1.31875,1.00,1.50
2009.09.14 07:12:15.266,1.3186,1.3187,1.00,1.00
2009.09.14 07:12:15.556,1.3186,1.3187,1.20,1.00
2009.09.14 07:12:15.906,1.3186,1.31875,1.20,3.00
2009.09.14 07:12:16.915,1.3186,1.31875,1.20,1.00
2009.09.14 07:12:17.135,1.3186,1.31875,1.20,1.00
2009.09.14 07:12:18.695,1.3186,1.31875,1.20,1.70
2009.09.14 07:12:19.045,1.3186,1.31875,1.20,1.00
2009.09.14 07:12:19.284,1.3186,1.31875,1.30,1.00
2009.09.14 07:12:19.495,1.3186,1.31875,1.50,1.00
2009.09.14 07:12:20.194,1.3186,1.31875,1.10,5.10
2009.09.14 07:12:20.534,1.3186,1.31875,1.00,2.80
2009.09.14 07:12:20.924,1.3186,1.31875,1.20,1.70
2009.09.14 07:12:21.934,1.3186,1.31875,6.40,1.00
2009.09.14 07:12:22.294,1.3186,1.31875,1.60,1.00
2009.09.14 07:12:22.634,1.31865,1.31875,1.00,1.00
2009.09.14 07:12:25.263,1.31865,1.31875,1.00,1.60
2009.09.14 07:12:25.483,1.31865,1.31875,1.00,2.40
2009.09.14 07:12:25.823,1.31865,1.31875,1.00,1.00
2009.09.14 07:12:26.173,1.31865,1.31875,1.00,2.10
2009.09.14 07:12:26.513,1.31865,1.31875,1.00,3.60
2009.09.14 07:12:28.662,1.31865,1.31875,1.00,2.30
2009.09.14 07:12:28.772,1.31865,1.31875,1.00,1.00
2009.09.14 07:12:30.542,1.31865,1.31875,1.00,1.20
2009.09.14 07:12:31.242,1.31865,1.31875,1.00,2.40
2009.09.14 07:12:31.572,1.31855,1.31875,3.30,4.00
2009.09.14 07:12:31.912,1.3186,1.31875,1.00,4.00
2009.09.14 07:12:32.542,1.3186,1.31875,1.00,3.60
2009.09.14 07:12:32.942,1.3186,1.31875,1.00,2.90
2009.09.14 07:12:35.770,1.3186,1.31875,1.00,1.30
2009.09.14 07:12:36.120,1.3186,1.31875,1.00,1.20
2009.09.14 07:12:38.340,1.3186,1.31875,1.00,1.60
2009.09.14 07:12:39.210,1.31855,1.31875,4.10,1.60
2009.09.14 07:12:39.540,1.31855,1.31875,1.00,1.80
2009.09.14 07:12:40.490,1.31855,1.31875,1.70,3.80
2009.09.14 07:12:40.849,1.3186,1.31875,1.00,3.20
2009.09.14 07:12:41.129,1.31865,1.31875,1.00,3.20
2009.09.14 07:12:41.419,1.31865,1.31875,1.00,2.90
2009.09.14 07:12:42.449,1.31865,1.31875,1.00,3.20
2009.09.14 07:12:42.799,1.31865,1.31875,1.00,3.60
2009.09.14 07:12:43.149,1.31865,1.31875,1.00,2.00
2009.09.14 07:12:43.389,1.31865,1.31875,1.00,1.00
2009.09.14 07:12:45.809,1.31865,1.31875,1.00,1.00
2009.09.14 07:12:46.088,1.31865,1.3188,1.00,2.00
2009.09.14 07:12:47.258,1.31865,1.31875,2.30,1.00
2009.09.14 07:12:47.588,1.3186,1.31875,3.60,1.00
2009.09.14 07:12:47.878,1.3186,1.31875,2.40,1.30
2009.09.14 07:12:48.108,1.31855,1.3187,1.00,1.00
2009.09.14 07:12:48.388,1.3185,1.3187,1.60,2.90
2009.09.14 07:12:48.678,1.3185,1.3187,1.60,3.70
2009.09.14 07:12:51.451,1.3185,1.3187,1.60,3.60
2009.09.14 07:12:51.667,1.3185,1.3187,1.60,2.00
2009.09.14 07:12:52.347,1.3185,1.3187,1.60,2.10
2009.09.14 07:12:52.697,1.3185,1.3187,1.60,2.00
2009.09.14 07:12:53.257,1.3185,1.3187,1.60,2.50
2009.09.14 07:12:54.006,1.3185,1.3187,7.20,2.10
2009.09.14 07:12:56.306,1.3185,1.3187,7.20,3.70
2009.09.14 07:13:00.425,1.31845,1.3186,3.30,2.00
2009.09.14 07:13:00.775,1.31845,1.3186,4.10,2.00
2009.09.14 07:13:01.674,1.3185,1.3186,1.60,1.00
2009.09.14 07:13:02.015,1.3185,1.3187,1.60,3.80
2009.09.14 07:13:05.464,1.3185,1.3187,1.60,3.90
2009.09.14 07:13:07.213,1.3185,1.31865,1.60,1.00
2009.09.14 07:13:07.553,1.3185,1.3186,1.60,1.00
2009.09.14 07:13:11.292,1.3185,1.3186,3.20,1.00
2009.09.14 07:13:12.432,1.3185,1.3187,3.20,6.80
2009.09.14 07:13:12.652,1.3185,1.3187,3.20,3.60
2009.09.14 07:13:13.122,1.3185,1.3187,8.50,3.60
2009.09.14 07:13:13.352,1.31855,1.3187,1.00,1.00
2009.09.14 07:13:13.802,1.3185,1.31865,3.70,1.00
2009.09.14 07:13:14.032,1.3185,1.31865,1.20,1.00
2009.09.14 07:13:15.551,1.31845,1.3186,3.60,1.20
2009.09.14 07:13:15.891,1.3185,1.3186,1.20,1.00
2009.09.14 07:13:16.181,1.3185,1.31865,1.20,1.00
2009.09.14 07:13:17.451,1.3185,1.3187,3.20,2.40
2009.09.14 07:13:17.800,1.31845,1.3187,2.60,8.00
2009.09.14 07:13:18.131,1.3185,1.3187,1.00,1.90
2009.09.14 07:13:18.991,1.31845,1.3187,2.80,2.70
2009.09.14 07:13:19.110,1.31845,1.3187,2.80,3.10
2009.09.14 07:13:19.700,1.31845,1.3187,2.60,3.30
2009.09.14 07:13:19.810,1.31845,1.31865,2.20,4.80
2009.09.14 07:13:19.870,1.31845,1.31865,2.80,11.10
2009.09.14 07:13:20.430,1.31845,1.31865,2.80,3.20
2009.09.14 07:13:20.770,1.31845,1.31865,2.80,2.80
2009.09.14 07:13:21.110,1.31845,1.3186,2.00,1.00
2009.09.14 07:13:21.460,1.31845,1.3186,1.00,2.40
2009.09.14 07:13:21.820,1.3184,1.3186,3.00,2.10
2009.09.14 07:13:22.170,1.3184,1.31855,1.40,1.00
2009.09.14 07:13:22.469,1.3184,1.31855,1.50,1.00
2009.09.14 07:13:22.769,1.3184,1.31855,1.20,1.00
2009.09.14 07:13:23.060,1.3184,1.31855,1.20,1.00
2009.09.14 07:13:23.339,1.3184,1.31855,1.00,11.10
2009.09.14 07:13:23.509,1.3184,1.3185,1.00,1.00
2009.09.14 07:13:23.739,1.31835,1.3185,1.00,1.00
2009.09.14 07:13:23.970,1.31835,1.3185,1.00,6.50
2009.09.14 07:13:24.729,1.3184,1.3185,1.00,8.00
2009.09.14 07:13:25.079,1.31835,1.3185,1.00,1.60
2009.09.14 07:13:25.419,1.31835,1.3185,2.60,8.00
2009.09.14 07:13:25.769,1.31835,1.3185,1.00,1.00
2009.09.14 07:13:26.109,1.31835,1.3185,1.00,2.30
2009.09.14 07:13:26.399,1.3184,1.3185,1.00,2.10
2009.09.14 07:13:26.799,1.31835,1.31855,2.60,8.90
2009.09.14 07:13:27.139,1.31835,1.3185,1.00,2.40
2009.09.14 07:13:27.478,1.31835,1.31845,1.00,8.00
2009.09.14 07:13:27.818,1.31835,1.31845,1.00,4.00
2009.09.14 07:13:28.178,1.31835,1.3185,1.00,8.00
2009.09.14 07:13:29.108,1.31835,1.31855,1.00,8.10
2009.09.14 07:13:29.278,1.31835,1.31855,1.00,8.10
2009.09.14 07:13:29.398,1.31835,1.31855,1.00,8.00
2009.09.14 07:13:29.568,1.31835,1.3185,1.00,1.00
2009.09.14 07:13:29.908,1.31835,1.3185,1.00,2.40
2009.09.14 07:13:30.238,1.31835,1.3185,1.00,1.60
2009.09.14 07:13:30.919,1.31835,1.3185,1.20,4.00
2009.09.14 07:13:31.197,1.3183,1.31845,1.00,2.50
2009.09.14 07:13:31.417,1.3183,1.31845,1.60,2.50
2009.09.14 07:13:31.697,1.31835,1.31845,1.00,2.50
2009.09.14 07:13:31.927,1.31835,1.3185,1.60,2.50
2009.09.14 07:13:32.287,1.3184,1.3185,1.00,1.70
2009.09.14 07:13:32.637,1.31845,1.3186,1.00,1.00
2009.09.14 07:13:32.987,1.3184,1.3186,2.80,1.00
2009.09.14 07:13:33.327,1.3184,1.3186,2.00,2.50
2009.09.14 07:13:34.656,1.3184,1.3185,2.00,1.00
2009.09.14 07:13:34.887,1.3184,1.3185,1.20,1.00
2009.09.14 07:13:35.176,1.3184,1.3185,1.00,1.00
2009.09.14 07:13:35.886,1.3184,1.3185,1.00,2.50
2009.09.14 07:13:36.816,1.3184,1.31845,1.00,1.00
2009.09.14 07:13:37.396,1.3183,1.31845,1.00,10.90
2009.09.14 07:13:38.146,1.31835,1.31845,3.30,10.60
2009.09.14 07:13:38.496,1.31845,1.3188,2.90,9.10
2009.09.14 07:13:38.666,1.3185,1.3188,1.00,5.10
2009.09.14 07:13:38.786,1.3185,1.3188,6.80,2.70
2009.09.14 07:13:38.966,1.3185,1.3188,7.20,2.50
2009.09.14 07:13:39.146,1.3185,1.3188,8.90,2.50
2009.09.14 07:13:39.256,1.3185,1.3188,9.30,2.50
2009.09.14 07:13:39.545,1.3185,1.3187,9.30,4.90
2009.09.14 07:13:39.905,1.3185,1.31865,7.20,1.00
2009.09.14 07:13:40.255,1.3185,1.31865,7.20,1.70
2009.09.14 07:13:40.645,1.3185,1.3187,7.20,10.70
2009.09.14 07:13:40.995,1.3185,1.3187,7.20,2.70
2009.09.14 07:13:41.345,1.3185,1.3187,7.20,2.50
2009.09.14 07:13:41.695,1.3185,1.3187,7.20,4.90
2009.09.14 07:13:42.045,1.3185,1.31865,7.20,1.60
2009.09.14 07:13:42.385,1.3185,1.3187,7.20,2.50
2009.09.14 07:13:42.745,1.3185,1.31865,7.20,1.00
2009.09.14 07:13:43.035,1.3185,1.31865,1.20,2.40
2009.09.14 07:13:43.674,1.3185,1.31855,1.00,10.40
2009.09.14 07:13:43.965,1.3184,1.3185,1.60,1.00
2009.09.14 07:13:44.135,1.3184,1.3185,2.40,2.50
2009.09.14 07:13:44.364,1.3184,1.3185,1.00,4.00
2009.09.14 07:13:44.534,1.31835,1.31845,1.00,1.00
2009.09.14 07:13:46.094,1.3183,1.31845,3.20,1.00
2009.09.14 07:13:46.444,1.3183,1.31845,3.20,2.50
2009.09.14 07:13:47.643,1.31835,1.31845,1.00,1.60
2009.09.14 07:13:47.924,1.3184,1.3185,1.00,2.40
2009.09.14 07:13:48.213,1.3184,1.3185,1.00,2.30
2009.09.14 07:13:48.553,1.3184,1.3185,1.00,2.40
2009.09.14 07:13:48.723,1.31845,1.3185,1.00,1.60
2009.09.14 07:13:48.893,1.31845,1.31855,1.00,10.50
2009.09.14 07:13:49.063,1.31845,1.31855,1.00,12.90
2009.09.14 07:13:49.233,1.3184,1.3185,1.60,1.00
2009.09.14 07:13:49.473,1.31835,1.3185,1.20,2.50
2009.09.14 07:13:50.872,1.31835,1.3185,1.00,2.50
2009.09.14 07:13:51.582,1.3183,1.3185,4.00,2.50
2009.09.14 07:13:52.334,1.31835,1.3185,2.40,2.50
2009.09.14 07:13:52.552,1.3184,1.31855,1.00,2.50
2009.09.14 07:13:53.572,1.3184,1.31855,1.00,2.80
2009.09.14 07:13:53.972,1.31835,1.31855,3.60,3.60
2009.09.14 07:13:54.142,1.3184,1.31845,1.00,1.00
2009.09.14 07:13:54.362,1.3184,1.31845,6.90,1.00
2009.09.14 07:13:54.532,1.3184,1.3186,7.30,2.80
2009.09.14 07:13:54.712,1.3184,1.3186,6.90,1.20
2009.09.14 07:13:57.871,1.3184,1.3186,6.80,1.20
2009.09.14 07:13:58.111,1.3184,1.3186,6.80,2.00
2009.09.14 07:13:58.231,1.3184,1.3186,6.80,4.40
2009.09.14 07:13:58.351,1.3184,1.31855,1.00,1.00
2009.09.14 07:13:59.091,1.3184,1.31855,1.00,2.40
2009.09.14 07:14:00.530,1.3184,1.3186,1.00,9.20
2009.09.14 07:14:00.870,1.3184,1.31855,1.00,1.00
2009.09.14 07:14:05.019,1.31835,1.3185,1.00,1.00
2009.09.14 07:14:05.369,1.3183,1.31845,2.80,2.40
2009.09.14 07:14:05.709,1.3183,1.3184,1.00,3.30
2009.09.14 07:14:06.039,1.3182,1.3183,2.00,1.00
2009.09.14 07:14:06.379,1.3182,1.31835,1.60,2.80
2009.09.14 07:14:07.129,1.3182,1.3183,1.00,1.00
2009.09.14 07:14:07.479,1.3182,1.31825,1.00,1.00
2009.09.14 07:14:07.709,1.3181,1.3182,1.60,1.00
2009.09.14 07:14:07.999,1.318,1.3182,12.00,1.00
2009.09.14 07:14:08.239,1.318,1.3182,10.60,2.00
2009.09.14 07:14:08.468,1.318,1.3182,12.20,1.00
2009.09.14 07:14:09.178,1.318,1.31815,11.20,1.00
2009.09.14 07:14:09.478,1.318,1.3182,10.40,2.50
2009.09.14 07:14:09.818,1.318,1.3182,10.50,2.40
2009.09.14 07:14:10.208,1.318,1.3182,10.20,2.70
2009.09.14 07:14:10.508,1.318,1.3182,10.40,2.70
2009.09.14 07:14:10.858,1.318,1.3182,10.50,2.50
2009.09.14 07:14:11.208,1.318,1.3182,10.40,2.70
2009.09.14 07:14:11.947,1.318,1.3182,10.00,2.70
2009.09.14 07:14:12.248,1.31805,1.3182,1.00,2.00
2009.09.14 07:14:12.647,1.318,1.31815,1.20,1.00
2009.09.14 07:14:13.007,1.318,1.31815,1.00,1.30
2009.09.14 07:14:13.747,1.318,1.31815,1.00,13.30
2009.09.14 07:14:13.977,1.318,1.31805,1.00,5.00
2009.09.14 07:14:14.157,1.31795,1.31805,1.00,1.70
2009.09.14 07:14:14.277,1.31795,1.31805,1.10,1.00
2009.09.14 07:14:14.457,1.3179,1.3181,10.10,2.90
2009.09.14 07:14:14.757,1.3179,1.3181,10.20,2.80
2009.09.14 07:14:14.927,1.3179,1.3181,10.10,2.90
2009.09.14 07:14:15.037,1.3179,1.3181,10.10,2.50
2009.09.14 07:14:15.787,1.3179,1.3181,10.20,2.40
2009.09.14 07:14:16.137,1.3179,1.3181,10.10,2.50
2009.09.14 07:14:16.476,1.31795,1.3181,10.70,1.60
2009.09.14 07:14:16.826,1.31795,1.31815,10.70,2.50
2009.09.14 07:14:17.156,1.31795,1.31815,10.80,11.50
2009.09.14 07:14:18.546,1.31795,1.31815,11.50,10.50
2009.09.14 07:14:19.356,1.3181,1.31815,1.00,2.40
2009.09.14 07:14:19.476,1.31805,1.31815,1.10,1.60
2009.09.14 07:14:19.596,1.31805,1.3182,1.10,2.50
2009.09.14 07:14:19.706,1.31805,1.3181,1.10,1.00
2009.09.14 07:14:19.826,1.318,1.3181,2.40,1.00
2009.09.14 07:14:20.006,1.31795,1.3181,2.00,1.00
2009.09.14 07:14:20.125,1.31795,1.3181,1.00,2.50
2009.09.14 07:14:21.046,1.31795,1.3181,1.00,1.60
2009.09.14 07:14:22.045,1.318,1.3182,9.30,2.40
2009.09.14 07:14:22.325,1.3181,1.31825,2.80,1.60
2009.09.14 07:14:22.665,1.31805,1.31825,1.00,1.60
2009.09.14 07:14:22.945,1.31805,1.3182,1.00,1.00
2009.09.14 07:14:23.225,1.31805,1.3183,2.10,2.50
2009.09.14 07:14:25.184,1.31805,1.3182,2.00,1.00
2009.09.14 07:14:25.464,1.318,1.3182,7.60,1.00
2009.09.14 07:14:25.694,1.318,1.3182,1.00,2.50
2009.09.14 07:14:26.274,1.31795,1.3181,4.40,1.00
2009.09.14 07:14:26.634,1.31795,1.3181,1.00,1.00
2009.09.14 07:14:27.344,1.31795,1.3181,1.00,1.70
2009.09.14 07:14:29.104,1.31795,1.3181,1.00,1.70
2009.09.14 07:14:29.163,1.31795,1.3181,1.00,4.10
2009.09.14 07:14:29.273,1.3179,1.318,1.00,1.00
2009.09.14 07:14:29.333,1.3179,1.318,1.00,1.70
2009.09.14 07:14:29.453,1.3179,1.318,1.00,5.70
2009.09.14 07:14:29.554,1.3179,1.318,1.00,9.70
2009.09.14 07:14:29.843,1.3179,1.318,1.00,8.10
2009.09.14 07:14:30.013,1.3179,1.318,1.00,8.00
2009.09.14 07:14:30.353,1.31795,1.318,1.00,8.00
2009.09.14 07:14:30.693,1.31795,1.3181,1.50,2.30
2009.09.14 07:14:31.093,1.31795,1.318,1.50,8.00
2009.09.14 07:14:31.423,1.3179,1.318,1.00,1.00
2009.09.14 07:14:31.813,1.3179,1.31805,1.00,10.10
2009.09.14 07:14:32.143,1.3179,1.31805,6.40,8.00
2009.09.14 07:14:32.493,1.3179,1.31805,8.80,8.00
2009.09.14 07:14:32.893,1.3179,1.31805,3.20,10.10
2009.09.14 07:14:33.563,1.3179,1.318,1.00,8.00
2009.09.14 07:14:33.783,1.318,1.31805,1.00,10.10
2009.09.14 07:14:35.202,1.3179,1.318,4.00,2.10
2009.09.14 07:14:35.592,1.3179,1.31805,1.20,10.10
2009.09.14 07:14:36.282,1.31795,1.31805,1.00,1.60
2009.09.14 07:14:36.632,1.3179,1.31805,1.20,2.50
2009.09.14 07:14:36.971,1.3179,1.31805,1.20,8.10
2009.09.14 07:14:37.371,1.3179,1.3181,1.20,17.30
2009.09.14 07:14:37.712,1.31785,1.31805,4.40,1.00
2009.09.14 07:14:38.061,1.31785,1.31805,3.60,9.70
2009.09.14 07:14:38.401,1.31785,1.31805,2.70,9.70
2009.09.14 07:14:38.581,1.31785,1.31805,1.90,10.50
2009.09.14 07:14:38.761,1.31785,1.31805,1.90,17.70
2009.09.14 07:14:39.271,1.31785,1.31805,1.10,18.50
2009.09.14 07:14:42.200,1.3178,1.31795,4.40,1.00
2009.09.14 07:14:42.430,1.3178,1.31795,1.00,2.40
2009.09.14 07:14:42.940,1.3178,1.3179,1.00,1.00
2009.09.14 07:14:43.290,1.3178,1.3179,1.00,2.40
2009.09.14 07:14:43.640,1.3178,1.31795,1.00,5.10
2009.09.14 07:14:43.970,1.3178,1.31795,1.00,3.50
2009.09.14 07:14:44.310,1.3179,1.31795,1.00,2.00
2009.09.14 07:14:44.670,1.31795,1.31805,6.40,3.20
2009.09.14 07:14:45.070,1.3181,1.31815,1.00,1.00
2009.09.14 07:14:45.410,1.31815,1.31825,1.00,1.00
2009.09.14 07:14:45.800,1.31805,1.3182,1.00,1.00
2009.09.14 07:14:46.159,1.3181,1.3182,1.00,2.30
2009.09.14 07:14:46.839,1.31805,1.31815,1.20,3.20
2009.09.14 07:14:47.589,1.31805,1.3181,1.00,9.20
2009.09.14 07:14:47.929,1.3179,1.31795,1.00,1.30
2009.09.14 07:14:48.099,1.3179,1.318,1.00,3.10
2009.09.14 07:14:48.149,1.3179,1.318,1.00,1.00
2009.09.14 07:14:48.259,1.3179,1.31795,1.00,1.00
2009.09.14 07:14:48.719,1.3179,1.318,1.00,3.50
2009.09.14 07:14:48.829,1.3179,1.318,1.00,1.10
2009.09.14 07:14:48.889,1.3179,1.318,1.00,1.00
2009.09.14 07:14:49.629,1.3179,1.31795,1.00,1.00
2009.09.14 07:14:50.318,1.3179,1.318,1.00,1.00
2009.09.14 07:14:50.668,1.3179,1.31795,1.00,1.00
2009.09.14 07:14:51.018,1.3179,1.31795,1.00,1.00
2009.09.14 07:14:51.358,1.3179,1.31795,1.00,1.60
2009.09.14 07:14:51.698,1.3178,1.3179,1.00,1.00
2009.09.14 07:14:52.358,1.3178,1.3179,1.00,1.00
2009.09.14 07:14:52.698,1.3179,1.31795,1.00,2.30
2009.09.14 07:14:53.458,1.3179,1.31795,1.00,1.00
2009.09.14 07:14:53.568,1.3178,1.31795,1.00,1.00
2009.09.14 07:14:53.918,1.3178,1.3179,1.00,1.00
2009.09.14 07:14:54.037,1.3178,1.3179,1.00,2.30
2009.09.14 07:14:54.327,1.31775,1.3179,1.20,1.00
2009.09.14 07:14:54.438,1.31775,1.3179,1.00,1.00
2009.09.14 07:14:59.756,1.31775,1.3179,1.00,1.00
2009.09.14 07:14:59.986,1.3178,1.31785,5.20,1.00
2009.09.14 07:15:00.216,1.31785,1.31795,1.20,1.00
2009.09.14 07:15:00.446,1.31785,1.31795,1.00,1.00
2009.09.14 07:15:00.666,1.3178,1.31795,1.00,1.00
2009.09.14 07:15:00.896,1.3178,1.31795,2.40,4.00
2009.09.14 07:15:01.236,1.31785,1.31795,1.00,3.10
2009.09.14 07:15:01.615,1.31785,1.31795,1.20,1.60
2009.09.14 07:15:02.645,1.31785,1.31795,1.00,1.00
2009.09.14 07:15:03.055,1.3178,1.31795,1.70,4.30
2009.09.14 07:15:03.395,1.3177,1.3179,9.70,1.00
2009.09.14 07:15:03.745,1.3178,1.3179,1.60,1.00
2009.09.14 07:15:04.035,1.31775,1.3179,1.00,1.00
2009.09.14 07:15:05.025,1.3177,1.3179,17.30,1.00
2009.09.14 07:15:06.054,1.3177,1.3179,18.90,1.00
2009.09.14 07:15:06.384,1.3177,1.3179,19.70,1.00
2009.09.14 07:15:07.014,1.3177,1.3179,11.70,1.00
2009.09.14 07:15:07.704,1.31775,1.3179,1.00,1.00
2009.09.14 07:15:08.994,1.3178,1.31795,1.20,2.80
2009.09.14 07:15:09.264,1.3178,1.3179,2.00,3.20
2009.09.14 07:15:09.324,1.3178,1.3179,7.20,3.20
2009.09.14 07:15:09.434,1.3178,1.31795,9.60,2.80
2009.09.14 07:15:09.494,1.3179,1.31795,1.00,3.20
2009.09.14 07:15:09.614,1.3179,1.31795,1.00,1.60
2009.09.14 07:15:10.674,1.3179,1.318,1.00,1.00
2009.09.14 07:15:11.763,1.3179,1.318,1.60,1.00
2009.09.14 07:15:12.713,1.3179,1.318,1.60,1.10
2009.09.14 07:15:14.202,1.3179,1.318,1.60,1.00
2009.09.14 07:15:20.031,1.31795,1.318,1.00,1.00
2009.09.14 07:15:20.532,1.31795,1.31805,1.50,1.00
2009.09.14 07:15:20.861,1.31795,1.31805,2.30,1.00
2009.09.14 07:15:21.871,1.318,1.3181,1.00,1.20
2009.09.14 07:15:22.270,1.31795,1.31805,1.00,1.00
2009.09.14 07:15:27.479,1.31795,1.31805,1.00,2.50
2009.09.14 07:15:28.519,1.3178,1.31795,6.40,1.00
2009.09.14 07:15:28.629,1.3178,1.31795,1.60,1.00
2009.09.14 07:15:28.679,1.3178,1.318,4.00,2.90
2009.09.14 07:15:29.439,1.31785,1.318,1.00,2.50
2009.09.14 07:15:31.688,1.3178,1.318,1.20,5.70
2009.09.14 07:15:31.928,1.3178,1.31795,1.60,1.00
2009.09.14 07:15:32.448,1.31785,1.318,1.00,2.80
2009.09.14 07:15:32.728,1.31785,1.318,1.00,2.70
2009.09.14 07:15:32.958,1.31785,1.31805,1.00,5.20
2009.09.14 07:15:36.367,1.31785,1.31805,1.00,4.90
2009.09.14 07:15:38.727,1.31785,1.31805,1.00,3.30
2009.09.14 07:15:40.176,1.31785,1.31805,1.00,3.20
2009.09.14 07:15:40.506,1.31785,1.31805,1.00,3.30
2009.09.14 07:15:42.846,1.31785,1.31805,1.00,3.20
2009.09.14 07:15:43.195,1.31785,1.31805,1.00,3.30
2009.09.14 07:15:43.245,1.31785,1.31805,1.00,3.20
2009.09.14 07:15:43.925,1.31785,1.318,1.00,1.00
2009.09.14 07:15:44.045,1.3178,1.31795,4.40,1.00
2009.09.14 07:15:44.146,1.3178,1.3179,1.00,1.00
2009.09.14 07:15:44.445,1.31765,1.31785,8.80,1.00
2009.09.14 07:15:44.785,1.31765,1.31785,2.40,1.00
2009.09.14 07:15:45.075,1.31765,1.3179,5.60,1.00
2009.09.14 07:15:45.405,1.31765,1.3179,7.60,1.00
2009.09.14 07:15:45.755,1.31765,1.3179,7.60,1.00
2009.09.14 07:15:46.455,1.31765,1.3179,8.00,1.00
2009.09.14 07:15:47.484,1.31765,1.3179,8.80,1.00
2009.09.14 07:15:48.224,1.31765,1.3179,8.10,1.00
2009.09.14 07:15:48.844,1.31765,1.3179,8.00,1.00
2009.09.14 07:15:48.954,1.31765,1.3179,7.60,1.00
2009.09.14 07:15:51.923,1.31765,1.3179,8.00,1.00
2009.09.14 07:15:52.263,1.31765,1.3179,8.10,1.00
2009.09.14 07:15:53.513,1.31765,1.3179,8.00,1.00
2009.09.14 07:15:53.753,1.31765,1.3179,8.10,1.00
2009.09.14 07:15:54.043,1.31765,1.3179,16.10,1.00
2009.09.14 07:15:54.223,1.31765,1.3179,16.10,1.50
2009.09.14 07:15:55.073,1.31765,1.3179,12.90,1.50
2009.09.14 07:15:55.433,1.31765,1.3179,10.40,1.60
2009.09.14 07:15:55.762,1.31765,1.3179,10.50,1.50
2009.09.14 07:15:56.722,1.31765,1.3179,8.10,1.50
2009.09.14 07:15:57.352,1.3177,1.3179,6.40,1.50
2009.09.14 07:15:57.642,1.3177,1.3179,8.00,1.50
2009.09.14 07:15:59.711,1.3177,1.3179,8.00,1.30
2009.09.14 07:16:00.122,1.3177,1.3179,2.80,1.30
2009.09.14 07:16:00.241,1.3177,1.31785,3.20,1.50
2009.09.14 07:16:00.351,1.3177,1.31785,1.00,1.50
2009.09.14 07:16:00.851,1.31765,1.3178,4.00,1.30
2009.09.14 07:16:01.252,1.3176,1.3178,1.00,1.30
2009.09.14 07:16:01.951,1.3176,1.3178,2.40,1.30
2009.09.14 07:16:04.850,1.3176,1.3178,1.60,1.30
2009.09.14 07:16:05.190,1.31755,1.3178,11.60,1.30
2009.09.14 07:16:06.180,1.3176,1.3178,6.40,1.30
2009.09.14 07:16:06.350,1.31765,1.3178,1.00,1.30
2009.09.14 07:16:06.580,1.3177,1.3178,1.00,1.30
2009.09.14 07:16:07.380,1.3177,1.3178,1.00,3.90
2009.09.14 07:16:07.719,1.3176,1.3177,1.00,1.00
2009.09.14 07:16:08.100,1.31755,1.3177,7.70,1.00
2009.09.14 07:16:08.439,1.3176,1.31775,1.00,2.00
2009.09.14 07:16:08.659,1.3176,1.31775,1.00,1.30
2009.09.14 07:16:09.060,1.3176,1.31775,1.60,1.30
2009.09.14 07:16:09.459,1.3176,1.31775,2.50,1.30
2009.09.14 07:16:09.680,1.3176,1.31775,1.00,1.30
2009.09.14 07:16:12.119,1.3176,1.31775,1.60,1.30
2009.09.14 07:16:12.348,1.3176,1.31775,3.20,1.30
2009.09.14 07:16:13.808,1.3176,1.3178,8.00,1.50
2009.09.14 07:16:14.508,1.3176,1.3178,8.40,1.50
2009.09.14 07:16:18.187,1.3176,1.3178,8.50,1.50
2009.09.14 07:16:18.297,1.3176,1.3178,8.40,1.50
2009.09.14 07:16:18.527,1.3176,1.3178,8.50,1.50
2009.09.14 07:16:21.167,1.3176,1.3178,13.70,1.30
2009.09.14 07:16:21.806,1.3176,1.3178,15.30,1.30
2009.09.14 07:16:22.456,1.3176,1.3178,13.60,1.30
2009.09.14 07:16:23.556,1.3176,1.3178,13.70,1.30
2009.09.14 07:16:28.175,1.3176,1.3178,14.50,1.30
2009.09.14 07:16:28.385,1.31765,1.31785,2.50,1.00
2009.09.14 07:16:28.565,1.31775,1.3179,1.00,9.50
2009.09.14 07:16:28.914,1.31775,1.3179,1.20,1.50
2009.09.14 07:16:29.764,1.31775,1.3179,1.20,1.30
2009.09.14 07:16:30.454,1.31775,1.31795,3.60,1.50
2009.09.14 07:16:30.754,1.31775,1.31795,2.40,1.30
2009.09.14 07:16:31.464,1.31775,1.31795,4.80,1.30
2009.09.14 07:16:31.804,1.31775,1.31795,12.80,1.30
2009.09.14 07:16:34.563,1.31775,1.31795,4.80,1.30
2009.09.14 07:16:41.921,1.31775,1.31795,4.90,1.30
2009.09.14 07:16:45.411,1.31775,1.3178,1.00,2.40
2009.09.14 07:16:45.761,1.31765,1.3179,8.10,3.10
2009.09.14 07:16:46.141,1.3177,1.3179,2.40,1.00
2009.09.14 07:16:46.840,1.3177,1.3179,1.00,1.10
2009.09.14 07:16:49.140,1.3177,1.3179,1.00,1.80
2009.09.14 07:16:49.829,1.3177,1.3179,1.00,1.00
2009.09.14 07:16:51.449,1.3177,1.3179,1.00,1.00
2009.09.14 07:17:02.267,1.3177,1.3179,6.00,1.00
2009.09.14 07:17:02.616,1.31775,1.3179,1.60,1.00
2009.09.14 07:17:02.966,1.3177,1.3179,3.20,1.00
2009.09.14 07:17:03.307,1.3177,1.31795,4.00,4.00
2009.09.14 07:17:03.486,1.3177,1.3179,3.20,1.00
2009.09.14 07:17:03.656,1.3177,1.31795,4.00,1.40
2009.09.14 07:17:03.886,1.3177,1.31795,5.60,1.40
2009.09.14 07:17:05.266,1.31775,1.31795,1.60,1.40
2009.09.14 07:17:05.506,1.31775,1.31795,2.40,1.30
2009.09.14 07:17:05.796,1.31775,1.31785,1.60,1.00
2009.09.14 07:17:06.085,1.31775,1.3179,1.00,2.50
2009.09.14 07:17:06.435,1.31775,1.31785,2.40,1.00
2009.09.14 07:17:06.785,1.3178,1.31785,1.00,1.00
2009.09.14 07:17:07.606,1.3177,1.3179,1.60,1.60
2009.09.14 07:17:07.665,1.3177,1.31795,3.20,1.30
2009.09.14 07:17:09.035,1.3177,1.3179,1.00,1.00
2009.09.14 07:17:12.374,1.31775,1.31795,1.60,1.30
2009.09.14 07:17:12.614,1.31775,1.31795,3.20,1.30
2009.09.14 07:17:12.884,1.31775,1.31795,14.40,1.30
2009.09.14 07:17:13.184,1.31775,1.31795,15.20,1.30
2009.09.14 07:17:13.464,1.31775,1.31795,16.80,1.30
2009.09.14 07:17:14.084,1.31775,1.31795,12.00,1.30
2009.09.14 07:17:14.204,1.31775,1.31795,1.60,1.30
2009.09.14 07:17:14.673,1.3177,1.31795,16.80,1.30
2009.09.14 07:17:15.263,1.3177,1.31795,16.80,3.90
2009.09.14 07:17:15.594,1.3177,1.3179,14.40,1.30
2009.09.14 07:17:16.326,1.3177,1.3179,6.40,1.30
2009.09.14 07:17:18.702,1.3177,1.31795,6.40,3.60
2009.09.14 07:17:20.392,1.3177,1.31795,4.00,3.60
2009.09.14 07:17:20.562,1.3177,1.31795,1.00,3.60
2009.09.14 07:17:21.122,1.3177,1.31795,1.00,5.20
2009.09.14 07:17:21.462,1.3177,1.31795,1.00,3.60
2009.09.14 07:17:21.822,1.3177,1.3179,1.00,1.00
2009.09.14 07:17:22.472,1.3177,1.31785,1.00,1.00
2009.09.14 07:17:22.761,1.3177,1.3179,1.00,1.00
2009.09.14 07:17:24.161,1.3177,1.3179,2.10,2.50
2009.09.14 07:17:24.221,1.3177,1.31785,2.00,1.00
2009.09.14 07:17:24.341,1.3177,1.3178,1.20,1.00
2009.09.14 07:17:24.401,1.3177,1.31775,1.20,1.00
2009.09.14 07:17:24.511,1.3177,1.31775,1.00,1.00
2009.09.14 07:17:24.571,1.3177,1.31775,1.00,1.00
2009.09.14 07:17:24.681,1.31765,1.31775,1.00,1.00
2009.09.14 07:17:25.431,1.31765,1.31785,1.60,8.20
2009.09.14 07:17:25.771,1.31765,1.31785,3.20,1.20
2009.09.14 07:17:26.121,1.31765,1.31785,1.00,1.00
2009.09.14 07:17:28.420,1.3177,1.31785,1.00,1.50
2009.09.14 07:17:28.711,1.3177,1.31775,1.00,1.00
2009.09.14 07:17:28.880,1.3177,1.31775,1.00,1.00
2009.09.14 07:17:28.990,1.3177,1.31775,1.00,1.00
2009.09.14 07:17:29.110,1.3177,1.3179,1.00,6.90
2009.09.14 07:17:29.220,1.3177,1.3179,1.00,3.70
2009.09.14 07:17:29.870,1.3177,1.3179,1.00,5.70
2009.09.14 07:17:34.529,1.3177,1.3179,1.00,8.50
2009.09.14 07:17:34.649,1.3177,1.31785,1.00,1.00
2009.09.14 07:17:34.879,1.3177,1.31785,1.00,1.20
2009.09.14 07:17:34.989,1.3177,1.31785,1.20,1.20
2009.09.14 07:17:35.099,1.3177,1.31785,1.00,1.20
2009.09.14 07:17:37.858,1.31775,1.31785,1.00,1.00
2009.09.14 07:17:38.248,1.31775,1.31795,1.00,14.00
2009.09.14 07:17:38.598,1.31775,1.31795,3.70,1.20
2009.09.14 07:17:38.828,1.31775,1.31795,3.90,1.20
2009.09.14 07:17:40.907,1.31775,1.31785,1.00,1.00
2009.09.14 07:17:41.817,1.3177,1.31785,2.00,1.00
2009.09.14 07:17:42.147,1.3177,1.31785,1.60,2.00
2009.09.14 07:17:42.477,1.3177,1.31785,1.00,2.80
2009.09.14 07:17:42.957,1.3177,1.31785,1.00,1.20
2009.09.14 07:17:43.307,1.3177,1.31785,1.00,9.20
2009.09.14 07:17:43.657,1.3177,1.31785,1.00,1.00
2009.09.14 07:17:45.426,1.3177,1.31785,1.00,1.20
2009.09.14 07:17:45.706,1.3177,1.31785,1.00,1.00
2009.09.14 07:17:46.056,1.3177,1.3179,1.00,10.50
2009.09.14 07:17:46.396,1.3177,1.3179,1.00,2.50
2009.09.14 07:17:46.736,1.3177,1.3178,1.00,2.40
2009.09.14 07:17:47.086,1.3177,1.31785,1.00,8.80
2009.09.14 07:17:47.426,1.3177,1.31785,1.00,1.00
2009.09.14 07:17:47.756,1.3177,1.3179,1.00,1.00
2009.09.14 07:17:48.795,1.3177,1.3179,1.00,1.00
2009.09.14 07:17:49.585,1.3177,1.31795,1.00,20.40
2009.09.14 07:17:49.755,1.3177,1.31795,1.00,16.40
2009.09.14 07:17:49.875,1.3177,1.31795,1.00,5.20
2009.09.14 07:17:51.755,1.31775,1.31795,1.20,2.80
2009.09.14 07:17:52.044,1.31775,1.31795,2.80,1.20
2009.09.14 07:17:52.385,1.31775,1.3179,2.50,1.00
2009.09.14 07:17:52.744,1.3177,1.3179,5.30,1.00
2009.09.14 07:17:53.084,1.31775,1.3179,2.70,2.40
2009.09.14 07:17:53.364,1.3177,1.3178,1.00,1.00
2009.09.14 07:17:53.654,1.3177,1.3178,1.00,1.10
2009.09.14 07:17:54.645,1.3177,1.31795,1.00,5.20
2009.09.14 07:17:54.864,1.3177,1.31795,1.00,5.20
2009.09.14 07:17:58.383,1.3177,1.31795,1.00,3.00
2009.09.14 07:17:58.603,1.31775,1.31795,1.00,1.00
2009.09.14 07:18:00.293,1.3177,1.31795,5.60,3.40
2009.09.14 07:18:00.583,1.3177,1.31795,1.00,3.60
2009.09.14 07:18:00.882,1.31775,1.31795,1.00,3.60
2009.09.14 07:18:01.222,1.31775,1.31795,1.00,1.00
2009.09.14 07:18:01.702,1.31775,1.31795,4.00,1.00
2009.09.14 07:18:02.062,1.31775,1.31795,5.60,1.00
2009.09.14 07:18:02.802,1.31775,1.31795,4.00,1.00
2009.09.14 07:18:03.092,1.31775,1.31795,1.60,3.40
2009.09.14 07:18:03.372,1.31775,1.31795,1.00,1.00
2009.09.14 07:18:03.672,1.31775,1.31795,2.40,1.00
2009.09.14 07:18:04.481,1.3178,1.31795,1.00,1.00
2009.09.14 07:18:11.100,1.31775,1.31795,5.60,1.00
2009.09.14 07:18:11.450,1.31775,1.3179,3.20,2.90
2009.09.14 07:18:11.750,1.3177,1.31785,5.80,1.00
2009.09.14 07:18:17.768,1.31785,1.3179,1.00,3.20
2009.09.14 07:18:18.048,1.31785,1.318,1.00,7.40
2009.09.14 07:18:18.348,1.3178,1.31795,2.40,1.00
2009.09.14 07:18:18.638,1.31775,1.31795,5.60,1.00
2009.09.14 07:18:19.498,1.31775,1.31795,4.80,1.00
2009.09.14 07:18:19.678,1.31775,1.31795,3.20,1.00
2009.09.14 07:18:20.878,1.31775,1.31795,5.60,1.00
2009.09.14 07:18:24.097,1.31775,1.31795,1.00,1.40
2009.09.14 07:18:24.267,1.3178,1.31795,1.00,1.00
2009.09.14 07:18:25.137,1.3178,1.318,1.00,2.00
2009.09.14 07:18:25.247,1.31785,1.318,1.00,1.80
2009.09.14 07:18:27.306,1.31785,1.318,1.00,1.80
2009.09.14 07:18:32.555,1.31785,1.318,1.00,2.00
2009.09.14 07:18:33.485,1.31785,1.318,1.00,1.80
2009.09.14 07:18:33.714,1.31785,1.318,2.40,1.80
2009.09.14 07:18:36.984,1.318,1.31825,6.80,1.60
2009.09.14 07:18:37.274,1.31805,1.3184,1.00,1.60
2009.09.14 07:18:37.504,1.31815,1.31845,1.00,14.40
2009.09.14 07:18:37.784,1.31815,1.31845,1.00,1.00
2009.09.14 07:18:39.433,1.3182,1.3184,4.90,1.00
2009.09.14 07:18:39.603,1.3182,1.31835,3.10,1.00
2009.09.14 07:18:39.773,1.3182,1.31835,1.00,2.90
2009.09.14 07:18:39.943,1.3182,1.3183,1.00,1.00
2009.09.14 07:18:40.103,1.3182,1.31825,1.00,1.00
2009.09.14 07:18:41.443,1.3182,1.3183,1.00,1.20
2009.09.14 07:18:41.732,1.3181,1.3183,1.20,1.20
2009.09.14 07:18:42.703,1.3181,1.3183,1.20,1.30
2009.09.14 07:18:43.682,1.31805,1.31825,3.30,1.00
2009.09.14 07:18:44.032,1.31815,1.3182,1.00,1.00
2009.09.14 07:18:45.952,1.31815,1.31825,1.00,1.00
2009.09.14 07:18:46.272,1.31815,1.3183,1.00,1.20
2009.09.14 07:18:47.312,1.31815,1.3182,1.00,1.00
2009.09.14 07:18:47.651,1.31815,1.3183,1.00,1.20
2009.09.14 07:18:48.041,1.31825,1.3183,1.10,1.00
2009.09.14 07:18:48.331,1.3181,1.31825,1.00,1.00
2009.09.14 07:18:48.681,1.3181,1.3183,1.00,1.00
2009.09.14 07:18:49.421,1.31815,1.31835,1.00,5.30
2009.09.14 07:18:49.651,1.31815,1.31835,1.00,3.70
2009.09.14 07:18:49.771,1.31815,1.3182,1.00,1.00
2009.09.14 07:18:49.891,1.3181,1.3182,1.00,1.00
2009.09.14 07:18:55.679,1.3181,1.3182,1.00,1.00
2009.09.14 07:18:56.099,1.3181,1.3183,1.00,1.00
2009.09.14 07:19:07.936,1.31815,1.31835,1.90,2.90
2009.09.14 07:19:08.266,1.3182,1.31835,1.00,3.10
2009.09.14 07:19:16.084,1.3182,1.31835,2.50,1.00
2009.09.14 07:19:16.314,1.3183,1.31845,1.00,1.00
2009.09.14 07:19:22.653,1.3183,1.31845,1.30,1.00
2009.09.14 07:19:22.992,1.3183,1.3185,2.10,2.40
2009.09.14 07:19:23.723,1.31835,1.3185,1.00,2.40
2009.09.14 07:19:24.362,1.3183,1.3185,7.50,2.40
2009.09.14 07:19:24.662,1.3183,1.3185,1.80,4.80
2009.09.14 07:19:25.402,1.3184,1.3185,5.20,4.80
2009.09.14 07:19:25.462,1.31845,1.3185,1.00,2.40
2009.09.14 07:19:25.572,1.31845,1.3185,1.00,4.60
2009.09.14 07:19:25.632,1.31835,1.31845,5.40,1.00
2009.09.14 07:19:25.812,1.31835,1.31845,1.60,1.00
2009.09.14 07:19:25.872,1.3183,1.31845,1.90,1.00
2009.09.14 07:19:26.232,1.3183,1.31845,1.00,1.00
2009.09.14 07:19:27.181,1.3184,1.3185,1.00,1.40
2009.09.14 07:19:27.401,1.3184,1.3185,1.20,1.40
2009.09.14 07:19:28.041,1.3184,1.3185,2.00,1.60
2009.09.14 07:19:28.382,1.31835,1.3185,1.00,2.00
2009.09.14 07:19:33.160,1.3184,1.3185,1.20,2.00
2009.09.14 07:19:33.450,1.3184,1.31845,1.00,1.00
2009.09.14 07:19:33.730,1.31835,1.31845,1.00,1.00
2009.09.14 07:19:37.469,1.3183,1.31835,1.00,1.00
2009.09.14 07:19:37.859,1.31825,1.31835,1.00,1.00
2009.09.14 07:19:38.549,1.31835,1.31845,1.00,1.20
2009.09.14 07:19:39.469,1.31835,1.31845,1.00,1.00
2009.09.14 07:19:39.759,1.3184,1.3185,1.00,4.40
2009.09.14 07:19:41.118,1.31835,1.31845,1.00,1.00
2009.09.14 07:19:41.918,1.3183,1.31845,2.10,2.90
2009.09.14 07:19:42.318,1.3183,1.31835,1.60,1.00
2009.09.14 07:19:42.658,1.3183,1.31845,1.00,1.00
2009.09.14 07:19:46.067,1.31835,1.3185,1.70,2.00
2009.09.14 07:19:46.407,1.31835,1.3185,11.50,2.00
2009.09.14 07:19:46.647,1.3184,1.3185,1.00,2.00
2009.09.14 07:19:46.997,1.31835,1.3185,11.50,2.00
2009.09.14 07:19:47.287,1.31835,1.3185,9.90,2.00
2009.09.14 07:19:48.447,1.31835,1.3185,9.90,2.00
2009.09.14 07:19:48.667,1.31835,1.3185,11.50,2.00
2009.09.14 07:19:51.686,1.31835,1.3185,6.70,2.00
2009.09.14 07:19:51.916,1.31835,1.31845,1.00,1.00
2009.09.14 07:19:52.255,1.3183,1.31845,1.70,1.00
2009.09.14 07:19:52.595,1.31835,1.3185,1.00,2.40
2009.09.14 07:19:53.995,1.3183,1.3184,8.80,1.00
2009.09.14 07:19:54.156,1.3183,1.3184,8.00,1.00
2009.09.14 07:19:54.215,1.31825,1.3184,4.30,1.00
2009.09.14 07:19:54.275,1.31825,1.3184,4.10,1.00
2009.09.14 07:19:54.395,1.31825,1.3184,2.40,1.00
2009.09.14 07:19:54.635,1.31825,1.3184,1.00,1.00
2009.09.14 07:19:54.805,1.31825,1.3184,1.00,1.20
2009.09.14 07:19:56.195,1.31825,1.3184,1.00,1.00
2009.09.14 07:19:58.264,1.31825,1.3184,2.30,1.00
2009.09.14 07:19:58.544,1.3183,1.3184,1.00,1.00
2009.09.14 07:20:02.533,1.31825,1.3184,4.00,1.00
2009.09.14 07:20:03.573,1.31825,1.3184,1.00,1.00
2009.09.14 07:20:04.153,1.31825,1.3184,2.20,1.00
2009.09.14 07:20:04.323,1.31825,1.3184,2.40,1.00
2009.09.14 07:20:04.443,1.31825,1.3184,4.00,1.00
2009.09.14 07:20:05.113,1.3183,1.3184,1.00,1.00
2009.09.14 07:20:05.742,1.3183,1.31845,2.10,1.00
2009.09.14 07:20:05.972,1.3183,1.31845,2.30,1.00
2009.09.14 07:20:06.202,1.3183,1.31845,3.90,1.00
2009.09.14 07:20:06.542,1.3183,1.3184,1.00,1.00
2009.09.14 07:20:10.631,1.3183,1.3184,1.00,1.00
2009.09.14 07:20:11.591,1.3183,1.3184,1.00,1.00
2009.09.14 07:20:12.111,1.31835,1.31845,1.00,1.00
2009.09.14 07:20:12.401,1.3183,1.3185,3.20,2.20
2009.09.14 07:20:12.731,1.31835,1.3185,1.00,2.00
2009.09.14 07:20:13.431,1.3183,1.3185,3.40,2.20
2009.09.14 07:20:14.360,1.3183,1.3185,1.80,2.20
2009.09.14 07:20:16.030,1.31835,1.3185,1.00,2.00
2009.09.14 07:20:17.650,1.3183,1.31845,3.20,1.00
2009.09.14 07:20:18.639,1.3184,1.3185,1.20,2.00
2009.09.14 07:20:18.989,1.3184,1.3185,2.00,2.00
2009.09.14 07:20:21.109,1.3185,1.31855,2.00,1.00
2009.09.14 07:20:21.398,1.31845,1.3185,1.00,1.40
2009.09.14 07:20:21.979,1.3185,1.31855,1.20,1.00
2009.09.14 07:20:22.268,1.3185,1.31855,1.20,1.00
2009.09.14 07:20:22.668,1.31845,1.3185,1.00,1.40
2009.09.14 07:20:25.348,1.3184,1.3185,7.20,1.40
2009.09.14 07:20:25.998,1.3185,1.31855,1.20,1.00
2009.09.14 07:20:26.158,1.3185,1.3186,2.00,2.40
2009.09.14 07:20:26.787,1.3185,1.3186,2.00,2.60
2009.09.14 07:20:26.967,1.3185,1.3186,2.00,2.40
2009.09.14 07:20:29.017,1.3185,1.3186,2.00,1.00
2009.09.14 07:20:33.416,1.31855,1.31865,1.00,2.40
2009.09.14 07:20:33.586,1.3185,1.3187,2.00,5.60
2009.09.14 07:20:33.706,1.3185,1.31865,3.20,1.00
2009.09.14 07:20:33.885,1.3185,1.31865,1.00,1.00
2009.09.14 07:20:34.465,1.31845,1.31865,3.40,1.00
2009.09.14 07:20:37.105,1.31845,1.31865,3.50,1.00
2009.09.14 07:20:56.600,1.3185,1.31865,1.00,1.00
2009.09.14 07:20:59.129,1.31855,1.3187,1.00,4.40
2009.09.14 07:20:59.239,1.31855,1.3187,1.00,1.00
2009.09.14 07:20:59.579,1.31855,1.3187,2.50,1.20
2009.09.14 07:21:00.279,1.31855,1.3187,2.50,1.60
2009.09.14 07:21:02.209,1.31855,1.3187,2.70,1.20
2009.09.14 07:21:02.559,1.3186,1.3187,1.00,1.00
2009.09.14 07:21:02.898,1.3186,1.31875,1.00,1.00
2009.09.14 07:21:05.488,1.3186,1.31875,1.00,1.00
2009.09.14 07:21:05.778,1.3186,1.31875,8.90,1.00
2009.09.14 07:21:06.068,1.3186,1.31875,10.80,1.00
2009.09.14 07:21:06.348,1.3186,1.31875,1.20,1.00
2009.09.14 07:21:06.938,1.3186,1.3188,2.40,1.90
2009.09.14 07:21:07.787,1.3186,1.3188,2.40,1.50
2009.09.14 07:21:08.597,1.3186,1.3188,2.20,1.50
2009.09.14 07:21:09.667,1.3186,1.3188,2.20,1.90
2009.09.14 07:21:10.097,1.3186,1.3188,2.20,1.50
2009.09.14 07:21:10.147,1.3186,1.3188,2.20,6.70
2009.09.14 07:21:10.207,1.3186,1.3187,1.40,3.20
2009.09.14 07:21:10.317,1.3186,1.3188,2.20,3.90
2009.09.14 07:21:10.377,1.3186,1.3187,1.80,1.60
2009.09.14 07:21:10.607,1.3186,1.31875,1.80,1.00
2009.09.14 07:21:11.337,1.3186,1.31875,7.00,1.00
2009.09.14 07:21:11.676,1.31875,1.31885,1.00,1.00
2009.09.14 07:21:11.966,1.31865,1.3188,1.00,1.00
2009.09.14 07:21:12.546,1.3187,1.3188,1.00,1.00
2009.09.14 07:21:12.836,1.31875,1.31885,1.00,1.00
2009.09.14 07:21:13.186,1.31875,1.3189,1.00,1.00
2009.09.14 07:21:14.006,1.31875,1.31885,1.00,1.00
2009.09.14 07:21:14.296,1.3187,1.31885,1.00,1.00
2009.09.14 07:21:14.466,1.31875,1.31885,1.00,1.00
2009.09.14 07:21:15.286,1.3187,1.31885,1.00,1.00
2009.09.14 07:21:15.515,1.31865,1.31885,4.80,1.00
2009.09.14 07:21:15.746,1.31865,1.31885,4.80,1.00
2009.09.14 07:21:15.966,1.31865,1.3188,1.00,2.50
2009.09.14 07:21:16.896,1.31865,1.3188,2.80,1.00
2009.09.14 07:21:17.065,1.31865,1.3188,1.70,1.00
2009.09.14 07:21:17.415,1.3187,1.3188,1.70,1.00
2009.09.14 07:21:17.575,1.3186,1.31865,2.00,1.00
2009.09.14 07:21:17.905,1.3186,1.31865,6.10,1.00
2009.09.14 07:21:18.295,1.3186,1.3188,7.90,1.00
2009.09.14 07:21:18.625,1.31865,1.31885,2.40,1.00
2009.09.14 07:21:19.934,1.3187,1.31885,1.00,1.00
2009.09.14 07:21:20.165,1.31865,1.31885,4.90,1.00
