2012.04.04 14:00:00.192,1.08232,1.08271,1.13,1.50
2012.04.04 14:00:00.317,1.08234,1.08281,1.13,1.13
2012.04.04 14:00:00.402,1.08234,1.08281,1.13,1.50
2012.04.04 14:00:00.500,1.08237,1.08272,1.50,1.13
2012.04.04 14:00:00.866,1.08206,1.08236,1.50,1.50
2012.04.04 14:00:00.967,1.08202,1.08235,2.17,1.50
2012.04.04 14:00:01.397,1.08208,1.08237,1.50,1.50
2012.04.04 14:00:01.561,1.08208,1.08247,1.50,2.25
2012.04.04 14:00:01.655,1.08202,1.08248,1.50,1.50
2012.04.04 14:00:01.886,1.08209,1.08252,1.50,1.50
2012.04.04 14:00:02.032,1.08208,1.08249,1.69,1.50
2012.04.04 14:00:02.113,1.08217,1.08251,1.50,1.50
2012.04.04 14:00:02.417,1.08211,1.08243,1.50,1.88
2012.04.04 14:00:02.924,1.08195,1.0821,2.25,2.63
2012.04.04 14:00:03.650,1.08199,1.08214,1.15,1.34
2012.04.04 14:00:03.732,1.08179,1.08214,2.63,1.71
2012.04.04 14:00:04.482,1.08207,1.08227,1.88,1.50
2012.04.04 14:00:04.584,1.08207,1.08226,1.88,1.50
2012.04.04 14:00:05.008,1.08203,1.0823,1.88,1.13
2012.04.04 14:00:05.081,1.08203,1.0823,1.88,1.13
2012.04.04 14:00:05.304,1.08206,1.0823,1.88,1.13
2012.04.04 14:00:06.024,1.08211,1.08227,1.88,1.13
2012.04.04 14:00:06.124,1.08199,1.08226,2.82,1.88
2012.04.04 14:00:06.274,1.08202,1.08228,1.88,1.13
2012.04.04 14:00:06.719,1.08199,1.08223,2.25,1.71
2012.04.04 14:00:07.025,1.08203,1.08223,1.88,1.71
2012.04.04 14:00:07.575,1.08198,1.08223,3.38,3.59
2012.04.04 14:00:08.006,1.08199,1.0822,2.25,1.71
2012.04.04 14:00:08.375,1.08196,1.08208,2.25,1.71
2012.04.04 14:00:08.475,1.08188,1.08199,3.00,1.88
2012.04.04 14:00:08.557,1.08183,1.08191,3.00,1.88
2012.04.04 14:00:09.017,1.08179,1.08191,2.25,2.63
2012.04.04 14:00:09.133,1.08149,1.08172,3.19,1.71
2012.04.04 14:00:09.426,1.08144,1.08166,1.13,1.71
2012.04.04 14:00:09.503,1.08145,1.08166,1.13,1.71
2012.04.04 14:00:09.865,1.08148,1.08172,3.59,2.63
2012.04.04 14:00:10.502,1.08155,1.08174,1.88,3.00
2012.04.04 14:00:10.589,1.08157,1.0818,2.25,3.00
2012.04.04 14:00:10.816,1.08159,1.08182,2.25,3.96
2012.04.04 14:00:11.040,1.08161,1.08183,1.77,1.13
2012.04.04 14:00:11.116,1.08165,1.08187,1.50,2.46
2012.04.04 14:00:11.259,1.08165,1.08188,1.69,2.25
2012.04.04 14:00:11.662,1.08166,1.08189,2.25,3.00
2012.04.04 14:00:11.890,1.08198,1.08203,1.50,1.50
2012.04.04 14:00:12.009,1.08208,1.08221,2.07,2.25
2012.04.04 14:00:12.102,1.08201,1.0821,2.18,1.50
2012.04.04 14:00:12.182,1.08208,1.08222,1.69,4.13
2012.04.04 14:00:12.263,1.08208,1.08219,2.44,1.88
2012.04.04 14:00:12.982,1.08203,1.08222,2.63,2.82
2012.04.04 14:00:13.160,1.08201,1.08217,3.38,1.88
2012.04.04 14:00:13.306,1.082,1.08211,2.25,1.71
2012.04.04 14:00:13.638,1.08196,1.08203,1.58,2.63
2012.04.04 14:00:14.416,1.08196,1.08203,1.58,2.63
2012.04.04 14:00:14.507,1.08179,1.08191,1.50,2.25
2012.04.04 14:00:14.882,1.08177,1.0819,1.50,1.71
2012.04.04 14:00:15.033,1.08172,1.08187,2.25,1.13
2012.04.04 14:00:15.793,1.08168,1.08187,2.25,1.13
2012.04.04 14:00:15.897,1.08171,1.08188,1.13,1.88
2012.04.04 14:00:16.259,1.08174,1.08193,1.13,3.19
2012.04.04 14:00:16.546,1.08174,1.08193,1.13,1.69
2012.04.04 14:00:17.340,1.08176,1.08191,2.25,2.63
2012.04.04 14:00:17.432,1.08176,1.08189,2.25,1.50
2012.04.04 14:00:17.795,1.0817,1.08189,2.25,3.00
2012.04.04 14:00:17.871,1.0817,1.08189,2.25,4.88
2012.04.04 14:00:18.240,1.08174,1.08189,2.25,1.88
2012.04.04 14:00:18.652,1.08171,1.08189,2.63,1.50
2012.04.04 14:00:18.937,1.08171,1.0819,5.63,3.75
2012.04.04 14:00:19.010,1.08178,1.0819,1.88,3.75
2012.04.04 14:00:19.373,1.08179,1.08193,3.00,2.63
2012.04.04 14:00:19.531,1.08178,1.0819,3.00,1.88
2012.04.04 14:00:19.619,1.08177,1.08184,1.50,3.00
2012.04.04 14:00:20.379,1.08174,1.08183,2.25,2.63
2012.04.04 14:00:20.503,1.08174,1.08184,1.50,1.50
2012.04.04 14:00:20.588,1.08172,1.08187,3.19,1.50
2012.04.04 14:00:20.662,1.08174,1.08189,1.50,1.50
2012.04.04 14:00:21.011,1.08176,1.08191,1.50,1.88
2012.04.04 14:00:21.791,1.0818,1.08193,1.50,1.13
2012.04.04 14:00:21.874,1.0818,1.08196,3.00,3.19
2012.04.04 14:00:22.144,1.0818,1.08196,3.00,3.19
2012.04.04 14:00:22.626,1.08182,1.08198,1.50,1.50
2012.04.04 14:00:22.981,1.08181,1.08198,2.25,3.00
2012.04.04 14:00:23.326,1.0818,1.08197,2.25,2.25
2012.04.04 14:00:23.779,1.0818,1.08193,1.50,1.50
2012.04.04 14:00:23.875,1.08177,1.08192,1.69,1.13
2012.04.04 14:00:24.407,1.08175,1.08191,2.25,1.50
2012.04.04 14:00:24.865,1.08176,1.08191,1.50,3.75
2012.04.04 14:00:25.306,1.08183,1.08195,1.50,1.50
2012.04.04 14:00:25.459,1.08181,1.08196,1.50,3.00
2012.04.04 14:00:25.607,1.08183,1.08197,1.50,3.00
2012.04.04 14:00:25.816,1.08181,1.08197,3.00,4.50
2012.04.04 14:00:26.090,1.08181,1.08197,2.25,4.50
2012.04.04 14:00:26.427,1.08178,1.0819,2.25,2.25
2012.04.04 14:00:26.924,1.08177,1.0819,1.50,2.25
2012.04.04 14:00:27.067,1.08177,1.08192,1.50,1.50
2012.04.04 14:00:27.208,1.08178,1.08194,2.25,4.88
2012.04.04 14:00:27.279,1.08178,1.08194,2.25,5.25
2012.04.04 14:00:27.638,1.08176,1.0819,1.50,3.00
2012.04.04 14:00:27.768,1.08173,1.0819,1.50,3.00
2012.04.04 14:00:27.838,1.08173,1.08188,1.50,3.38
2012.04.04 14:00:28.416,1.08172,1.08187,2.25,2.63
2012.04.04 14:00:28.765,1.08162,1.08177,2.25,3.57
2012.04.04 14:00:29.185,1.0816,1.08176,2.25,2.63
2012.04.04 14:00:29.470,1.08158,1.08164,1.50,2.25
2012.04.04 14:00:29.623,1.08156,1.08169,1.50,2.25
2012.04.04 14:00:30.109,1.08153,1.08169,3.75,3.00
2012.04.04 14:00:30.701,1.08152,1.08169,3.75,1.88
2012.04.04 14:00:31.252,1.08152,1.08167,2.25,2.25
2012.04.04 14:00:31.923,1.08152,1.08167,2.63,2.25
2012.04.04 14:00:32.457,1.08152,1.08167,2.63,2.25
2012.04.04 14:00:32.594,1.08152,1.08169,3.38,4.50
2012.04.04 14:00:32.838,1.08152,1.08167,2.63,2.25
2012.04.04 14:00:33.374,1.08152,1.08167,2.63,2.25
2012.04.04 14:00:33.591,1.08149,1.08163,2.63,1.50
2012.04.04 14:00:34.026,1.08148,1.08163,1.73,1.50
2012.04.04 14:00:34.110,1.08149,1.08163,2.25,2.25
2012.04.04 14:00:34.474,1.08156,1.08166,1.50,1.50
2012.04.04 14:00:34.692,1.08158,1.08172,3.00,1.50
2012.04.04 14:00:34.896,1.08162,1.08174,1.50,1.50
2012.04.04 14:00:35.348,1.0816,1.08167,1.50,1.88
2012.04.04 14:00:35.434,1.08152,1.08164,2.48,1.50
2012.04.04 14:00:35.931,1.08152,1.08166,1.54,2.25
2012.04.04 14:00:36.014,1.08153,1.08166,1.54,2.25
2012.04.04 14:00:36.160,1.08153,1.08167,2.29,1.13
2012.04.04 14:00:36.774,1.08153,1.08168,5.10,1.13
2012.04.04 14:00:37.169,1.08153,1.08169,2.85,1.88
2012.04.04 14:00:38.890,1.08151,1.08167,3.98,2.25
2012.04.04 14:00:39.199,1.0815,1.08163,1.13,2.25
2012.04.04 14:00:39.698,1.08151,1.08165,2.63,2.25
2012.04.04 14:00:39.796,1.08151,1.08169,4.88,5.25
2012.04.04 14:00:40.010,1.08151,1.08166,2.25,1.32
2012.04.04 14:00:40.324,1.08146,1.08157,3.38,1.69
2012.04.04 14:00:40.516,1.08146,1.08157,2.63,2.44
2012.04.04 14:00:41.014,1.08146,1.08157,2.63,5.07
2012.04.04 14:00:41.111,1.08141,1.08157,2.25,3.57
2012.04.04 14:00:41.672,1.08145,1.08157,1.50,1.13
2012.04.04 14:00:41.822,1.08145,1.08162,1.50,2.07
2012.04.04 14:00:41.901,1.08145,1.08162,1.50,2.07
2012.04.04 14:00:42.398,1.08142,1.08157,1.13,1.50
2012.04.04 14:00:42.747,1.08146,1.08159,3.00,2.44
2012.04.04 14:00:42.951,1.08144,1.08159,2.25,1.69
2012.04.04 14:00:43.427,1.08146,1.08162,1.50,3.94
2012.04.04 14:00:43.976,1.08145,1.0816,1.13,1.50
2012.04.04 14:00:48.976,1.08144,1.08158,1.13,1.50
2012.04.04 14:00:49.973,1.08146,1.08162,1.50,3.00
2012.04.04 14:00:50.423,1.08146,1.0816,1.50,1.50
2012.04.04 14:00:50.520,1.08141,1.08157,1.50,1.88
2012.04.04 14:00:50.986,1.08141,1.08155,1.50,2.25
2012.04.04 14:00:51.455,1.08137,1.08155,2.63,4.88
2012.04.04 14:00:51.525,1.08137,1.08155,1.13,3.38
2012.04.04 14:00:52.354,1.0814,1.08156,3.38,1.13
2012.04.04 14:00:52.449,1.08141,1.0816,3.19,2.63
2012.04.04 14:00:52.668,1.08141,1.0816,2.82,1.88
2012.04.04 14:00:53.017,1.08142,1.0816,3.38,1.50
2012.04.04 14:00:53.162,1.08142,1.0816,3.38,1.50
2012.04.04 14:00:53.719,1.08142,1.0816,5.63,1.50
2012.04.04 14:00:54.238,1.08144,1.08161,1.50,1.13
2012.04.04 14:00:54.770,1.08143,1.08161,3.75,1.13
2012.04.04 14:00:54.991,1.08143,1.08159,1.50,1.50
2012.04.04 14:00:55.348,1.08144,1.08162,4.35,1.13
2012.04.04 14:00:55.416,1.08144,1.08162,4.35,1.13
2012.04.04 14:00:55.957,1.08144,1.08161,1.35,1.13
2012.04.04 14:00:56.037,1.08142,1.08161,3.57,1.13
2012.04.04 14:00:56.595,1.08142,1.08161,4.88,3.57
2012.04.04 14:00:56.671,1.08142,1.08161,4.88,3.57
2012.04.04 14:00:57.579,1.08144,1.08161,1.50,3.38
2012.04.04 14:00:57.845,1.08147,1.08161,1.50,3.38
2012.04.04 14:00:58.198,1.08151,1.08161,1.50,1.13
2012.04.04 14:00:58.400,1.08149,1.08162,1.50,1.32
2012.04.04 14:00:58.679,1.08159,1.08163,2.63,2.85
2012.04.04 14:00:58.889,1.08164,1.08174,4.13,1.50
2012.04.04 14:00:59.306,1.08165,1.08174,1.73,1.50
2012.04.04 14:00:59.394,1.08167,1.08184,3.00,1.13
2012.04.04 14:00:59.752,1.0817,1.08184,2.25,1.13
2012.04.04 14:00:59.836,1.08172,1.08185,1.50,1.13
2012.04.04 14:01:00.056,1.08176,1.08189,1.50,1.13
2012.04.04 14:01:00.336,1.08178,1.0819,1.50,1.13
2012.04.04 14:01:01.028,1.08175,1.0819,1.50,3.38
2012.04.04 14:01:01.543,1.08178,1.08191,4.50,1.13
2012.04.04 14:01:01.687,1.08179,1.08195,1.50,1.13
2012.04.04 14:01:02.096,1.08179,1.08195,1.88,1.13
2012.04.04 14:01:02.627,1.08178,1.08194,4.50,1.13
2012.04.04 14:01:03.187,1.08176,1.08194,5.25,1.32
2012.04.04 14:01:03.334,1.08176,1.08192,1.88,3.00
2012.04.04 14:01:03.415,1.08174,1.0819,1.88,1.13
2012.04.04 14:01:03.569,1.08174,1.08188,1.88,3.19
2012.04.04 14:01:04.065,1.08174,1.08183,1.50,1.13
2012.04.04 14:01:04.152,1.08165,1.08182,2.10,1.13
2012.04.04 14:01:04.637,1.08163,1.08178,1.50,1.22
2012.04.04 14:01:04.977,1.08163,1.08176,1.50,3.19
2012.04.04 14:01:05.262,1.08157,1.08171,2.25,2.25
2012.04.04 14:01:05.347,1.08157,1.08171,1.50,3.00
2012.04.04 14:01:05.801,1.08154,1.08171,2.25,3.38
2012.04.04 14:01:05.970,1.08155,1.08171,3.00,1.32
2012.04.04 14:01:06.066,1.08157,1.08171,1.88,1.32
2012.04.04 14:01:06.295,1.08157,1.08172,1.88,1.41
2012.04.04 14:01:07.183,1.08157,1.08172,2.63,1.13
2012.04.04 14:01:07.290,1.0816,1.08172,2.25,1.13
2012.04.04 14:01:07.370,1.08158,1.08175,5.63,1.41
2012.04.04 14:01:07.935,1.08159,1.08175,1.13,3.19
2012.04.04 14:01:08.145,1.08161,1.08176,1.88,3.87
2012.04.04 14:01:09.087,1.08159,1.08175,1.50,1.32
2012.04.04 14:01:09.241,1.08156,1.08174,4.13,1.13
2012.04.04 14:01:09.326,1.08156,1.08171,1.50,2.25
2012.04.04 14:01:09.612,1.08153,1.0817,5.07,3.38
2012.04.04 14:01:10.371,1.08153,1.08171,1.88,3.94
2012.04.04 14:01:10.528,1.08151,1.08168,1.73,3.00
2012.04.04 14:01:11.069,1.08151,1.0817,2.48,1.32
2012.04.04 14:01:11.464,1.08152,1.0817,2.85,1.32
2012.04.04 14:01:11.825,1.08151,1.0817,1.13,1.13
2012.04.04 14:01:11.913,1.08148,1.08166,2.48,3.75
2012.04.04 14:01:12.391,1.08148,1.08166,2.10,4.13
2012.04.04 14:01:12.614,1.0815,1.08167,3.00,1.13
2012.04.04 14:01:13.231,1.08149,1.08168,4.13,1.13
2012.04.04 14:01:13.828,1.0815,1.08169,3.38,1.32
2012.04.04 14:01:14.037,1.0815,1.08169,4.13,1.32
2012.04.04 14:01:14.395,1.08156,1.08171,1.50,1.13
2012.04.04 14:01:14.539,1.08162,1.08172,2.25,1.50
2012.04.04 14:01:14.747,1.08162,1.08177,2.25,2.48
2012.04.04 14:01:14.891,1.08158,1.08176,1.32,3.00
2012.04.04 14:01:15.308,1.08157,1.08176,1.32,3.00
2012.04.04 14:01:15.808,1.08156,1.08176,1.13,3.75
2012.04.04 14:01:16.162,1.08154,1.08172,1.13,5.25
2012.04.04 14:01:16.518,1.08154,1.08172,1.13,3.38
2012.04.04 14:01:17.066,1.08156,1.08169,1.50,3.00
2012.04.04 14:01:17.398,1.08152,1.08169,1.13,3.00
2012.04.04 14:01:17.464,1.08151,1.08169,4.73,3.00
2012.04.04 14:01:17.805,1.08155,1.0817,3.00,1.32
2012.04.04 14:01:19.207,1.08154,1.08171,3.38,1.88
2012.04.04 14:01:19.501,1.08154,1.0817,3.38,1.13
2012.04.04 14:01:19.719,1.08155,1.08171,3.00,1.13
2012.04.04 14:01:20.714,1.08155,1.08171,4.35,1.22
2012.04.04 14:01:23.654,1.08155,1.08171,1.35,1.13
2012.04.04 14:01:24.193,1.08157,1.0817,1.13,1.13
2012.04.04 14:01:24.415,1.08154,1.08166,3.38,1.54
2012.04.04 14:01:24.565,1.08154,1.08166,2.63,1.54
2012.04.04 14:01:24.711,1.08154,1.08162,2.25,1.50
2012.04.04 14:01:25.292,1.08154,1.08164,2.25,2.25
2012.04.04 14:01:25.373,1.08148,1.08164,1.88,4.60
2012.04.04 14:01:25.895,1.0815,1.08165,4.13,1.50
2012.04.04 14:01:25.966,1.0815,1.08165,4.88,1.50
2012.04.04 14:01:26.108,1.08152,1.08166,2.25,1.50
2012.04.04 14:01:26.313,1.08152,1.08169,3.00,2.82
2012.04.04 14:01:26.390,1.08154,1.08169,1.50,1.32
2012.04.04 14:01:26.597,1.08152,1.08168,2.25,2.44
2012.04.04 14:01:27.353,1.08154,1.0817,2.25,3.38
2012.04.04 14:01:28.594,1.08152,1.08168,3.04,1.50
2012.04.04 14:01:29.419,1.08152,1.08168,2.25,2.25
2012.04.04 14:01:29.913,1.08151,1.08166,2.25,2.25
2012.04.04 14:01:30.455,1.0815,1.08167,1.88,1.13
2012.04.04 14:01:30.939,1.0815,1.08167,1.88,1.13
2012.04.04 14:01:31.909,1.08149,1.08166,3.75,4.50
2012.04.04 14:01:33.154,1.08149,1.08166,1.88,5.25
2012.04.04 14:01:33.224,1.08149,1.08166,1.13,5.25
2012.04.04 14:01:33.783,1.0815,1.08164,1.13,2.25
2012.04.04 14:01:34.827,1.0815,1.08163,1.73,1.13
2012.04.04 14:01:35.182,1.08148,1.08166,2.25,4.88
2012.04.04 14:01:35.659,1.08154,1.08166,2.63,2.63
2012.04.04 14:01:35.954,1.08156,1.08173,3.38,4.88
2012.04.04 14:01:36.357,1.08156,1.08173,1.50,4.50
2012.04.04 14:01:36.433,1.08158,1.08173,1.50,3.00
2012.04.04 14:01:36.706,1.08156,1.08172,2.25,1.50
2012.04.04 14:01:37.237,1.08157,1.08173,2.63,3.00
2012.04.04 14:01:38.333,1.08156,1.0817,2.63,2.63
2012.04.04 14:01:39.097,1.08156,1.08169,4.88,1.50
2012.04.04 14:01:39.187,1.08168,1.08177,1.50,2.25
2012.04.04 14:01:39.270,1.08168,1.08179,1.50,2.25
2012.04.04 14:01:39.357,1.08168,1.08185,1.50,4.69
2012.04.04 14:01:39.436,1.08169,1.08185,1.13,4.69
2012.04.04 14:01:39.790,1.08169,1.08182,1.13,1.50
2012.04.04 14:01:40.399,1.08164,1.0818,2.63,2.63
2012.04.04 14:01:40.963,1.08165,1.0818,1.13,2.25
2012.04.04 14:01:41.252,1.08166,1.08182,2.25,1.13
2012.04.04 14:01:41.983,1.08166,1.08183,2.63,1.13
2012.04.04 14:01:42.400,1.08167,1.08181,1.13,1.50
2012.04.04 14:01:42.937,1.08166,1.08182,1.13,6.00
2012.04.04 14:01:44.745,1.08164,1.08182,2.48,4.69
2012.04.04 14:01:45.382,1.08164,1.08175,1.88,1.50
2012.04.04 14:01:45.466,1.08164,1.08175,1.88,1.50
2012.04.04 14:01:45.911,1.08163,1.08172,1.50,1.88
2012.04.04 14:01:46.214,1.08156,1.08166,2.25,3.94
2012.04.04 14:01:46.502,1.08152,1.08164,1.13,2.25
2012.04.04 14:01:46.849,1.08149,1.08165,2.63,1.69
2012.04.04 14:01:47.349,1.08149,1.08165,1.88,1.69
2012.04.04 14:01:47.851,1.08148,1.08164,4.13,1.50
2012.04.04 14:01:48.206,1.08148,1.08161,2.63,2.63
2012.04.04 14:01:48.803,1.08145,1.0816,2.63,3.00
2012.04.04 14:01:48.893,1.08143,1.08154,3.38,2.25
2012.04.04 14:01:48.975,1.08143,1.08154,3.38,2.25
2012.04.04 14:01:49.123,1.08143,1.08154,1.50,3.19
2012.04.04 14:01:49.276,1.08139,1.08154,1.13,4.69
2012.04.04 14:01:49.420,1.08139,1.08154,1.13,4.69
2012.04.04 14:01:50.300,1.08139,1.08154,1.13,4.69
2012.04.04 14:01:50.850,1.08139,1.08155,1.88,2.25
2012.04.04 14:01:51.610,1.08138,1.08154,1.13,2.44
2012.04.04 14:01:52.454,1.08138,1.08154,1.13,4.69
2012.04.04 14:01:53.006,1.08136,1.08153,3.75,3.19
2012.04.04 14:01:53.537,1.08136,1.08149,3.75,1.50
2012.04.04 14:01:54.686,1.08135,1.08147,1.88,1.50
2012.04.04 14:01:57.013,1.08135,1.08148,2.07,1.50
2012.04.04 14:01:57.641,1.08132,1.08146,2.07,1.50
2012.04.04 14:01:58.927,1.08132,1.08149,4.13,1.88
2012.04.04 14:01:59.419,1.08131,1.08148,1.32,3.00
2012.04.04 14:01:59.703,1.08132,1.08148,2.63,3.00
2012.04.04 14:02:00.255,1.08132,1.08148,2.63,3.00
2012.04.04 14:02:00.339,1.08129,1.08146,2.63,2.25
2012.04.04 14:02:00.415,1.08129,1.08146,1.88,2.25
2012.04.04 14:02:00.594,1.08129,1.08145,1.13,1.50
2012.04.04 14:02:01.387,1.08128,1.08144,1.88,1.88
2012.04.04 14:02:01.516,1.08128,1.08143,1.88,1.35
2012.04.04 14:02:01.657,1.08123,1.0814,3.94,1.50
2012.04.04 14:02:03.138,1.08124,1.08141,1.88,3.75
2012.04.04 14:02:03.407,1.08124,1.08141,1.88,3.75
2012.04.04 14:02:04.181,1.08122,1.0814,3.00,1.50
2012.04.04 14:02:04.692,1.08122,1.0814,3.00,1.50
2012.04.04 14:02:06.363,1.08122,1.0814,3.75,1.50
2012.04.04 14:02:08.001,1.08123,1.0814,2.09,1.50
2012.04.04 14:02:08.359,1.0813,1.08145,1.50,1.50
2012.04.04 14:02:08.498,1.08127,1.08145,4.13,3.00
2012.04.04 14:02:09.072,1.08129,1.08145,4.32,2.25
2012.04.04 14:02:09.294,1.08132,1.08148,1.88,3.60
2012.04.04 14:02:09.839,1.08133,1.08148,1.88,2.10
2012.04.04 14:02:10.557,1.08134,1.08148,1.50,1.35
2012.04.04 14:02:11.631,1.08136,1.08148,1.50,1.35
2012.04.04 14:02:12.117,1.08134,1.08148,3.00,1.35
2012.04.04 14:02:14.166,1.0813,1.08145,1.50,1.50
2012.04.04 14:02:14.447,1.08132,1.08148,1.50,2.25
2012.04.04 14:02:14.981,1.08132,1.08146,1.50,1.13
2012.04.04 14:02:15.201,1.08132,1.08146,2.25,1.13
2012.04.04 14:02:15.429,1.08135,1.0815,2.25,1.69
2012.04.04 14:02:15.963,1.08136,1.08152,2.63,1.13
2012.04.04 14:02:16.444,1.08136,1.08152,1.13,1.73
2012.04.04 14:02:16.982,1.08135,1.08149,2.25,1.50
2012.04.04 14:02:17.516,1.08133,1.08148,1.88,3.00
2012.04.04 14:02:18.611,1.08135,1.08149,2.25,3.00
2012.04.04 14:02:19.156,1.08141,1.08151,2.25,2.25
2012.04.04 14:02:19.254,1.08145,1.08161,2.44,1.13
2012.04.04 14:02:19.473,1.08147,1.08163,1.50,1.13
2012.04.04 14:02:19.685,1.08148,1.08164,1.50,1.50
2012.04.04 14:02:20.038,1.08149,1.08166,2.44,1.88
2012.04.04 14:02:20.567,1.08158,1.08166,1.88,1.13
2012.04.04 14:02:20.666,1.08158,1.08172,1.50,1.05
2012.04.04 14:02:20.777,1.08161,1.08174,1.50,1.73
2012.04.04 14:02:21.086,1.08163,1.08174,2.25,1.13
2012.04.04 14:02:21.230,1.08158,1.08174,1.50,2.63
2012.04.04 14:02:21.309,1.08156,1.08173,2.63,4.13
2012.04.04 14:02:22.080,1.08156,1.08173,1.13,4.13
2012.04.04 14:02:22.216,1.08157,1.08166,1.13,1.50
2012.04.04 14:02:22.449,1.08156,1.08169,3.75,2.25
2012.04.04 14:02:23.207,1.08156,1.08169,1.50,1.50
2012.04.04 14:02:23.915,1.08156,1.08169,1.50,1.50
2012.04.04 14:02:24.067,1.08154,1.0817,4.13,2.25
2012.04.04 14:02:25.365,1.08154,1.0817,2.63,2.25
2012.04.04 14:02:26.083,1.08157,1.08172,1.13,4.50
2012.04.04 14:02:26.208,1.0816,1.08174,1.50,1.50
2012.04.04 14:02:26.350,1.08162,1.08177,1.50,2.48
2012.04.04 14:02:26.878,1.08162,1.08177,2.25,1.35
2012.04.04 14:02:27.934,1.0816,1.08176,1.88,4.50
2012.04.04 14:02:28.036,1.0816,1.08176,1.50,6.75
2012.04.04 14:02:28.589,1.08157,1.08174,2.63,1.88
2012.04.04 14:02:29.553,1.08155,1.08173,4.88,2.63
2012.04.04 14:02:29.653,1.08157,1.0817,1.88,2.25
2012.04.04 14:02:29.798,1.08155,1.0817,1.88,3.00
2012.04.04 14:02:30.169,1.08158,1.08171,1.50,2.25
2012.04.04 14:02:30.316,1.08155,1.08171,1.88,2.25
2012.04.04 14:02:31.224,1.08155,1.08171,1.88,1.13
2012.04.04 14:02:32.105,1.08156,1.08171,1.13,2.25
2012.04.04 14:02:32.615,1.08158,1.08172,1.13,4.32
2012.04.04 14:02:34.079,1.08158,1.08169,1.13,1.88
2012.04.04 14:02:34.305,1.08156,1.08169,1.88,4.88
2012.04.04 14:02:34.658,1.08153,1.08168,1.13,2.44
2012.04.04 14:02:35.259,1.0815,1.0816,1.50,2.25
2012.04.04 14:02:35.549,1.08141,1.08155,3.38,2.63
2012.04.04 14:02:35.912,1.0814,1.08153,1.13,2.25
2012.04.04 14:02:36.061,1.08138,1.08153,1.13,2.25
2012.04.04 14:02:36.784,1.08141,1.08154,1.88,1.50
2012.04.04 14:02:37.347,1.08141,1.08156,1.88,1.69
2012.04.04 14:02:38.145,1.08138,1.08155,3.75,3.19
2012.04.04 14:02:38.781,1.08137,1.08154,1.88,2.63
2012.04.04 14:02:38.933,1.08137,1.08151,1.88,3.00
2012.04.04 14:02:39.011,1.08136,1.08151,4.13,3.00
2012.04.04 14:02:39.371,1.08137,1.08152,4.50,2.25
2012.04.04 14:02:40.328,1.08137,1.08152,2.25,2.25
2012.04.04 14:02:40.729,1.08136,1.0815,1.13,1.50
2012.04.04 14:02:41.265,1.08136,1.08152,2.63,3.19
2012.04.04 14:02:41.966,1.08136,1.0815,2.25,4.50
2012.04.04 14:02:42.055,1.08131,1.08147,4.50,1.50
2012.04.04 14:02:42.619,1.08131,1.08147,3.75,1.50
2012.04.04 14:02:43.705,1.08131,1.08147,1.13,1.50
2012.04.04 14:02:45.241,1.08131,1.08145,1.13,1.50
2012.04.04 14:02:45.764,1.08132,1.08148,3.75,2.44
2012.04.04 14:02:47.779,1.08134,1.08146,1.88,1.50
2012.04.04 14:02:48.659,1.08134,1.08148,1.88,3.94
2012.04.04 14:02:49.198,1.08137,1.08148,1.88,2.25
2012.04.04 14:02:49.553,1.0814,1.08151,1.88,1.50
2012.04.04 14:02:50.126,1.0814,1.08152,1.88,1.32
2012.04.04 14:02:51.827,1.08138,1.08153,1.50,1.73
2012.04.04 14:02:55.082,1.08137,1.08151,1.88,1.50
2012.04.04 14:02:55.149,1.08137,1.08153,4.88,2.44
2012.04.04 14:02:57.980,1.08138,1.08154,3.00,3.00
2012.04.04 14:02:58.305,1.08151,1.08156,1.88,1.50
2012.04.04 14:02:58.667,1.08154,1.08159,1.88,1.50
2012.04.04 14:02:59.326,1.08154,1.08171,1.88,1.50
2012.04.04 14:02:59.400,1.08154,1.08172,2.63,4.73
2012.04.04 14:02:59.617,1.08156,1.08172,1.88,2.25
2012.04.04 14:03:00.798,1.08156,1.08172,1.88,1.35
2012.04.04 14:03:01.297,1.08163,1.08173,1.88,1.88
2012.04.04 14:03:01.416,1.08163,1.08176,1.88,1.50
2012.04.04 14:03:01.507,1.08163,1.08177,1.88,1.69
2012.04.04 14:03:02.191,1.08163,1.0818,1.88,5.44
2012.04.04 14:03:03.530,1.08163,1.08175,2.63,1.50
2012.04.04 14:03:03.916,1.08173,1.08179,1.88,2.63
2012.04.04 14:03:04.596,1.08179,1.08189,3.38,1.50
2012.04.04 14:03:04.766,1.08179,1.08194,2.07,1.50
2012.04.04 14:03:04.867,1.08184,1.08194,1.50,1.50
2012.04.04 14:03:04.964,1.08184,1.08196,1.50,1.50
2012.04.04 14:03:05.759,1.08185,1.08196,1.50,1.50
2012.04.04 14:03:05.884,1.08185,1.08201,3.00,2.25
2012.04.04 14:03:06.306,1.08185,1.08201,3.38,2.25
2012.04.04 14:03:06.526,1.08185,1.08199,1.13,1.50
2012.04.04 14:03:07.239,1.08178,1.08192,1.13,2.10
2012.04.04 14:03:07.479,1.08177,1.08193,1.88,2.85
2012.04.04 14:03:07.550,1.0818,1.08193,1.88,2.85
2012.04.04 14:03:07.838,1.0818,1.08194,2.63,1.62
2012.04.04 14:03:07.979,1.0818,1.08195,2.63,4.32
2012.04.04 14:03:08.204,1.08178,1.08193,2.63,2.25
2012.04.04 14:03:08.281,1.08178,1.08194,2.63,4.50
2012.04.04 14:03:08.717,1.08179,1.08192,1.88,1.69
2012.04.04 14:03:09.500,1.08179,1.08194,1.88,3.75
2012.04.04 14:03:09.863,1.08178,1.08191,1.50,1.13
2012.04.04 14:03:10.456,1.08179,1.08192,1.88,1.32
2012.04.04 14:03:11.035,1.0818,1.08192,1.88,1.13
2012.04.04 14:03:11.611,1.0818,1.08195,3.38,3.38
2012.04.04 14:03:11.687,1.0818,1.08195,4.13,1.13
2012.04.04 14:03:12.910,1.08187,1.08196,1.88,1.13
2012.04.04 14:03:13.114,1.08185,1.08197,2.63,1.88
2012.04.04 14:03:13.401,1.08189,1.08199,1.88,2.63
2012.04.04 14:03:13.907,1.08189,1.08201,2.63,1.65
2012.04.04 14:03:14.427,1.0819,1.08201,4.50,1.05
2012.04.04 14:03:14.725,1.08196,1.08207,1.88,3.38
2012.04.04 14:03:14.801,1.08193,1.08207,2.07,2.63
2012.04.04 14:03:15.230,1.08196,1.08208,1.88,1.13
2012.04.04 14:03:15.982,1.08198,1.08211,1.13,2.63
2012.04.04 14:03:16.176,1.08198,1.08212,2.63,1.13
2012.04.04 14:03:16.704,1.08199,1.08212,2.25,1.13
2012.04.04 14:03:17.346,1.08201,1.08213,2.63,1.13
2012.04.04 14:03:17.840,1.08198,1.08213,2.82,2.63
2012.04.04 14:03:18.258,1.08202,1.08213,1.88,1.88
2012.04.04 14:03:18.912,1.08207,1.08215,1.88,1.13
2012.04.04 14:03:19.197,1.08215,1.08223,1.88,1.88
2012.04.04 14:03:19.359,1.08212,1.08222,2.63,1.13
2012.04.04 14:03:19.431,1.08212,1.08224,2.63,3.38
2012.04.04 14:03:20.186,1.08212,1.08225,1.88,4.05
2012.04.04 14:03:20.787,1.08212,1.08222,1.88,2.63
2012.04.04 14:03:22.448,1.08208,1.08221,2.25,1.32
2012.04.04 14:03:22.618,1.08207,1.0822,2.63,2.25
2012.04.04 14:03:23.533,1.08207,1.08221,1.88,2.07
2012.04.04 14:03:23.810,1.08211,1.08221,1.88,1.88
2012.04.04 14:03:23.958,1.08208,1.08223,1.88,2.82
2012.04.04 14:03:24.104,1.08205,1.08221,4.13,1.88
2012.04.04 14:03:24.189,1.08205,1.08219,2.25,2.25
2012.04.04 14:03:24.333,1.08203,1.08219,2.25,6.38
2012.04.04 14:03:24.486,1.08202,1.08215,1.13,1.50
2012.04.04 14:03:24.976,1.08201,1.08215,2.63,2.25
2012.04.04 14:03:25.074,1.08199,1.08215,3.00,3.00
2012.04.04 14:03:25.427,1.08198,1.08211,1.13,2.25
2012.04.04 14:03:25.975,1.08196,1.08211,5.25,1.50
2012.04.04 14:03:26.524,1.08197,1.08212,1.13,2.25
2012.04.04 14:03:27.021,1.08194,1.08205,3.98,1.43
2012.04.04 14:03:27.528,1.08192,1.08204,2.63,3.00
2012.04.04 14:03:28.007,1.08192,1.08202,2.63,1.50
2012.04.04 14:03:28.102,1.08195,1.08208,1.88,5.25
2012.04.04 14:03:28.321,1.08198,1.08207,1.88,1.13
2012.04.04 14:03:29.277,1.08198,1.08213,2.63,4.32
2012.04.04 14:03:29.530,1.082,1.08215,2.25,1.13
2012.04.04 14:03:30.089,1.082,1.08214,2.25,2.18
2012.04.04 14:03:30.172,1.08197,1.0821,2.25,3.60
2012.04.04 14:03:30.341,1.08194,1.08208,2.07,1.50
2012.04.04 14:03:30.854,1.08194,1.0821,1.88,4.92
2012.04.04 14:03:31.157,1.08197,1.08211,2.07,1.88
2012.04.04 14:03:32.205,1.08197,1.08212,3.38,2.63
2012.04.04 14:03:32.490,1.08195,1.08211,2.63,2.63
2012.04.04 14:03:32.997,1.08193,1.08208,2.25,2.25
2012.04.04 14:03:33.623,1.08191,1.08207,3.00,1.50
2012.04.04 14:03:33.700,1.08191,1.08207,3.00,1.50
2012.04.04 14:03:33.905,1.08193,1.08209,1.50,4.50
2012.04.04 14:03:35.239,1.08193,1.08209,5.29,4.50
2012.04.04 14:03:35.331,1.082,1.0821,2.44,1.13
2012.04.04 14:03:35.875,1.08203,1.08212,1.88,1.13
2012.04.04 14:03:36.204,1.08212,1.08219,1.50,2.25
2012.04.04 14:03:36.350,1.08212,1.08227,1.50,3.98
2012.04.04 14:03:37.667,1.08209,1.08224,1.50,3.38
2012.04.04 14:03:37.815,1.08202,1.08218,3.38,1.13
2012.04.04 14:03:38.105,1.08202,1.08214,2.25,1.50
2012.04.04 14:03:38.246,1.08202,1.08216,2.25,1.88
2012.04.04 14:03:39.168,1.08205,1.08218,1.88,3.38
2012.04.04 14:03:39.546,1.08205,1.08219,2.63,3.23
2012.04.04 14:03:39.900,1.08218,1.08223,3.75,2.48
2012.04.04 14:03:40.547,1.08218,1.08229,3.75,2.63
2012.04.04 14:03:40.629,1.08214,1.08228,2.63,4.32
2012.04.04 14:03:40.706,1.08216,1.08228,1.50,4.32
2012.04.04 14:03:41.062,1.08214,1.08228,1.88,3.57
2012.04.04 14:03:41.418,1.08214,1.08228,3.38,3.38
2012.04.04 14:03:42.093,1.08214,1.08228,6.38,1.13
2012.04.04 14:03:42.324,1.08213,1.08228,1.50,1.13
2012.04.04 14:03:42.846,1.08214,1.08227,1.50,2.63
2012.04.04 14:03:43.129,1.0821,1.08226,2.44,4.88
2012.04.04 14:03:43.811,1.08211,1.08227,4.13,2.63
2012.04.04 14:03:44.164,1.08214,1.08229,1.50,2.63
2012.04.04 14:03:44.734,1.08213,1.08228,2.63,2.63
2012.04.04 14:03:45.541,1.0821,1.08226,2.44,1.50
2012.04.04 14:03:46.054,1.08213,1.08228,1.13,1.50
2012.04.04 14:03:46.467,1.08215,1.0823,2.63,1.50
2012.04.04 14:03:47.004,1.08216,1.08232,2.25,4.69
2012.04.04 14:03:47.528,1.08216,1.08232,2.25,4.50
2012.04.04 14:03:49.810,1.08216,1.08232,2.25,4.50
2012.04.04 14:03:50.310,1.08214,1.08228,1.13,2.25
2012.04.04 14:03:51.197,1.08212,1.08228,3.00,1.50
2012.04.04 14:03:51.850,1.08215,1.08228,1.13,6.19
2012.04.04 14:03:51.945,1.08217,1.08232,1.88,4.88
2012.04.04 14:03:52.030,1.08218,1.08232,2.63,2.25
2012.04.04 14:03:52.201,1.08219,1.08234,2.44,5.18
2012.04.04 14:03:52.350,1.08219,1.08234,2.44,5.18
2012.04.04 14:03:53.660,1.08224,1.08234,2.25,2.25
2012.04.04 14:03:53.750,1.08226,1.08241,2.25,3.00
2012.04.04 14:03:54.281,1.08228,1.08242,1.50,1.13
2012.04.04 14:03:54.366,1.08229,1.08246,1.50,2.63
2012.04.04 14:03:54.450,1.08229,1.08246,2.25,1.50
2012.04.04 14:03:55.092,1.08226,1.08241,1.50,3.75
2012.04.04 14:03:55.628,1.08223,1.08235,2.82,2.25
2012.04.04 14:03:56.317,1.08221,1.08235,4.13,2.63
2012.04.04 14:03:56.424,1.08221,1.08235,4.13,2.63
2012.04.04 14:03:56.945,1.0822,1.08235,2.63,2.63
2012.04.04 14:03:57.397,1.08221,1.08238,2.25,1.32
2012.04.04 14:03:57.481,1.08221,1.08235,1.50,1.13
2012.04.04 14:03:57.572,1.08217,1.08235,3.00,5.63
2012.04.04 14:03:58.130,1.08216,1.08232,1.88,1.50
2012.04.04 14:03:58.621,1.08214,1.08231,1.32,1.50
2012.04.04 14:03:59.190,1.08216,1.08232,1.50,3.75
2012.04.04 14:03:59.686,1.08218,1.08234,1.69,4.88
2012.04.04 14:04:00.196,1.08219,1.08234,2.25,2.25
2012.04.04 14:04:00.278,1.0822,1.08236,2.25,1.50
2012.04.04 14:04:01.113,1.0822,1.08238,2.44,6.00
2012.04.04 14:04:01.399,1.0822,1.08238,2.44,3.00
2012.04.04 14:04:01.918,1.0822,1.08237,2.25,1.50
2012.04.04 14:04:02.269,1.08218,1.08232,1.13,1.50
2012.04.04 14:04:02.789,1.08218,1.08234,2.63,2.25
2012.04.04 14:04:02.933,1.08221,1.08235,1.50,1.13
2012.04.04 14:04:03.499,1.0822,1.08233,1.50,1.50
2012.04.04 14:04:03.565,1.08217,1.08233,1.13,1.50
2012.04.04 14:04:04.014,1.08216,1.08232,1.13,3.00
2012.04.04 14:04:04.539,1.08215,1.08232,2.63,3.38
2012.04.04 14:04:06.922,1.08213,1.08227,1.13,2.25
2012.04.04 14:04:07.434,1.08214,1.08226,2.25,2.44
2012.04.04 14:04:07.790,1.08214,1.08228,3.00,1.50
2012.04.04 14:04:08.272,1.08216,1.0823,2.25,2.44
2012.04.04 14:04:08.840,1.08215,1.08229,1.13,1.69
2012.04.04 14:04:09.264,1.08218,1.08232,1.50,2.25
2012.04.04 14:04:09.685,1.08219,1.08234,1.13,2.07
2012.04.04 14:04:10.186,1.08219,1.08234,1.13,1.50
2012.04.04 14:04:10.541,1.08218,1.08229,1.50,2.25
2012.04.04 14:04:10.832,1.08214,1.08227,2.82,2.25
2012.04.04 14:04:11.413,1.08215,1.08228,2.44,2.25
2012.04.04 14:04:11.765,1.08215,1.08228,1.50,3.00
2012.04.04 14:04:11.839,1.08213,1.08228,1.13,3.00
2012.04.04 14:04:12.123,1.08214,1.08227,2.25,3.00
2012.04.04 14:04:12.269,1.08212,1.08225,1.50,1.13
2012.04.04 14:04:12.346,1.08211,1.08223,1.50,2.25
2012.04.04 14:04:12.836,1.08208,1.08224,1.13,1.50
2012.04.04 14:04:13.377,1.08209,1.08225,2.25,4.88
2012.04.04 14:04:13.887,1.08209,1.08224,1.50,2.25
2012.04.04 14:04:14.594,1.08209,1.08223,1.50,6.00
2012.04.04 14:04:14.687,1.08199,1.08214,1.32,1.50
2012.04.04 14:04:15.248,1.08199,1.08214,1.32,1.50
2012.04.04 14:04:15.468,1.082,1.08216,2.82,3.00
2012.04.04 14:04:16.879,1.08201,1.08214,1.13,1.50
2012.04.04 14:04:19.907,1.08198,1.08214,1.88,2.63
2012.04.04 14:04:20.137,1.08192,1.08206,1.13,2.85
2012.04.04 14:04:20.210,1.08192,1.08209,1.13,3.60
2012.04.04 14:04:20.756,1.08192,1.08209,1.50,4.73
2012.04.04 14:04:22.480,1.08197,1.08209,1.88,3.98
2012.04.04 14:04:22.843,1.08199,1.08212,2.63,1.88
2012.04.04 14:04:22.998,1.08199,1.08213,2.63,3.00
2012.04.04 14:04:23.682,1.08199,1.08212,2.63,3.00
2012.04.04 14:04:23.836,1.082,1.08214,1.50,2.29
2012.04.04 14:04:24.193,1.08207,1.08217,1.88,2.25
2012.04.04 14:04:24.275,1.08208,1.08218,1.50,1.50
2012.04.04 14:04:24.937,1.08209,1.08222,2.63,1.13
2012.04.04 14:04:25.017,1.08211,1.08226,2.25,2.63
2012.04.04 14:04:25.570,1.0821,1.08226,1.50,4.13
2012.04.04 14:04:26.108,1.08208,1.0822,2.25,2.25
2012.04.04 14:04:26.737,1.08204,1.08218,1.13,3.00
2012.04.04 14:04:27.237,1.08201,1.08217,2.82,2.25
2012.04.04 14:04:28.983,1.08201,1.08215,2.07,2.25
2012.04.04 14:04:29.061,1.08201,1.08215,1.69,2.25
2012.04.04 14:04:29.626,1.082,1.08215,1.88,3.00
2012.04.04 14:04:30.050,1.08201,1.08216,1.50,4.13
2012.04.04 14:04:30.645,1.08205,1.08218,2.25,1.50
2012.04.04 14:04:31.159,1.08207,1.08221,1.13,2.44
2012.04.04 14:04:31.380,1.08207,1.08221,3.38,2.25
2012.04.04 14:04:31.462,1.08209,1.08225,3.00,3.00
2012.04.04 14:04:31.611,1.08211,1.08225,1.13,1.50
2012.04.04 14:04:32.238,1.08222,1.08233,1.88,1.50
2012.04.04 14:04:32.325,1.08222,1.08236,1.88,1.69
2012.04.04 14:04:32.479,1.08222,1.08238,1.50,2.25
2012.04.04 14:04:32.830,1.08222,1.08235,1.50,2.25
2012.04.04 14:04:33.700,1.0822,1.08235,2.63,2.63
2012.04.04 14:04:33.818,1.08217,1.08234,1.88,5.63
2012.04.04 14:04:33.889,1.08216,1.08231,1.88,2.25
2012.04.04 14:04:34.446,1.08216,1.08231,1.88,3.00
2012.04.04 14:04:36.805,1.08213,1.08231,1.88,4.50
2012.04.04 14:04:37.127,1.08213,1.08229,1.88,3.19
2012.04.04 14:04:37.411,1.08213,1.08228,1.88,2.44
2012.04.04 14:04:37.489,1.08213,1.08228,1.88,3.19
2012.04.04 14:04:38.016,1.08211,1.08228,4.13,3.57
2012.04.04 14:04:38.623,1.08212,1.08228,1.13,3.57
2012.04.04 14:04:39.157,1.08213,1.08228,1.13,3.38
2012.04.04 14:04:40.649,1.08214,1.08226,1.50,2.25
2012.04.04 14:04:41.144,1.08214,1.08224,1.50,2.63
2012.04.04 14:04:41.302,1.08209,1.08224,1.88,3.38
2012.04.04 14:04:41.449,1.08209,1.08224,1.88,4.13
2012.04.04 14:04:42.055,1.08209,1.08222,1.88,1.32
2012.04.04 14:04:42.619,1.08206,1.08221,2.63,3.38
2012.04.04 14:04:43.016,1.08206,1.08221,1.88,3.75
2012.04.04 14:04:43.580,1.08204,1.08221,2.63,1.13
2012.04.04 14:04:44.129,1.08204,1.0822,2.63,2.82
2012.04.04 14:04:44.806,1.08206,1.0822,1.50,2.63
2012.04.04 14:04:45.752,1.08205,1.0822,1.50,4.13
2012.04.04 14:04:46.287,1.0821,1.08223,1.50,4.73
2012.04.04 14:04:46.757,1.08208,1.08223,1.50,2.10
2012.04.04 14:04:47.289,1.08208,1.08223,2.25,2.10
2012.04.04 14:04:48.171,1.08208,1.08223,2.25,1.73
2012.04.04 14:04:50.265,1.08205,1.08219,1.13,1.50
2012.04.04 14:04:50.576,1.08203,1.08215,1.50,1.50
2012.04.04 14:04:50.931,1.08201,1.08215,1.13,1.69
2012.04.04 14:04:51.588,1.08201,1.08211,1.13,2.25
2012.04.04 14:04:51.682,1.08198,1.08208,1.50,4.13
2012.04.04 14:04:51.757,1.08193,1.08207,1.13,1.50
2012.04.04 14:04:52.318,1.08193,1.08207,1.13,2.07
2012.04.04 14:04:53.059,1.08193,1.08208,1.13,5.63
2012.04.04 14:04:53.272,1.08193,1.08204,1.13,1.50
2012.04.04 14:04:54.605,1.0819,1.08206,2.07,1.88
2012.04.04 14:04:55.208,1.0819,1.08205,1.13,1.50
2012.04.04 14:04:55.551,1.08189,1.08205,2.63,1.88
2012.04.04 14:04:56.283,1.08186,1.08198,1.13,2.63
2012.04.04 14:04:56.377,1.08182,1.08199,3.38,2.25
2012.04.04 14:04:56.457,1.08182,1.08199,6.38,1.50
2012.04.04 14:04:56.739,1.08182,1.08197,3.38,1.50
2012.04.04 14:04:57.092,1.08182,1.08195,2.63,1.50
2012.04.04 14:04:57.695,1.08182,1.08193,2.63,1.50
2012.04.04 14:04:57.783,1.08178,1.08196,3.00,5.25
2012.04.04 14:04:58.057,1.08182,1.08196,1.50,3.00
2012.04.04 14:04:58.404,1.08181,1.08197,3.00,3.38
2012.04.04 14:04:59.078,1.0818,1.08196,2.63,2.25
2012.04.04 14:05:01.067,1.08182,1.08197,1.50,3.75
2012.04.04 14:05:01.666,1.08182,1.08197,1.50,3.75
2012.04.04 14:05:01.954,1.0818,1.08196,1.13,1.88
2012.04.04 14:05:02.265,1.08178,1.08189,1.50,4.13
2012.04.04 14:05:03.007,1.08174,1.08183,2.25,1.73
2012.04.04 14:05:03.099,1.08166,1.08182,3.75,2.25
2012.04.04 14:05:03.247,1.08169,1.08184,1.69,2.25
2012.04.04 14:05:03.593,1.08171,1.08187,2.25,3.75
2012.04.04 14:05:03.953,1.08174,1.08187,2.25,1.50
2012.04.04 14:05:04.358,1.08174,1.08188,2.25,4.50
2012.04.04 14:05:04.511,1.08174,1.0819,1.50,2.82
2012.04.04 14:05:05.502,1.08174,1.0819,2.44,2.63
2012.04.04 14:05:05.860,1.08177,1.08191,1.50,1.50
2012.04.04 14:05:06.403,1.08176,1.08192,1.88,6.60
2012.04.04 14:05:07.024,1.08176,1.08192,2.63,2.48
2012.04.04 14:05:07.605,1.08178,1.08192,1.50,1.54
2012.04.04 14:05:08.194,1.08176,1.08189,1.13,1.88
2012.04.04 14:05:08.512,1.08169,1.08187,3.45,3.00
2012.04.04 14:05:08.662,1.08169,1.08187,3.45,3.00
2012.04.04 14:05:10.022,1.08172,1.08187,1.95,1.50
2012.04.04 14:05:10.734,1.08172,1.08187,1.95,1.13
2012.04.04 14:05:10.815,1.08172,1.08187,1.95,1.88
2012.04.04 14:05:12.999,1.08171,1.08186,1.20,2.25
2012.04.04 14:05:13.525,1.08171,1.08186,1.20,2.25
2012.04.04 14:05:14.581,1.08171,1.08186,1.20,2.25
2012.04.04 14:05:15.060,1.08168,1.08182,1.13,1.50
2012.04.04 14:05:15.451,1.08165,1.08181,2.48,1.69
2012.04.04 14:05:15.874,1.08164,1.08181,1.88,2.07
2012.04.04 14:05:16.491,1.08163,1.08179,1.13,2.25
2012.04.04 14:05:16.574,1.0816,1.08176,2.63,1.88
2012.04.04 14:05:17.095,1.0816,1.08175,2.63,1.13
2012.04.04 14:05:18.347,1.0816,1.08176,2.63,1.69
2012.04.04 14:05:19.139,1.08161,1.08178,2.63,1.50
2012.04.04 14:05:19.568,1.08164,1.0818,2.63,3.00
2012.04.04 14:05:19.919,1.08172,1.08182,2.46,1.50
2012.04.04 14:05:20.716,1.08176,1.08183,1.88,1.50
2012.04.04 14:05:20.840,1.08181,1.08196,1.35,1.13
2012.04.04 14:05:20.943,1.08184,1.08197,1.50,1.50
2012.04.04 14:05:21.987,1.08186,1.082,2.63,1.50
2012.04.04 14:05:22.088,1.08186,1.08202,1.13,3.00
2012.04.04 14:05:22.640,1.08189,1.08203,1.35,4.50
2012.04.04 14:05:23.199,1.08189,1.08204,1.50,1.88
2012.04.04 14:05:23.281,1.08189,1.08204,1.50,2.63
2012.04.04 14:05:23.858,1.08185,1.08197,1.88,2.63
2012.04.04 14:05:23.938,1.08185,1.08197,1.50,3.23
2012.04.04 14:05:24.458,1.08178,1.08196,2.63,3.00
2012.04.04 14:05:24.669,1.08178,1.08196,2.63,3.00
2012.04.04 14:05:25.083,1.08178,1.08196,2.63,3.00
2012.04.04 14:05:25.273,1.08177,1.08193,2.63,3.75
2012.04.04 14:05:25.574,1.08176,1.08189,1.13,2.25
2012.04.04 14:05:25.929,1.08172,1.08187,2.63,2.10
2012.04.04 14:05:26.072,1.08172,1.08187,2.63,2.03
2012.04.04 14:05:26.611,1.08171,1.08187,2.63,2.40
2012.04.04 14:05:26.706,1.08171,1.08184,1.88,2.25
2012.04.04 14:05:27.056,1.08166,1.08181,1.13,1.50
2012.04.04 14:05:27.130,1.08167,1.08183,1.88,2.25
2012.04.04 14:05:28.698,1.0817,1.08186,1.88,3.75
2012.04.04 14:05:29.242,1.08171,1.08186,1.13,3.00
2012.04.04 14:05:29.794,1.0817,1.08186,1.88,3.75
2012.04.04 14:05:30.427,1.08172,1.08187,3.75,1.13
2012.04.04 14:05:30.943,1.08172,1.08187,1.50,1.13
2012.04.04 14:05:31.167,1.08176,1.08188,1.88,1.50
2012.04.04 14:05:31.450,1.08178,1.08192,1.88,1.50
2012.04.04 14:05:31.592,1.08179,1.08195,2.25,3.60
2012.04.04 14:05:32.163,1.08179,1.08192,1.13,3.04
2012.04.04 14:05:32.253,1.08175,1.0819,1.13,2.25
2012.04.04 14:05:32.943,1.08176,1.08192,3.75,3.38
2012.04.04 14:05:33.022,1.08176,1.08192,3.75,3.38
2012.04.04 14:05:33.707,1.0818,1.08195,2.25,1.13
2012.04.04 14:05:34.251,1.08178,1.08194,1.50,1.50
2012.04.04 14:05:34.328,1.08177,1.0819,1.50,1.50
2012.04.04 14:05:34.877,1.08177,1.0819,1.13,2.25
2012.04.04 14:05:35.423,1.08177,1.08192,1.13,3.60
2012.04.04 14:05:35.968,1.08178,1.08192,1.13,2.25
2012.04.04 14:05:36.113,1.08181,1.08196,1.50,2.44
2012.04.04 14:05:36.457,1.08181,1.08197,1.50,4.92
2012.04.04 14:05:37.033,1.08181,1.08199,3.00,5.48
2012.04.04 14:05:37.536,1.08184,1.08198,2.63,2.85
2012.04.04 14:05:37.751,1.08189,1.08201,1.50,2.44
2012.04.04 14:05:37.835,1.08189,1.08203,1.50,1.32
2012.04.04 14:05:38.358,1.0819,1.08204,1.50,1.32
2012.04.04 14:05:38.497,1.08189,1.08204,2.25,1.13
2012.04.04 14:05:39.008,1.08188,1.08203,1.50,1.50
2012.04.04 14:05:39.561,1.08188,1.08203,1.50,1.50
2012.04.04 14:05:40.624,1.08188,1.08203,1.50,1.50
2012.04.04 14:05:41.172,1.0819,1.08204,2.25,1.13
2012.04.04 14:05:42.222,1.08191,1.08206,2.25,2.63
2012.04.04 14:05:42.439,1.08191,1.08207,2.25,3.60
2012.04.04 14:05:43.604,1.08189,1.08206,1.32,1.50
2012.04.04 14:05:45.294,1.08189,1.08203,1.32,2.25
2012.04.04 14:05:45.654,1.08187,1.08203,1.50,4.50
2012.04.04 14:05:45.730,1.08187,1.08203,1.50,6.60
2012.04.04 14:05:46.638,1.08187,1.08201,3.00,2.85
2012.04.04 14:05:47.127,1.08185,1.082,2.25,3.00
2012.04.04 14:05:47.269,1.08185,1.08201,2.25,1.88
2012.04.04 14:05:47.587,1.08185,1.08201,2.25,1.88
2012.04.04 14:05:47.904,1.08186,1.08201,1.13,1.50
2012.04.04 14:05:48.446,1.08186,1.08202,1.13,2.63
2012.04.04 14:05:49.031,1.08185,1.08199,1.50,1.88
2012.04.04 14:05:49.340,1.08182,1.08196,1.88,2.25
2012.04.04 14:05:49.548,1.08178,1.08192,2.63,1.50
2012.04.04 14:05:49.690,1.08178,1.08189,2.63,1.50
2012.04.04 14:05:50.415,1.08174,1.08189,1.13,2.25
2012.04.04 14:05:51.236,1.08174,1.08191,1.88,2.44
2012.04.04 14:05:51.308,1.08175,1.08192,2.63,3.79
2012.04.04 14:05:52.193,1.08176,1.08192,2.25,3.60
2012.04.04 14:05:53.406,1.08176,1.08192,2.25,3.60
2012.04.04 14:05:54.017,1.08176,1.08191,2.25,1.50
2012.04.04 14:05:54.530,1.08176,1.08192,2.25,3.60
2012.04.04 14:05:55.884,1.08177,1.08194,2.82,2.85
2012.04.04 14:05:55.970,1.0818,1.08195,1.50,1.05
2012.04.04 14:05:56.111,1.08184,1.08196,1.50,2.93
2012.04.04 14:05:56.656,1.08184,1.08196,3.00,1.43
2012.04.04 14:05:57.465,1.08184,1.08196,2.25,1.43
2012.04.04 14:05:57.560,1.08178,1.08194,2.44,5.25
2012.04.04 14:05:58.039,1.08178,1.08193,1.50,1.13
2012.04.04 14:05:58.596,1.08176,1.08193,1.13,2.63
2012.04.04 14:05:59.218,1.08176,1.08193,1.13,3.38
2012.04.04 14:05:59.478,1.08176,1.0819,1.13,2.25
2012.04.04 14:05:59.996,1.08174,1.08189,1.13,1.88
2012.04.04 14:06:00.536,1.08174,1.08188,1.13,2.25
2012.04.04 14:06:01.056,1.08174,1.08189,1.13,5.63
2012.04.04 14:06:01.303,1.08174,1.08189,1.13,4.13
2012.04.04 14:06:01.876,1.08171,1.08188,2.63,2.25
2012.04.04 14:06:02.301,1.08175,1.08189,1.50,3.75
2012.04.04 14:06:02.910,1.08175,1.08186,1.50,1.88
2012.04.04 14:06:03.113,1.08165,1.08179,2.07,1.88
2012.04.04 14:06:03.202,1.08163,1.08179,1.13,7.69
2012.04.04 14:06:03.281,1.08162,1.08178,2.63,3.19
2012.04.04 14:06:03.782,1.08162,1.08178,2.63,4.69
2012.04.04 14:06:04.401,1.08162,1.08177,2.63,1.50
2012.04.04 14:06:04.499,1.08161,1.08177,2.63,1.50
2012.04.04 14:06:04.919,1.08162,1.08177,1.50,1.50
2012.04.04 14:06:05.400,1.08163,1.08179,1.50,1.92
2012.04.04 14:06:06.289,1.08164,1.0818,2.10,3.19
2012.04.04 14:06:06.801,1.08164,1.08181,1.88,2.25
2012.04.04 14:06:07.382,1.08164,1.08181,1.88,4.88
2012.04.04 14:06:08.268,1.08163,1.08177,1.88,1.50
2012.04.04 14:06:09.295,1.08163,1.08178,1.88,1.88
2012.04.04 14:06:10.560,1.08163,1.08176,1.13,1.50
2012.04.04 14:06:10.708,1.08162,1.08176,1.13,1.50
2012.04.04 14:06:10.978,1.08163,1.08179,1.13,2.63
2012.04.04 14:06:11.123,1.08163,1.0818,3.38,3.75
2012.04.04 14:06:11.466,1.08163,1.08179,1.88,1.50
2012.04.04 14:06:12.126,1.08163,1.08179,1.88,1.50
2012.04.04 14:06:12.897,1.08164,1.0818,2.25,5.25
2012.04.04 14:06:13.488,1.08164,1.0818,3.00,3.00
2012.04.04 14:06:15.499,1.08164,1.08178,1.50,1.88
2012.04.04 14:06:16.250,1.08164,1.08181,1.50,5.82
2012.04.04 14:06:17.140,1.08168,1.08183,1.50,1.88
2012.04.04 14:06:17.658,1.08168,1.08184,1.50,2.63
2012.04.04 14:06:18.008,1.08174,1.08185,1.50,1.50
2012.04.04 14:06:18.079,1.08174,1.08188,1.50,2.25
2012.04.04 14:06:18.630,1.08175,1.08191,1.50,3.00
2012.04.04 14:06:19.456,1.08175,1.08189,1.50,1.50
2012.04.04 14:06:20.742,1.08175,1.08191,1.50,3.19
2012.04.04 14:06:20.900,1.08181,1.08191,1.50,1.69
2012.04.04 14:06:21.053,1.08181,1.08196,2.07,1.13
2012.04.04 14:06:21.131,1.08182,1.08198,1.69,4.88
2012.04.04 14:06:21.280,1.08184,1.08198,1.50,2.25
2012.04.04 14:06:21.808,1.08184,1.08199,1.50,1.50
2012.04.04 14:06:22.713,1.08185,1.08197,1.50,1.50
2012.04.04 14:06:23.279,1.08183,1.08197,1.13,1.50
2012.04.04 14:06:23.491,1.08181,1.08194,1.69,1.50
2012.04.04 14:06:24.895,1.08179,1.08194,1.50,1.50
2012.04.04 14:06:27.429,1.08178,1.08194,2.25,1.50
2012.04.04 14:06:27.567,1.08178,1.08192,1.13,2.63
2012.04.04 14:06:27.927,1.08173,1.0818,1.13,1.13
2012.04.04 14:06:28.437,1.08169,1.08178,1.50,1.50
2012.04.04 14:06:28.519,1.08163,1.08177,1.50,1.50
2012.04.04 14:06:28.597,1.08163,1.08177,1.88,1.50
2012.04.04 14:06:28.884,1.08166,1.08179,2.25,1.50
2012.04.04 14:06:28.960,1.08168,1.08184,2.25,6.98
2012.04.04 14:06:29.816,1.08168,1.08184,1.50,7.50
2012.04.04 14:06:30.300,1.08165,1.08181,4.50,1.50
2012.04.04 14:06:30.806,1.08165,1.08181,4.13,1.50
2012.04.04 14:06:31.723,1.08165,1.08181,1.88,1.88
2012.04.04 14:06:33.705,1.08165,1.08181,1.88,1.50
2012.04.04 14:06:34.069,1.08168,1.08184,2.25,4.13
2012.04.04 14:06:34.398,1.08169,1.08184,1.50,1.13
2012.04.04 14:06:34.735,1.08168,1.08184,2.25,2.63
2012.04.04 14:06:34.878,1.08165,1.08182,4.13,1.88
2012.04.04 14:06:35.649,1.08165,1.08182,4.13,1.88
2012.04.04 14:06:35.718,1.08167,1.08183,2.25,3.19
2012.04.04 14:06:36.259,1.08169,1.08184,1.50,1.32
2012.04.04 14:06:38.943,1.08166,1.08184,2.25,2.82
2012.04.04 14:06:40.550,1.08166,1.08184,2.25,2.82
2012.04.04 14:06:40.986,1.08165,1.0818,3.38,1.50
2012.04.04 14:06:41.306,1.08165,1.08181,4.13,2.44
2012.04.04 14:06:41.657,1.08165,1.0818,4.88,1.50
2012.04.04 14:06:42.087,1.08163,1.08177,1.50,1.88
2012.04.04 14:06:42.646,1.08163,1.08177,3.00,1.50
2012.04.04 14:06:42.726,1.08163,1.08179,3.75,2.63
2012.04.04 14:06:43.462,1.08162,1.08178,1.13,2.25
2012.04.04 14:06:43.628,1.08162,1.08178,1.13,3.00
2012.04.04 14:06:44.341,1.08161,1.08175,3.38,1.50
2012.04.04 14:06:44.663,1.0816,1.08172,1.50,3.00
2012.04.04 14:06:45.022,1.08157,1.08174,4.13,2.63
2012.04.04 14:06:45.096,1.08158,1.08174,1.13,1.88
2012.04.04 14:06:45.380,1.08161,1.08177,2.25,6.23
2012.04.04 14:06:46.517,1.08163,1.08177,1.50,1.88
2012.04.04 14:06:46.716,1.08164,1.0818,1.50,3.75
2012.04.04 14:06:47.421,1.08164,1.0818,1.50,3.75
2012.04.04 14:06:48.056,1.08161,1.08177,1.13,2.44
2012.04.04 14:06:48.405,1.08161,1.08177,1.13,3.75
2012.04.04 14:06:52.661,1.08161,1.08177,1.50,4.13
2012.04.04 14:06:52.736,1.08163,1.08177,1.50,2.63
2012.04.04 14:06:53.129,1.08161,1.08175,1.50,1.50
2012.04.04 14:06:53.197,1.08159,1.08175,1.50,1.88
2012.04.04 14:06:54.070,1.08158,1.08176,2.63,3.00
2012.04.04 14:06:55.495,1.08158,1.08174,1.13,2.63
2012.04.04 14:06:56.009,1.08158,1.08174,1.13,3.00
2012.04.04 14:06:58.567,1.08159,1.08174,2.10,3.00
2012.04.04 14:06:58.911,1.08165,1.08173,1.35,1.50
2012.04.04 14:06:59.002,1.08164,1.08177,1.50,1.02
2012.04.04 14:06:59.526,1.08164,1.08179,3.98,1.50
2012.04.04 14:06:59.642,1.08166,1.08182,3.98,3.19
2012.04.04 14:06:59.729,1.08166,1.08182,6.23,2.44
2012.04.04 14:07:00.155,1.08169,1.08182,3.23,2.63
2012.04.04 14:07:00.867,1.08169,1.08182,3.23,1.50
2012.04.04 14:07:02.206,1.08169,1.08182,3.23,2.25
2012.04.04 14:07:02.833,1.08167,1.08177,1.73,2.25
2012.04.04 14:07:02.948,1.08161,1.08177,2.63,3.75
2012.04.04 14:07:03.023,1.08161,1.08175,2.63,1.50
2012.04.04 14:07:03.314,1.08159,1.08174,1.32,1.50
2012.04.04 14:07:04.236,1.08163,1.08178,4.50,3.00
2012.04.04 14:07:04.336,1.08169,1.08178,2.25,1.50
2012.04.04 14:07:04.412,1.08169,1.08183,2.25,1.50
2012.04.04 14:07:04.511,1.08169,1.08187,2.25,2.82
2012.04.04 14:07:05.016,1.08169,1.08187,3.00,2.82
2012.04.04 14:07:05.314,1.08168,1.08182,3.75,1.50
2012.04.04 14:07:05.930,1.08168,1.08182,2.63,2.63
2012.04.04 14:07:06.233,1.08167,1.08181,1.13,2.25
2012.04.04 14:07:06.382,1.08166,1.08181,1.13,2.25
2012.04.04 14:07:07.534,1.08165,1.0818,3.38,1.69
2012.04.04 14:07:09.497,1.08168,1.08182,1.35,3.00
2012.04.04 14:07:09.637,1.08168,1.08182,1.35,2.25
2012.04.04 14:07:10.605,1.08165,1.08179,2.48,1.88
2012.04.04 14:07:10.692,1.08164,1.08179,1.50,3.57
2012.04.04 14:07:11.186,1.0816,1.08175,2.25,1.71
2012.04.04 14:07:11.325,1.08158,1.08172,1.13,1.69
2012.04.04 14:07:13.514,1.08158,1.08172,3.00,1.88
2012.04.04 14:07:14.125,1.08156,1.08172,3.98,2.63
2012.04.04 14:07:16.410,1.08157,1.08172,1.50,1.69
2012.04.04 14:07:17.966,1.08156,1.08174,2.25,5.25
2012.04.04 14:07:18.563,1.08155,1.08171,5.25,1.50
2012.04.04 14:07:19.114,1.08156,1.08174,2.25,5.63
2012.04.04 14:07:19.677,1.08156,1.08174,2.25,6.38
2012.04.04 14:07:21.211,1.08155,1.08172,3.75,2.44
2012.04.04 14:07:21.497,1.08157,1.08173,2.63,1.50
2012.04.04 14:07:22.025,1.08161,1.08175,3.00,1.69
2012.04.04 14:07:25.098,1.0816,1.08175,4.54,1.50
2012.04.04 14:07:25.446,1.08165,1.08177,2.63,1.50
2012.04.04 14:07:25.600,1.08165,1.08181,2.63,1.13
2012.04.04 14:07:26.304,1.08167,1.08183,2.25,2.82
2012.04.04 14:07:26.838,1.08167,1.08183,2.25,2.82
2012.04.04 14:07:27.267,1.08164,1.08179,2.25,1.50
2012.04.04 14:07:28.044,1.08165,1.08181,1.50,2.82
2012.04.04 14:07:28.601,1.08165,1.08181,2.25,3.38
2012.04.04 14:07:28.825,1.08163,1.08177,1.13,1.50
2012.04.04 14:07:29.606,1.08161,1.08177,2.63,1.50
2012.04.04 14:07:30.006,1.08161,1.08177,2.25,3.75
2012.04.04 14:07:30.443,1.0816,1.08173,2.48,1.50
2012.04.04 14:07:30.665,1.08159,1.08176,1.50,3.57
2012.04.04 14:07:31.185,1.08161,1.08177,1.50,1.13
2012.04.04 14:07:31.537,1.0816,1.08173,1.50,1.13
2012.04.04 14:07:31.614,1.08155,1.08172,1.13,1.50
2012.04.04 14:07:32.114,1.08155,1.08172,1.13,1.50
2012.04.04 14:07:32.725,1.08156,1.08172,2.63,1.50
2012.04.04 14:07:33.078,1.08164,1.08175,1.73,1.50
2012.04.04 14:07:33.435,1.08164,1.08179,1.13,1.50
2012.04.04 14:07:33.580,1.08164,1.08179,1.13,2.25
2012.04.04 14:07:34.083,1.08163,1.08178,1.50,2.44
2012.04.04 14:07:34.589,1.08162,1.08177,3.75,1.50
2012.04.04 14:07:34.659,1.08162,1.08179,5.25,2.07
2012.04.04 14:07:35.634,1.08161,1.08175,2.25,1.50
2012.04.04 14:07:35.723,1.08159,1.08175,2.63,1.50
2012.04.04 14:07:37.081,1.08158,1.08176,3.38,4.50
2012.04.04 14:07:37.952,1.08158,1.08176,1.50,5.63
2012.04.04 14:07:38.465,1.08158,1.08175,1.50,3.00
2012.04.04 14:07:38.543,1.0816,1.08175,1.50,3.00
2012.04.04 14:07:39.104,1.0816,1.08175,2.25,2.25
2012.04.04 14:07:39.758,1.08162,1.08174,1.50,1.50
2012.04.04 14:07:39.827,1.08162,1.08178,1.50,1.32
2012.04.04 14:07:40.127,1.08162,1.08176,1.50,1.13
2012.04.04 14:07:40.199,1.08162,1.08178,1.50,1.13
2012.04.04 14:07:40.408,1.08161,1.08178,2.25,1.13
2012.04.04 14:07:40.969,1.08161,1.08177,3.00,2.25
2012.04.04 14:07:41.664,1.08167,1.08183,2.25,1.73
2012.04.04 14:07:41.971,1.08169,1.08185,1.50,1.88
2012.04.04 14:07:42.049,1.08169,1.08185,1.50,1.88
2012.04.04 14:07:44.716,1.0817,1.08186,1.50,4.50
2012.04.04 14:07:45.983,1.08171,1.08186,2.25,2.63
2012.04.04 14:07:46.065,1.08173,1.08188,1.50,3.57
2012.04.04 14:07:46.593,1.08172,1.08188,2.25,4.32
2012.04.04 14:07:48.054,1.08172,1.08187,2.25,1.13
2012.04.04 14:07:48.810,1.08171,1.08185,1.50,1.69
2012.04.04 14:07:48.901,1.08167,1.08183,1.13,1.13
2012.04.04 14:07:49.766,1.08166,1.08183,2.25,1.88
2012.04.04 14:07:49.837,1.08166,1.08183,2.25,2.25
2012.04.04 14:07:49.974,1.08165,1.0818,2.63,1.13
2012.04.04 14:07:50.118,1.08165,1.08178,1.13,1.50
2012.04.04 14:07:53.040,1.08165,1.0818,1.13,2.63
2012.04.04 14:07:54.895,1.08168,1.08183,1.50,1.13
2012.04.04 14:07:55.118,1.08168,1.08184,1.50,2.07
2012.04.04 14:07:55.404,1.08168,1.08182,1.50,1.50
2012.04.04 14:07:56.021,1.08166,1.08177,1.50,3.75
2012.04.04 14:07:56.168,1.08161,1.08177,2.63,3.75
2012.04.04 14:07:56.321,1.08164,1.08179,1.50,1.73
2012.04.04 14:07:57.727,1.08164,1.08179,2.25,1.73
2012.04.04 14:07:59.234,1.08169,1.08181,1.50,1.88
2012.04.04 14:07:59.636,1.08167,1.08182,3.00,2.25
2012.04.04 14:07:59.851,1.08169,1.08182,1.50,2.25
2012.04.04 14:08:00.386,1.0817,1.08182,1.50,2.25
2012.04.04 14:08:01.079,1.08168,1.08182,2.25,1.88
2012.04.04 14:08:01.545,1.08168,1.08178,1.50,1.88
2012.04.04 14:08:02.043,1.08165,1.08178,1.50,1.88
2012.04.04 14:08:02.123,1.08165,1.08173,1.50,1.88
2012.04.04 14:08:02.273,1.08162,1.08173,1.69,2.25
2012.04.04 14:08:02.428,1.0816,1.08171,2.63,1.88
2012.04.04 14:08:02.506,1.08157,1.08171,2.25,1.88
2012.04.04 14:08:03.012,1.08156,1.08167,2.25,1.88
2012.04.04 14:08:03.306,1.08151,1.08163,1.50,1.88
2012.04.04 14:08:03.523,1.08148,1.08165,2.44,1.50
2012.04.04 14:08:03.679,1.08157,1.08165,1.88,1.50
2012.04.04 14:08:04.232,1.08157,1.08166,1.88,1.50
2012.04.04 14:08:04.322,1.08154,1.08167,2.25,2.25
2012.04.04 14:08:04.868,1.08152,1.08167,4.13,2.63
2012.04.04 14:08:05.006,1.08152,1.08167,4.13,2.63
2012.04.04 14:08:05.539,1.08156,1.08172,2.25,6.75
2012.04.04 14:08:06.299,1.08163,1.08172,1.35,2.63
2012.04.04 14:08:06.387,1.08163,1.08175,1.35,2.25
2012.04.04 14:08:06.469,1.08161,1.08175,2.25,2.25
2012.04.04 14:08:06.611,1.08161,1.08172,2.25,1.88
2012.04.04 14:08:06.828,1.08156,1.08172,1.88,3.42
2012.04.04 14:08:06.904,1.08162,1.08171,2.25,1.50
2012.04.04 14:08:07.051,1.08158,1.08168,2.25,1.88
2012.04.04 14:08:07.133,1.08154,1.08165,1.50,1.88
2012.04.04 14:08:07.660,1.08148,1.08164,1.13,3.38
2012.04.04 14:08:07.857,1.08148,1.08164,1.13,2.63
2012.04.04 14:08:09.311,1.08156,1.08164,1.88,2.63
2012.04.04 14:08:09.829,1.08153,1.08164,2.63,2.25
2012.04.04 14:08:09.922,1.08153,1.08166,4.13,2.25
2012.04.04 14:08:10.005,1.08153,1.08166,4.13,2.25
2012.04.04 14:08:10.879,1.08156,1.08166,1.50,2.25
2012.04.04 14:08:11.519,1.08156,1.08166,2.25,2.25
2012.04.04 14:08:12.032,1.08161,1.08175,2.25,2.48
2012.04.04 14:08:12.592,1.08161,1.08175,2.25,1.35
2012.04.04 14:08:13.259,1.08161,1.08176,4.13,1.13
2012.04.04 14:08:13.763,1.08163,1.08179,2.63,2.07
2012.04.04 14:08:15.768,1.08163,1.0818,4.13,2.63
2012.04.04 14:08:15.912,1.08163,1.08176,2.25,1.35
2012.04.04 14:08:16.127,1.08161,1.08173,1.50,2.25
2012.04.04 14:08:16.273,1.08157,1.08172,2.25,2.25
2012.04.04 14:08:16.355,1.08155,1.08171,1.50,1.13
2012.04.04 14:08:16.434,1.08154,1.08171,4.69,1.50
2012.04.04 14:08:17.280,1.08156,1.08171,1.50,1.73
2012.04.04 14:08:18.458,1.08156,1.08171,6.75,1.73
2012.04.04 14:08:18.857,1.08166,1.08175,1.50,1.50
2012.04.04 14:08:19.468,1.08164,1.08175,2.25,1.13
2012.04.04 14:08:19.612,1.08164,1.08179,2.25,3.38
2012.04.04 14:08:20.190,1.08161,1.08174,2.25,1.88
2012.04.04 14:08:20.990,1.08159,1.08173,2.25,2.44
2012.04.04 14:08:21.066,1.08156,1.08172,4.50,1.88
2012.04.04 14:08:21.439,1.08158,1.08169,1.50,1.88
2012.04.04 14:08:21.662,1.08155,1.08169,2.63,1.69
2012.04.04 14:08:22.207,1.08158,1.08172,1.50,2.63
2012.04.04 14:08:23.713,1.08155,1.0817,1.88,1.50
2012.04.04 14:08:24.257,1.08154,1.0817,3.38,3.75
2012.04.04 14:08:24.411,1.08157,1.0817,1.88,3.75
2012.04.04 14:08:25.342,1.08158,1.08174,1.50,3.38
2012.04.04 14:08:25.626,1.08157,1.08173,4.13,1.88
2012.04.04 14:08:27.238,1.0816,1.08173,1.88,1.88
2012.04.04 14:08:27.590,1.08163,1.0817,3.00,2.10
2012.04.04 14:08:28.104,1.08161,1.08168,1.35,1.50
2012.04.04 14:08:28.186,1.0816,1.08176,6.19,1.50
2012.04.04 14:08:28.389,1.08161,1.08176,1.69,1.50
2012.04.04 14:08:28.612,1.0816,1.08178,7.32,2.25
2012.04.04 14:08:28.967,1.0816,1.08175,4.88,1.50
2012.04.04 14:08:29.310,1.08159,1.08173,3.75,1.88
2012.04.04 14:08:30.575,1.08158,1.08173,2.25,1.88
2012.04.04 14:08:31.137,1.08158,1.08173,2.25,1.88
2012.04.04 14:08:34.118,1.08156,1.08169,4.13,1.88
2012.04.04 14:08:34.676,1.08154,1.08169,3.75,3.38
2012.04.04 14:08:35.199,1.08156,1.08169,2.25,1.88
2012.04.04 14:08:35.717,1.08156,1.0817,2.25,1.88
2012.04.04 14:08:36.265,1.08156,1.0817,3.00,1.88
2012.04.04 14:08:37.115,1.08157,1.08173,4.50,4.50
2012.04.04 14:08:37.680,1.08157,1.08173,3.00,3.00
2012.04.04 14:08:38.475,1.08157,1.08173,3.38,1.13
2012.04.04 14:08:42.606,1.08157,1.08174,2.25,4.50
2012.04.04 14:08:43.136,1.08157,1.08173,3.00,2.44
2012.04.04 14:08:43.277,1.08162,1.08174,1.88,2.63
2012.04.04 14:08:43.622,1.08166,1.08176,2.63,1.88
2012.04.04 14:08:44.176,1.08166,1.0818,1.88,2.07
2012.04.04 14:08:44.533,1.08167,1.0818,3.38,1.88
2012.04.04 14:08:44.703,1.08171,1.08184,1.13,1.13
2012.04.04 14:08:44.850,1.08173,1.08185,1.50,1.88
2012.04.04 14:08:45.014,1.08173,1.0819,1.88,4.88
2012.04.04 14:08:45.678,1.08173,1.0819,1.50,4.88
2012.04.04 14:08:45.982,1.08173,1.08188,1.50,1.88
2012.04.04 14:08:46.335,1.08173,1.08188,1.50,1.88
2012.04.04 14:08:46.540,1.08174,1.08188,1.13,1.50
2012.04.04 14:08:46.748,1.08174,1.0819,3.00,1.88
2012.04.04 14:08:46.819,1.08174,1.0819,2.63,1.88
2012.04.04 14:08:47.446,1.08179,1.08191,2.63,2.63
2012.04.04 14:08:47.809,1.08182,1.08191,2.63,2.25
2012.04.04 14:08:47.890,1.08182,1.08194,4.13,3.00
2012.04.04 14:08:48.123,1.08184,1.08198,3.79,3.00
2012.04.04 14:08:48.213,1.08185,1.082,1.13,2.25
2012.04.04 14:08:48.766,1.08186,1.08199,2.25,1.50
2012.04.04 14:08:48.841,1.08186,1.082,3.00,1.50
2012.04.04 14:08:48.917,1.08186,1.08204,4.88,2.63
2012.04.04 14:08:49.774,1.08186,1.08204,4.50,2.07
2012.04.04 14:08:50.717,1.08186,1.08198,4.50,1.88
2012.04.04 14:08:50.823,1.08186,1.08198,2.25,1.88
2012.04.04 14:08:50.970,1.08182,1.08198,2.63,2.82
2012.04.04 14:08:51.059,1.08182,1.08194,1.13,1.50
2012.04.04 14:08:51.133,1.08182,1.08196,3.00,3.00
2012.04.04 14:08:51.669,1.08183,1.08199,1.13,2.25
2012.04.04 14:08:52.177,1.08183,1.08199,1.13,1.50
2012.04.04 14:08:52.268,1.08182,1.08197,1.13,1.88
2012.04.04 14:08:52.811,1.08182,1.08196,1.13,1.50
2012.04.04 14:08:53.509,1.0818,1.08196,1.88,4.13
2012.04.04 14:08:54.061,1.08179,1.08195,2.82,2.63
2012.04.04 14:08:54.577,1.08182,1.08198,2.25,4.88
2012.04.04 14:08:56.202,1.08181,1.08194,1.88,1.50
2012.04.04 14:08:56.493,1.08182,1.08194,2.82,1.50
2012.04.04 14:08:56.648,1.08182,1.08196,2.82,1.88
2012.04.04 14:08:56.724,1.08185,1.08197,1.50,1.88
2012.04.04 14:08:57.084,1.08187,1.08198,1.35,2.25
2012.04.04 14:08:57.783,1.08189,1.08203,2.25,1.13
2012.04.04 14:08:57.877,1.08186,1.08199,4.13,1.50
2012.04.04 14:08:58.437,1.08184,1.08198,3.38,1.88
2012.04.04 14:08:59.346,1.08181,1.08196,1.88,3.38
2012.04.04 14:08:59.433,1.08178,1.08195,4.13,2.63
2012.04.04 14:08:59.911,1.08181,1.08194,1.50,2.25
2012.04.04 14:09:00.063,1.08179,1.08194,2.63,2.25
2012.04.04 14:09:01.450,1.08181,1.08197,4.13,1.69
2012.04.04 14:09:01.739,1.08184,1.08199,1.50,4.50
2012.04.04 14:09:02.300,1.08185,1.08203,2.25,8.85
2012.04.04 14:09:02.428,1.08185,1.08203,2.25,8.25
2012.04.04 14:09:02.995,1.08188,1.08203,1.50,6.00
2012.04.04 14:09:04.130,1.08186,1.08202,3.75,1.88
2012.04.04 14:09:04.835,1.08186,1.08202,4.50,1.88
2012.04.04 14:09:05.367,1.08189,1.08206,2.25,1.13
2012.04.04 14:09:05.858,1.08189,1.08203,2.63,1.50
2012.04.04 14:09:05.931,1.0819,1.08206,2.25,4.13
2012.04.04 14:09:06.826,1.08189,1.08205,2.63,1.69
2012.04.04 14:09:07.608,1.08191,1.08205,1.88,1.69
2012.04.04 14:09:09.531,1.08191,1.08205,1.88,1.69
2012.04.04 14:09:10.025,1.08191,1.08202,1.88,1.50
2012.04.04 14:09:10.123,1.08181,1.08196,2.63,2.25
2012.04.04 14:09:10.277,1.08181,1.08196,1.13,4.13
2012.04.04 14:09:10.436,1.08179,1.08192,3.00,1.50
2012.04.04 14:09:10.921,1.08179,1.08192,1.88,1.50
2012.04.04 14:09:11.526,1.08179,1.08194,3.23,1.50
2012.04.04 14:09:11.613,1.08183,1.08199,3.75,2.63
2012.04.04 14:09:11.698,1.08187,1.08199,1.88,1.13
2012.04.04 14:09:11.897,1.08187,1.08202,1.88,1.50
2012.04.04 14:09:12.436,1.08187,1.08203,2.63,3.00
2012.04.04 14:09:12.968,1.08186,1.08203,1.88,3.00
2012.04.04 14:09:14.599,1.08186,1.08201,1.88,1.13
2012.04.04 14:09:14.872,1.08183,1.08196,2.25,1.50
2012.04.04 14:09:15.161,1.08181,1.08196,2.63,3.75
2012.04.04 14:09:15.964,1.08187,1.08197,1.88,2.10
2012.04.04 14:09:16.253,1.08187,1.08203,4.88,3.00
2012.04.04 14:09:16.331,1.08187,1.08203,5.63,2.25
2012.04.04 14:09:16.416,1.08187,1.08203,5.82,1.50
2012.04.04 14:09:16.725,1.08189,1.08206,2.25,3.38
2012.04.04 14:09:17.505,1.08189,1.08205,2.25,1.88
2012.04.04 14:09:17.784,1.08188,1.08203,2.44,1.88
2012.04.04 14:09:18.278,1.0819,1.08204,5.07,2.25
2012.04.04 14:09:19.128,1.08193,1.08209,2.63,1.13
2012.04.04 14:09:19.212,1.08188,1.08202,3.75,1.50
2012.04.04 14:09:19.569,1.08186,1.08201,3.38,2.44
2012.04.04 14:09:19.912,1.08183,1.08197,1.13,1.50
2012.04.04 14:09:19.989,1.08182,1.082,4.88,6.57
2012.04.04 14:09:20.758,1.08186,1.082,2.25,1.50
2012.04.04 14:09:20.846,1.08188,1.08203,1.50,1.13
2012.04.04 14:09:20.990,1.08186,1.08202,4.50,2.25
2012.04.04 14:09:22.140,1.08186,1.08202,4.50,1.50
2012.04.04 14:09:22.354,1.08189,1.08205,4.13,4.13
2012.04.04 14:09:22.440,1.08191,1.08203,1.50,2.25
2012.04.04 14:09:22.933,1.08191,1.08205,1.50,2.63
2012.04.04 14:09:23.023,1.08188,1.08203,2.63,1.88
2012.04.04 14:09:23.566,1.08188,1.08203,1.50,1.88
2012.04.04 14:09:24.079,1.08188,1.08204,1.50,2.63
2012.04.04 14:09:24.781,1.08192,1.08204,2.25,1.88
2012.04.04 14:09:24.865,1.08192,1.08208,2.25,3.00
2012.04.04 14:09:25.134,1.08194,1.08208,1.50,2.25
2012.04.04 14:09:26.016,1.08194,1.0821,1.50,4.69
2012.04.04 14:09:27.099,1.08203,1.08216,1.88,1.13
2012.04.04 14:09:27.409,1.082,1.08214,1.32,1.88
2012.04.04 14:09:28.555,1.08197,1.08213,3.57,2.25
2012.04.04 14:09:28.782,1.08195,1.08211,1.88,3.00
2012.04.04 14:09:29.289,1.08194,1.0821,1.88,2.25
2012.04.04 14:09:30.012,1.08199,1.08216,1.50,4.88
2012.04.04 14:09:30.369,1.08201,1.08216,1.88,4.88
2012.04.04 14:09:30.442,1.08201,1.08215,1.88,1.69
2012.04.04 14:09:30.860,1.08201,1.08216,4.13,3.38
2012.04.04 14:09:31.607,1.08201,1.08215,4.13,2.25
2012.04.04 14:09:32.158,1.08201,1.08215,2.25,2.25
2012.04.04 14:09:32.445,1.08198,1.0821,4.13,1.88
2012.04.04 14:09:33.119,1.08202,1.0821,1.88,1.50
2012.04.04 14:09:33.212,1.08202,1.08218,2.63,5.25
2012.04.04 14:09:33.296,1.08202,1.08218,1.88,5.25
2012.04.04 14:09:33.516,1.08204,1.08216,1.88,1.50
2012.04.04 14:09:33.800,1.08204,1.08219,2.63,1.88
2012.04.04 14:09:34.139,1.08204,1.08216,1.88,2.25
2012.04.04 14:09:34.703,1.082,1.08215,1.13,4.13
2012.04.04 14:09:34.853,1.08198,1.08213,2.25,1.50
2012.04.04 14:09:34.998,1.08198,1.08213,2.25,1.50
2012.04.04 14:09:35.551,1.08197,1.08212,2.25,1.50
2012.04.04 14:09:36.085,1.08205,1.08212,1.88,1.50
2012.04.04 14:09:36.181,1.08205,1.08219,1.88,2.25
2012.04.04 14:09:36.725,1.08203,1.08219,3.38,2.25
2012.04.04 14:09:36.925,1.08203,1.08214,1.88,2.25
2012.04.04 14:09:37.645,1.082,1.08214,2.25,1.50
2012.04.04 14:09:37.872,1.082,1.08213,1.88,1.50
2012.04.04 14:09:38.080,1.082,1.08213,2.25,1.50
2012.04.04 14:09:38.426,1.08199,1.08214,1.50,1.50
2012.04.04 14:09:38.640,1.08198,1.08215,2.63,3.00
2012.04.04 14:09:39.259,1.08198,1.08214,4.50,2.25
2012.04.04 14:09:39.804,1.08199,1.08214,1.13,2.25
2012.04.04 14:09:40.166,1.082,1.08216,1.88,2.10
2012.04.04 14:09:40.312,1.082,1.08217,4.13,3.42
2012.04.04 14:09:40.819,1.082,1.08217,4.13,4.17
2012.04.04 14:09:42.249,1.082,1.08216,1.50,1.35
2012.04.04 14:09:42.587,1.08199,1.08215,1.50,4.50
2012.04.04 14:09:44.275,1.08199,1.08215,1.50,6.38
2012.04.04 14:09:44.686,1.08196,1.08212,3.75,2.25
2012.04.04 14:09:45.217,1.08196,1.08212,2.25,2.63
2012.04.04 14:09:46.468,1.08197,1.08213,1.50,9.00
2012.04.04 14:09:46.674,1.08199,1.08213,1.88,5.63
2012.04.04 14:09:46.984,1.08204,1.08217,1.50,3.00
2012.04.04 14:09:47.060,1.08204,1.08219,1.50,1.13
2012.04.04 14:09:47.587,1.08206,1.0822,2.25,1.13
2012.04.04 14:09:47.944,1.08215,1.08224,2.63,1.50
2012.04.04 14:09:48.231,1.08217,1.08228,1.50,1.50
2012.04.04 14:09:48.311,1.08217,1.08231,1.50,2.25
2012.04.04 14:09:48.391,1.08215,1.08231,2.25,4.50
2012.04.04 14:09:48.612,1.08215,1.0823,1.50,4.13
2012.04.04 14:09:49.040,1.08213,1.08229,3.75,2.25
2012.04.04 14:09:49.316,1.08213,1.08226,2.25,2.25
2012.04.04 14:09:49.846,1.08213,1.08228,3.38,1.50
2012.04.04 14:09:50.387,1.08211,1.08225,1.13,1.50
2012.04.04 14:09:50.959,1.0821,1.08225,2.25,2.25
2012.04.04 14:09:51.789,1.0821,1.08225,1.88,3.00
2012.04.04 14:09:52.704,1.0821,1.08225,1.88,3.38
2012.04.04 14:09:53.046,1.0821,1.08222,1.88,4.50
2012.04.04 14:09:53.632,1.0821,1.08222,1.88,4.50
2012.04.04 14:09:54.203,1.08209,1.08222,1.88,4.50
2012.04.04 14:09:54.858,1.08206,1.08219,2.63,3.00
2012.04.04 14:09:54.957,1.08203,1.08217,1.88,7.13
2012.04.04 14:09:55.034,1.08198,1.08214,1.88,4.35
2012.04.04 14:09:55.111,1.08197,1.08213,2.25,5.25
2012.04.04 14:09:55.646,1.08197,1.08213,3.38,3.00
2012.04.04 14:09:56.149,1.08197,1.08212,1.88,2.44
2012.04.04 14:09:57.008,1.08193,1.08205,1.88,2.10
2012.04.04 14:09:57.299,1.08185,1.08197,3.00,2.85
2012.04.04 14:09:57.435,1.08185,1.08196,3.00,2.25
2012.04.04 14:09:57.928,1.08182,1.08196,3.38,2.25
2012.04.04 14:09:58.922,1.08182,1.08198,4.13,4.17
2012.04.04 14:09:59.055,1.08184,1.08198,1.50,4.17
2012.04.04 14:09:59.488,1.08184,1.08197,1.50,1.13
2012.04.04 14:09:59.556,1.08182,1.08197,2.63,1.13
2012.04.04 14:10:00.293,1.08182,1.08196,1.88,1.50
2012.04.04 14:10:00.812,1.08186,1.08197,2.25,1.88
2012.04.04 14:10:01.029,1.08184,1.082,3.00,1.88
2012.04.04 14:10:01.571,1.08183,1.08199,2.63,1.50
2012.04.04 14:10:02.329,1.08184,1.08201,1.88,4.50
2012.04.04 14:10:02.605,1.08184,1.082,1.88,3.00
2012.04.04 14:10:03.262,1.08181,1.08197,3.38,1.50
2012.04.04 14:10:03.623,1.0818,1.08194,2.25,1.50
2012.04.04 14:10:04.572,1.0818,1.08197,4.69,2.25
2012.04.04 14:10:04.855,1.0818,1.08197,2.82,4.13
2012.04.04 14:10:04.996,1.0818,1.08197,2.82,4.13
2012.04.04 14:10:05.422,1.08179,1.08194,1.50,5.07
2012.04.04 14:10:05.899,1.08178,1.08189,1.50,3.94
2012.04.04 14:10:06.221,1.08173,1.08182,1.50,2.25
2012.04.04 14:10:06.307,1.08167,1.08182,2.63,2.25
2012.04.04 14:10:07.111,1.08167,1.08182,1.50,2.25
2012.04.04 14:10:07.845,1.08166,1.08182,2.63,2.25
2012.04.04 14:10:08.460,1.08166,1.08183,2.63,2.25
2012.04.04 14:10:09.093,1.08168,1.08184,1.50,6.94
2012.04.04 14:10:10.176,1.08168,1.08182,1.50,2.25
2012.04.04 14:10:10.855,1.08168,1.0818,1.50,2.25
2012.04.04 14:10:11.055,1.08166,1.0818,4.13,2.25
2012.04.04 14:10:11.735,1.08168,1.08184,2.25,4.69
2012.04.04 14:10:11.815,1.08166,1.08183,4.13,1.69
2012.04.04 14:10:11.890,1.0817,1.08183,1.88,1.69
2012.04.04 14:10:12.260,1.08174,1.08185,1.88,1.50
2012.04.04 14:10:12.342,1.08174,1.08187,1.88,2.25
2012.04.04 14:10:13.274,1.08171,1.08184,4.32,2.25
2012.04.04 14:10:13.633,1.08169,1.08183,2.25,2.25
2012.04.04 14:10:13.778,1.08168,1.08185,4.50,2.25
2012.04.04 14:10:14.338,1.08168,1.08186,3.75,6.19
2012.04.04 14:10:14.872,1.08166,1.08184,8.48,2.44
2012.04.04 14:10:15.186,1.08166,1.08181,6.98,1.50
2012.04.04 14:10:15.997,1.08167,1.08181,1.13,1.50
2012.04.04 14:10:16.142,1.08167,1.08184,1.13,2.25
2012.04.04 14:10:16.360,1.08166,1.08184,6.60,2.25
2012.04.04 14:10:16.989,1.08166,1.08183,2.63,1.13
2012.04.04 14:10:17.343,1.08165,1.08182,4.69,2.25
2012.04.04 14:10:17.699,1.08163,1.08176,2.25,1.50
2012.04.04 14:10:17.849,1.08163,1.08178,1.88,2.25
2012.04.04 14:10:18.656,1.08164,1.08178,3.38,2.25
2012.04.04 14:10:19.195,1.08164,1.08179,3.38,3.38
2012.04.04 14:10:19.918,1.08162,1.08179,1.88,5.25
2012.04.04 14:10:20.109,1.08162,1.08179,1.88,5.25
2012.04.04 14:10:20.580,1.0816,1.08176,1.50,2.63
2012.04.04 14:10:20.931,1.08162,1.08177,1.50,3.00
2012.04.04 14:10:21.363,1.08159,1.08175,1.88,1.13
2012.04.04 14:10:21.445,1.08159,1.08175,1.88,1.13
2012.04.04 14:10:22.013,1.08158,1.08173,3.38,3.19
2012.04.04 14:10:22.306,1.08153,1.08169,2.63,1.50
2012.04.04 14:10:22.386,1.08153,1.08163,2.63,2.25
2012.04.04 14:10:22.676,1.08152,1.08167,1.88,2.63
2012.04.04 14:10:23.229,1.08152,1.08166,1.88,2.63
2012.04.04 14:10:24.076,1.08152,1.08165,1.88,1.13
2012.04.04 14:10:24.991,1.08153,1.08166,1.88,2.63
2012.04.04 14:10:25.208,1.08158,1.08168,1.88,2.67
2012.04.04 14:10:25.561,1.08164,1.08169,2.25,1.35
2012.04.04 14:10:25.861,1.08163,1.08177,4.13,1.13
2012.04.04 14:10:26.274,1.08163,1.08179,4.13,3.00
2012.04.04 14:10:26.606,1.08162,1.08178,4.13,1.50
2012.04.04 14:10:27.031,1.08161,1.08175,1.50,1.13
2012.04.04 14:10:27.750,1.08154,1.08169,2.63,2.25
2012.04.04 14:10:27.834,1.08154,1.08169,2.63,2.25
2012.04.04 14:10:28.007,1.08157,1.08169,2.25,2.25
2012.04.04 14:10:28.095,1.08157,1.0817,2.25,1.50
2012.04.04 14:10:28.243,1.0816,1.08172,1.88,2.25
2012.04.04 14:10:28.394,1.0816,1.08173,1.88,1.13
2012.04.04 14:10:28.471,1.08157,1.08173,1.50,1.13
2012.04.04 14:10:29.057,1.08156,1.0817,1.88,1.50
2012.04.04 14:10:29.552,1.08156,1.0817,1.88,2.25
2012.04.04 14:10:30.099,1.08157,1.08172,2.25,1.50
2012.04.04 14:10:30.887,1.08162,1.08172,1.88,1.50
2012.04.04 14:10:30.965,1.08162,1.08175,1.88,1.13
2012.04.04 14:10:31.378,1.08162,1.08176,1.88,1.69
2012.04.04 14:10:31.451,1.08165,1.08176,1.88,1.50
2012.04.04 14:10:31.739,1.08165,1.08181,6.38,2.25
2012.04.04 14:10:32.629,1.08164,1.08178,1.88,2.25
2012.04.04 14:10:32.704,1.08164,1.08176,1.88,2.25
2012.04.04 14:10:33.624,1.08163,1.08176,2.25,1.50
2012.04.04 14:10:33.969,1.08161,1.08173,4.88,1.50
2012.04.04 14:10:34.862,1.08161,1.08174,1.88,2.25
2012.04.04 14:10:34.954,1.08159,1.08174,4.50,2.25
2012.04.04 14:10:35.299,1.08157,1.08172,2.63,2.25
2012.04.04 14:10:36.336,1.08159,1.08171,1.88,2.63
2012.04.04 14:10:36.865,1.08155,1.08169,1.88,1.50
2012.04.04 14:10:37.374,1.08151,1.08167,1.88,2.63
2012.04.04 14:10:38.176,1.08151,1.08167,1.88,2.63
2012.04.04 14:10:39.778,1.08151,1.08167,1.88,1.50
2012.04.04 14:10:40.120,1.08151,1.08166,2.07,2.63
2012.04.04 14:10:40.469,1.08151,1.08164,1.50,1.50
2012.04.04 14:10:40.933,1.08148,1.08163,1.88,1.13
2012.04.04 14:10:41.425,1.08153,1.08165,1.88,3.23
2012.04.04 14:10:41.784,1.08151,1.08165,1.50,1.13
2012.04.04 14:10:42.351,1.08147,1.08162,1.50,3.00
2012.04.04 14:10:42.903,1.08147,1.08162,1.50,3.00
2012.04.04 14:10:43.565,1.08147,1.08162,1.50,3.75
2012.04.04 14:10:43.849,1.08149,1.08162,4.50,3.75
2012.04.04 14:10:43.916,1.0815,1.08162,1.88,3.75
2012.04.04 14:10:44.398,1.08151,1.08168,4.50,1.73
2012.04.04 14:10:44.470,1.08151,1.08167,3.00,2.25
2012.04.04 14:10:44.537,1.08151,1.08167,2.25,2.25
2012.04.04 14:10:44.607,1.08152,1.08168,1.50,4.73
2012.04.04 14:10:44.808,1.08152,1.08167,1.50,1.50
2012.04.04 14:10:45.135,1.0815,1.08167,1.88,3.00
2012.04.04 14:10:45.667,1.08149,1.08165,1.88,2.07
2012.04.04 14:10:46.001,1.0815,1.08166,2.63,1.32
2012.04.04 14:10:46.439,1.08158,1.08167,4.13,1.50
2012.04.04 14:10:46.518,1.08161,1.08175,1.50,1.50
2012.04.04 14:10:46.593,1.08161,1.08176,1.50,3.00
2012.04.04 14:10:47.078,1.08158,1.08176,4.13,5.25
2012.04.04 14:10:47.503,1.08157,1.08172,2.25,2.07
2012.04.04 14:10:48.116,1.08152,1.08166,1.50,2.63
2012.04.04 14:10:48.200,1.0815,1.08166,1.50,4.50
2012.04.04 14:10:48.635,1.08148,1.08163,2.25,2.25
2012.04.04 14:10:48.846,1.08148,1.08163,3.00,2.44
2012.04.04 14:10:49.190,1.08148,1.08163,2.25,2.44
2012.04.04 14:10:49.697,1.08149,1.08164,2.25,2.63
2012.04.04 14:10:50.117,1.08154,1.08166,1.88,1.88
2012.04.04 14:10:50.339,1.08157,1.0817,3.00,1.32
2012.04.04 14:10:50.484,1.08159,1.0817,1.50,1.13
2012.04.04 14:10:51.197,1.08159,1.08171,1.50,1.13
2012.04.04 14:10:51.284,1.08159,1.08172,1.50,1.88
2012.04.04 14:10:51.688,1.08157,1.08172,2.25,3.00
2012.04.04 14:10:51.903,1.08157,1.08168,1.50,1.88
2012.04.04 14:10:52.121,1.08155,1.08168,2.25,1.88
2012.04.04 14:10:52.470,1.08156,1.08171,2.44,4.13
2012.04.04 14:10:53.007,1.08157,1.08172,1.50,1.13
2012.04.04 14:10:54.308,1.08157,1.08172,2.25,1.13
2012.04.04 14:10:54.663,1.08159,1.08175,1.50,3.19
2012.04.04 14:10:55.099,1.08161,1.08176,2.25,2.07
2012.04.04 14:10:55.377,1.08161,1.08176,3.00,1.50
2012.04.04 14:10:55.905,1.0816,1.08176,2.63,3.38
2012.04.04 14:10:56.806,1.08163,1.08176,2.25,4.32
2012.04.04 14:10:57.278,1.0816,1.08176,1.50,3.57
2012.04.04 14:10:58.078,1.0816,1.08174,1.50,1.88
2012.04.04 14:10:59.098,1.08158,1.08174,4.13,2.25
2012.04.04 14:11:00.326,1.0816,1.08174,1.50,1.88
2012.04.04 14:11:00.684,1.08152,1.08168,4.88,1.50
2012.04.04 14:11:00.828,1.08153,1.08169,1.50,3.38
2012.04.04 14:11:01.227,1.08154,1.08172,2.63,4.50
2012.04.04 14:11:01.836,1.08159,1.08172,1.50,2.25
2012.04.04 14:11:01.921,1.08157,1.08172,3.00,4.13
2012.04.04 14:11:02.419,1.08158,1.08174,1.50,6.00
2012.04.04 14:11:03.784,1.08158,1.08172,2.25,1.88
2012.04.04 14:11:04.495,1.08157,1.08172,1.50,1.88
2012.04.04 14:11:05.826,1.08157,1.08173,1.50,2.63
2012.04.04 14:11:06.659,1.08157,1.08172,1.50,2.25
2012.04.04 14:11:08.048,1.08157,1.08173,2.63,1.50
2012.04.04 14:11:08.118,1.08159,1.08174,1.50,1.88
2012.04.04 14:11:10.489,1.08159,1.08175,2.25,2.82
2012.04.04 14:11:10.827,1.08157,1.08173,4.13,1.50
2012.04.04 14:11:12.514,1.08159,1.08175,1.50,4.13
2012.04.04 14:11:13.025,1.08158,1.08174,2.63,1.50
2012.04.04 14:11:13.548,1.08158,1.08173,1.88,1.50
2012.04.04 14:11:14.054,1.08158,1.08174,2.25,1.88
2012.04.04 14:11:14.637,1.08158,1.08176,2.25,5.07
2012.04.04 14:11:15.171,1.08158,1.08175,2.25,1.13
2012.04.04 14:11:15.685,1.08158,1.08174,2.25,1.88
2012.04.04 14:11:16.226,1.08158,1.08174,2.25,1.88
2012.04.04 14:11:17.935,1.08157,1.08174,3.38,3.94
2012.04.04 14:11:18.326,1.08157,1.08174,3.38,3.94
2012.04.04 14:11:19.408,1.08157,1.08174,3.38,4.13
2012.04.04 14:11:19.474,1.08157,1.08174,1.13,4.13
2012.04.04 14:11:20.417,1.08156,1.08173,1.88,3.38
2012.04.04 14:11:21.628,1.08157,1.08173,1.13,1.50
2012.04.04 14:11:21.707,1.08161,1.08173,2.25,1.50
2012.04.04 14:11:22.369,1.08172,1.08178,1.50,3.00
2012.04.04 14:11:22.449,1.08172,1.08184,1.50,2.02
2012.04.04 14:11:22.734,1.08172,1.08189,3.00,2.59
2012.04.04 14:11:22.876,1.08172,1.08187,3.00,1.50
2012.04.04 14:11:23.161,1.08175,1.08189,2.25,2.07
2012.04.04 14:11:23.764,1.0817,1.08184,1.13,1.88
2012.04.04 14:11:23.984,1.08168,1.08183,1.50,1.50
2012.04.04 14:11:24.059,1.08168,1.08183,1.13,2.25
2012.04.04 14:11:24.593,1.08167,1.0818,1.13,1.88
2012.04.04 14:11:25.213,1.08167,1.0818,1.13,2.63
2012.04.04 14:11:25.567,1.08165,1.08181,5.63,2.44
2012.04.04 14:11:26.115,1.08165,1.08181,4.88,2.63
2012.04.04 14:11:29.347,1.08165,1.08182,3.38,2.44
2012.04.04 14:11:30.237,1.08165,1.08182,3.38,2.44
2012.04.04 14:11:32.020,1.08166,1.08182,2.63,4.32
2012.04.04 14:11:33.335,1.08166,1.08183,1.88,3.00
2012.04.04 14:11:35.039,1.08169,1.08184,1.88,4.88
2012.04.04 14:11:35.801,1.08167,1.0818,1.50,4.13
2012.04.04 14:11:35.979,1.08168,1.08184,1.50,6.00
2012.04.04 14:11:36.198,1.08166,1.08181,1.50,1.88
2012.04.04 14:11:36.556,1.0817,1.08184,1.50,4.50
2012.04.04 14:11:37.254,1.0817,1.08184,1.50,3.75
2012.04.04 14:11:37.776,1.0817,1.08184,1.50,3.75
2012.04.04 14:11:38.619,1.08168,1.08184,2.44,3.75
2012.04.04 14:11:39.188,1.08169,1.08184,3.75,3.38
2012.04.04 14:11:39.330,1.08171,1.08185,1.50,1.50
2012.04.04 14:11:39.678,1.08173,1.08186,3.75,2.63
2012.04.04 14:11:39.956,1.08175,1.08188,1.50,1.35
2012.04.04 14:11:40.103,1.08177,1.08189,2.48,1.50
2012.04.04 14:11:40.180,1.08179,1.08193,4.13,2.25
2012.04.04 14:11:40.319,1.08179,1.08195,5.63,1.13
2012.04.04 14:11:41.386,1.08181,1.08195,1.50,1.13
2012.04.04 14:11:41.472,1.08182,1.08196,3.19,1.13
2012.04.04 14:11:41.839,1.08187,1.08201,1.88,3.00
2012.04.04 14:11:41.913,1.08187,1.08201,1.88,2.63
2012.04.04 14:11:42.473,1.08188,1.08202,1.50,1.13
2012.04.04 14:11:43.775,1.08188,1.08203,2.10,1.13
2012.04.04 14:11:44.059,1.08188,1.08204,1.50,2.63
2012.04.04 14:11:44.580,1.08187,1.08204,3.38,1.13
2012.04.04 14:11:45.115,1.08186,1.08201,1.50,2.63
2012.04.04 14:11:45.947,1.08187,1.08202,1.50,1.50
2012.04.04 14:11:47.284,1.08187,1.08202,1.50,1.50
2012.04.04 14:11:47.879,1.08186,1.08202,1.50,3.00
2012.04.04 14:11:48.366,1.08188,1.08202,1.50,1.50
2012.04.04 14:11:51.139,1.08188,1.08203,3.98,1.50
2012.04.04 14:11:51.228,1.08195,1.08202,1.88,1.50
2012.04.04 14:11:51.438,1.08195,1.08205,4.50,1.50
2012.04.04 14:11:51.715,1.08196,1.08208,1.50,1.50
2012.04.04 14:11:51.798,1.08196,1.08208,3.00,1.50
2012.04.04 14:11:52.460,1.08193,1.08208,3.00,1.50
2012.04.04 14:11:52.539,1.08193,1.08208,3.00,2.25
2012.04.04 14:11:52.829,1.08192,1.08208,1.50,1.13
2012.04.04 14:11:52.898,1.08196,1.08208,1.50,1.50
2012.04.04 14:11:53.115,1.08194,1.08208,1.50,1.50
2012.04.04 14:11:53.187,1.08194,1.08208,1.50,1.50
2012.04.04 14:11:53.671,1.08193,1.08208,1.50,1.50
2012.04.04 14:11:54.076,1.08193,1.08208,2.25,1.13
2012.04.04 14:11:54.443,1.08201,1.0821,2.25,1.50
2012.04.04 14:11:54.723,1.08198,1.08213,2.25,2.25
2012.04.04 14:11:55.009,1.08202,1.08214,1.50,1.13
2012.04.04 14:11:55.219,1.08199,1.08212,1.50,2.63
2012.04.04 14:11:55.768,1.082,1.08212,1.50,2.25
2012.04.04 14:11:56.292,1.08198,1.08214,2.63,2.63
2012.04.04 14:11:56.369,1.08202,1.08214,1.50,1.13
2012.04.04 14:11:56.497,1.08202,1.08213,1.50,2.63
2012.04.04 14:11:57.047,1.08203,1.08216,1.50,3.75
2012.04.04 14:11:57.856,1.08203,1.08216,1.50,3.38
2012.04.04 14:11:58.411,1.08201,1.08216,3.57,2.63
2012.04.04 14:11:59.406,1.08201,1.08217,2.44,3.75
2012.04.04 14:11:59.975,1.08204,1.08216,1.50,1.50
2012.04.04 14:12:00.621,1.082,1.08215,3.00,2.63
2012.04.04 14:12:00.708,1.082,1.08215,2.25,3.38
2012.04.04 14:12:00.780,1.082,1.08215,2.25,3.38
2012.04.04 14:12:00.987,1.08197,1.08213,2.82,1.50
2012.04.04 14:12:01.272,1.08196,1.08212,1.32,2.63
2012.04.04 14:12:01.677,1.08195,1.08207,3.00,1.50
2012.04.04 14:12:01.817,1.08195,1.0821,1.13,2.25
2012.04.04 14:12:02.347,1.08198,1.08211,1.50,1.50
2012.04.04 14:12:03.108,1.08198,1.0821,1.50,2.07
2012.04.04 14:12:03.317,1.08197,1.0821,1.13,2.44
2012.04.04 14:12:03.889,1.08198,1.08213,1.50,3.00
2012.04.04 14:12:04.028,1.08197,1.08213,3.38,3.00
2012.04.04 14:12:05.808,1.08199,1.08215,1.13,2.48
2012.04.04 14:12:06.536,1.08201,1.08216,2.63,1.88
2012.04.04 14:12:07.079,1.08201,1.08218,1.32,2.63
2012.04.04 14:12:07.431,1.08205,1.08219,1.50,1.13
2012.04.04 14:12:07.583,1.08205,1.0822,2.25,1.50
2012.04.04 14:12:08.246,1.08205,1.08221,2.63,2.25
2012.04.04 14:12:08.326,1.08203,1.08219,7.88,1.50
2012.04.04 14:12:08.397,1.08205,1.08221,1.88,2.25
2012.04.04 14:12:09.080,1.08206,1.08223,4.50,2.82
2012.04.04 14:12:09.635,1.08206,1.08221,5.25,1.50
2012.04.04 14:12:10.739,1.08206,1.08224,6.00,4.88
2012.04.04 14:12:12.218,1.0821,1.08224,1.88,2.44
2012.04.04 14:12:12.351,1.0821,1.08224,1.88,1.50
2012.04.04 14:12:12.573,1.08211,1.08227,1.88,2.44
2012.04.04 14:12:13.239,1.08228,1.08234,1.88,1.50
2012.04.04 14:12:13.390,1.08226,1.08238,5.63,1.50
2012.04.04 14:12:13.461,1.08228,1.08238,1.50,1.50
2012.04.04 14:12:13.691,1.08233,1.08248,2.63,1.50
2012.04.04 14:12:13.915,1.08236,1.08248,1.50,1.50
2012.04.04 14:12:14.367,1.08237,1.0825,1.50,1.13
2012.04.04 14:12:14.477,1.08237,1.0825,1.50,3.38
2012.04.04 14:12:15.006,1.08236,1.0825,3.38,3.38
2012.04.04 14:12:16.270,1.08235,1.08247,1.50,2.25
2012.04.04 14:12:16.560,1.08233,1.08249,1.13,4.50
2012.04.04 14:12:16.772,1.08234,1.08249,1.88,1.50
2012.04.04 14:12:17.287,1.08234,1.08248,1.50,1.50
2012.04.04 14:12:17.430,1.08232,1.08247,3.38,3.00
2012.04.04 14:12:17.997,1.08236,1.08251,1.88,2.63
2012.04.04 14:12:18.490,1.08236,1.08251,2.82,1.88
2012.04.04 14:12:18.854,1.08242,1.08252,1.88,3.38
2012.04.04 14:12:19.374,1.08246,1.08252,1.88,2.63
2012.04.04 14:12:19.463,1.08246,1.08261,2.82,1.13
2012.04.04 14:12:20.145,1.08245,1.08262,5.07,2.63
2012.04.04 14:12:20.632,1.08249,1.08263,1.88,1.13
2012.04.04 14:12:21.187,1.08252,1.08267,3.38,1.73
2012.04.04 14:12:21.336,1.08252,1.08268,3.75,2.25
2012.04.04 14:12:21.412,1.08254,1.08268,2.25,2.25
2012.04.04 14:12:21.769,1.08256,1.0827,1.50,2.63
2012.04.04 14:12:22.062,1.08256,1.08268,1.50,1.88
2012.04.04 14:12:22.206,1.08253,1.08268,2.63,1.88
2012.04.04 14:12:22.966,1.08253,1.08268,2.63,2.63
2012.04.04 14:12:23.554,1.08253,1.08268,1.88,2.63
2012.04.04 14:12:24.105,1.08252,1.08268,1.88,4.13
2012.04.04 14:12:24.840,1.08254,1.08268,1.50,2.63
2012.04.04 14:12:24.989,1.08252,1.08268,1.50,5.63
2012.04.04 14:12:26.347,1.08252,1.08268,1.88,7.88
2012.04.04 14:12:26.905,1.0825,1.08266,1.69,1.50
2012.04.04 14:12:27.048,1.0825,1.08265,1.50,1.13
2012.04.04 14:12:27.119,1.08248,1.08264,3.00,1.69
2012.04.04 14:12:27.663,1.08248,1.08263,1.88,2.82
2012.04.04 14:12:27.747,1.08247,1.08263,2.63,2.82
2012.04.04 14:12:27.819,1.08247,1.08264,3.75,2.63
2012.04.04 14:12:28.338,1.08253,1.08264,1.88,1.13
2012.04.04 14:12:28.432,1.08254,1.08268,1.50,2.10
2012.04.04 14:12:29.001,1.08255,1.0827,2.25,1.88
2012.04.04 14:12:29.077,1.08255,1.0827,2.25,1.88
2012.04.04 14:12:30.139,1.08257,1.08272,1.50,3.23
2012.04.04 14:12:30.479,1.08254,1.0827,1.50,4.58
2012.04.04 14:12:30.619,1.08254,1.08266,1.50,1.88
2012.04.04 14:12:30.988,1.08242,1.08255,1.13,2.07
2012.04.04 14:12:31.550,1.08237,1.0825,1.88,1.88
2012.04.04 14:12:31.630,1.08234,1.0825,1.88,2.07
2012.04.04 14:12:31.968,1.08235,1.08252,1.50,3.75
2012.04.04 14:12:32.530,1.08238,1.08252,2.25,1.13
2012.04.04 14:12:32.670,1.08238,1.08252,4.13,1.13
2012.04.04 14:12:33.188,1.08239,1.08256,2.25,3.00
2012.04.04 14:12:33.457,1.08239,1.08256,2.25,2.25
2012.04.04 14:12:34.017,1.0824,1.08256,2.63,1.13
2012.04.04 14:12:34.617,1.08239,1.08254,1.50,1.13
2012.04.04 14:12:36.468,1.08238,1.08255,2.63,2.63
2012.04.04 14:12:36.998,1.08237,1.08255,4.50,4.50
2012.04.04 14:12:37.143,1.08237,1.08251,1.88,1.88
2012.04.04 14:12:37.711,1.08232,1.08247,1.13,1.88
2012.04.04 14:12:38.059,1.08237,1.08251,1.50,4.88
2012.04.04 14:12:38.132,1.08237,1.08251,1.50,4.13
2012.04.04 14:12:39.016,1.08237,1.08252,1.50,1.73
2012.04.04 14:12:39.095,1.08235,1.08251,2.25,2.07
2012.04.04 14:12:39.447,1.08233,1.08248,2.25,2.25
2012.04.04 14:12:39.953,1.08232,1.08248,2.25,4.88
2012.04.04 14:12:43.144,1.08231,1.08246,1.88,1.13
2012.04.04 14:12:48.518,1.0823,1.08245,1.88,1.50
2012.04.04 14:12:49.737,1.08231,1.08245,1.88,1.50
2012.04.04 14:12:50.491,1.08231,1.08247,1.88,2.82
2012.04.04 14:12:53.108,1.08231,1.08247,1.88,3.00
2012.04.04 14:12:53.257,1.08229,1.08242,2.07,1.88
2012.04.04 14:12:53.474,1.08224,1.0824,3.38,4.35
2012.04.04 14:12:53.631,1.08224,1.08238,1.88,2.25
2012.04.04 14:12:54.393,1.08224,1.08237,1.88,2.25
2012.04.04 14:12:54.831,1.08222,1.08236,1.50,4.13
2012.04.04 14:12:55.186,1.08221,1.08231,1.88,2.25
2012.04.04 14:12:55.401,1.08221,1.08236,1.88,1.13
2012.04.04 14:12:55.907,1.08221,1.08236,1.88,1.13
2012.04.04 14:12:56.397,1.08223,1.08236,1.88,1.13
2012.04.04 14:12:56.933,1.08227,1.08236,1.88,1.13
2012.04.04 14:12:57.223,1.08227,1.08241,1.88,1.32
2012.04.04 14:12:57.498,1.08227,1.08244,5.44,1.88
2012.04.04 14:12:59.566,1.08229,1.08245,2.25,1.13
2012.04.04 14:12:59.781,1.08226,1.08245,1.32,3.00
2012.04.04 14:13:00.413,1.08225,1.08244,2.25,4.13
2012.04.04 14:13:00.948,1.08225,1.08244,2.25,4.13
2012.04.04 14:13:01.906,1.08225,1.08243,2.25,3.38
2012.04.04 14:13:02.655,1.08225,1.08243,2.25,3.38
2012.04.04 14:13:03.525,1.08225,1.08243,2.25,1.50
2012.04.04 14:13:05.356,1.08229,1.08244,1.13,2.07
2012.04.04 14:13:05.913,1.08229,1.08246,3.00,3.38
2012.04.04 14:13:06.607,1.0823,1.08247,4.13,1.73
2012.04.04 14:13:07.169,1.0823,1.08247,4.50,1.73
2012.04.04 14:13:08.729,1.0823,1.08246,3.00,1.88
2012.04.04 14:13:09.694,1.08233,1.08246,1.50,1.88
2012.04.04 14:13:11.613,1.08233,1.08248,1.50,2.48
2012.04.04 14:13:12.261,1.08234,1.0825,2.63,4.50
2012.04.04 14:13:12.362,1.08235,1.0825,1.50,1.88
2012.04.04 14:13:12.918,1.08235,1.08251,1.50,1.88
2012.04.04 14:13:12.992,1.08235,1.08249,1.13,1.50
2012.04.04 14:13:13.212,1.08235,1.08251,2.63,4.50
2012.04.04 14:13:13.579,1.08235,1.08249,1.88,1.88
2012.04.04 14:13:14.659,1.08233,1.08248,5.07,1.88
2012.04.04 14:13:15.188,1.08233,1.08248,1.88,1.88
2012.04.04 14:13:15.658,1.08234,1.08251,5.25,1.88
2012.04.04 14:13:16.025,1.08234,1.08251,5.25,1.88
2012.04.04 14:13:16.562,1.08236,1.08252,2.63,3.00
2012.04.04 14:13:16.976,1.0824,1.08252,2.25,1.13
2012.04.04 14:13:17.168,1.0824,1.08254,2.25,1.50
2012.04.04 14:13:17.387,1.0824,1.08255,2.63,2.44
2012.04.04 14:13:18.562,1.08248,1.08261,1.88,4.50
2012.04.04 14:13:18.920,1.08251,1.08264,2.63,5.85
2012.04.04 14:13:19.196,1.08251,1.08264,1.88,2.63
2012.04.04 14:13:19.832,1.08252,1.08264,1.88,3.00
2012.04.04 14:13:21.348,1.0825,1.08264,1.88,4.13
2012.04.04 14:13:22.077,1.0825,1.08264,3.00,4.13
2012.04.04 14:13:22.149,1.0825,1.08266,3.00,2.25
2012.04.04 14:13:22.220,1.08253,1.08267,1.88,2.67
2012.04.04 14:13:22.815,1.08258,1.08266,2.25,1.13
2012.04.04 14:13:23.227,1.08255,1.08266,3.75,1.13
2012.04.04 14:13:23.437,1.08256,1.08272,1.13,2.33
2012.04.04 14:13:24.145,1.08256,1.08273,2.25,3.27
2012.04.04 14:13:24.861,1.08256,1.08273,1.50,3.27
2012.04.04 14:13:24.946,1.08256,1.08273,1.50,3.75
2012.04.04 14:13:25.018,1.08256,1.0827,1.50,1.88
2012.04.04 14:13:25.368,1.08252,1.08267,3.00,1.50
2012.04.04 14:13:25.848,1.08252,1.08267,2.25,2.25
2012.04.04 14:13:27.015,1.08251,1.08267,1.88,2.25
2012.04.04 14:13:28.420,1.08251,1.08268,2.25,4.50
2012.04.04 14:13:29.069,1.08251,1.08267,3.00,1.13
2012.04.04 14:13:29.794,1.0825,1.08267,4.88,1.13
2012.04.04 14:13:30.976,1.0825,1.08268,4.88,6.75
2012.04.04 14:13:31.788,1.08253,1.08269,1.50,5.82
2012.04.04 14:13:31.997,1.08251,1.08267,3.38,1.13
2012.04.04 14:13:32.815,1.08253,1.08267,1.50,1.13
2012.04.04 14:13:33.264,1.08251,1.08267,1.50,1.13
2012.04.04 14:13:34.331,1.08252,1.08267,1.50,1.13
2012.04.04 14:13:34.834,1.08251,1.08267,1.88,3.00
2012.04.04 14:13:35.835,1.0825,1.08265,1.13,1.50
2012.04.04 14:13:38.094,1.0825,1.08268,2.82,2.63
2012.04.04 14:13:39.045,1.0825,1.08267,2.07,3.75
2012.04.04 14:13:39.546,1.08249,1.08265,3.75,1.50
2012.04.04 14:13:43.186,1.0825,1.08267,1.88,5.25
2012.04.04 14:13:43.868,1.0825,1.08265,1.13,1.50
2012.04.04 14:13:44.363,1.08249,1.08264,3.75,1.50
2012.04.04 14:13:44.669,1.08243,1.0826,5.25,2.25
2012.04.04 14:13:45.219,1.08247,1.08261,2.63,2.63
2012.04.04 14:13:45.296,1.08247,1.08261,2.63,2.63
2012.04.04 14:13:45.858,1.08247,1.08258,2.25,1.88
2012.04.04 14:13:46.666,1.08246,1.08258,2.63,1.88
2012.04.04 14:13:47.030,1.08241,1.08251,1.88,1.88
2012.04.04 14:13:47.176,1.08241,1.08254,1.50,2.63
2012.04.04 14:13:47.260,1.08238,1.08251,2.63,1.50
2012.04.04 14:13:48.002,1.08241,1.08255,4.50,1.13
2012.04.04 14:13:48.080,1.08241,1.08254,2.25,1.88
2012.04.04 14:13:48.579,1.0824,1.08254,1.88,2.07
2012.04.04 14:13:48.920,1.08239,1.08248,1.50,1.35
2012.04.04 14:13:49.450,1.08239,1.08248,1.50,3.75
2012.04.04 14:13:49.538,1.08226,1.08235,1.88,1.35
2012.04.04 14:13:49.758,1.08223,1.08235,1.13,3.04
2012.04.04 14:13:50.125,1.08218,1.08233,2.09,2.25
2012.04.04 14:13:50.752,1.08222,1.08235,1.50,2.85
2012.04.04 14:13:50.831,1.08219,1.08233,2.25,3.19
2012.04.04 14:13:51.365,1.08216,1.08234,4.50,3.19
2012.04.04 14:13:51.866,1.08216,1.08234,4.50,3.19
2012.04.04 14:13:52.320,1.08223,1.08235,1.88,2.48
2012.04.04 14:13:52.810,1.08221,1.08236,1.50,3.60
2012.04.04 14:13:53.352,1.08221,1.08237,1.50,3.00
2012.04.04 14:13:53.499,1.08221,1.08235,1.50,1.88
2012.04.04 14:13:53.716,1.08219,1.08234,1.50,2.63
2012.04.04 14:13:54.349,1.08221,1.08234,3.75,1.88
2012.04.04 14:13:54.453,1.08222,1.08236,1.88,1.13
2012.04.04 14:13:54.603,1.08224,1.08238,3.00,1.13
2012.04.04 14:13:54.917,1.08226,1.08242,3.57,3.75
2012.04.04 14:13:55.267,1.08228,1.08244,1.50,5.63
2012.04.04 14:13:55.897,1.08225,1.08242,3.57,3.75
2012.04.04 14:13:56.575,1.08225,1.08242,4.32,3.75
2012.04.04 14:13:57.110,1.08225,1.08242,3.38,3.94
2012.04.04 14:13:57.177,1.08225,1.08242,3.38,3.94
2012.04.04 14:13:57.578,1.08227,1.0824,1.50,1.13
2012.04.04 14:13:58.113,1.08231,1.08244,1.88,1.13
2012.04.04 14:13:58.906,1.08231,1.08247,1.88,2.48
2012.04.04 14:14:00.323,1.08231,1.08241,1.50,2.63
2012.04.04 14:14:00.787,1.08223,1.0824,3.75,5.25
2012.04.04 14:14:00.864,1.08223,1.0824,3.75,5.63
2012.04.04 14:14:00.941,1.08223,1.0824,1.88,6.38
2012.04.04 14:14:01.238,1.08222,1.08234,1.50,1.35
2012.04.04 14:14:01.311,1.0822,1.08234,2.63,1.35
2012.04.04 14:14:01.860,1.0822,1.08234,1.88,1.73
2012.04.04 14:14:03.397,1.08219,1.08229,2.25,2.63
2012.04.04 14:14:03.547,1.08217,1.08229,3.75,3.98
2012.04.04 14:14:03.720,1.08217,1.08224,1.50,3.00
2012.04.04 14:14:04.324,1.08208,1.08223,1.50,1.32
2012.04.04 14:14:04.405,1.08205,1.0822,3.75,1.50
2012.04.04 14:14:04.556,1.08207,1.08223,2.10,2.82
2012.04.04 14:14:04.785,1.08211,1.08225,2.63,2.25
2012.04.04 14:14:05.002,1.08211,1.08227,2.63,3.57
2012.04.04 14:14:05.088,1.08213,1.08227,1.88,3.57
2012.04.04 14:14:05.826,1.08213,1.08229,2.07,1.50
2012.04.04 14:14:05.919,1.08216,1.08229,1.88,1.50
2012.04.04 14:14:06.136,1.08216,1.08231,3.38,1.50
2012.04.04 14:14:06.423,1.08216,1.08233,4.13,3.38
2012.04.04 14:14:06.686,1.08216,1.08233,4.13,3.38
2012.04.04 14:14:06.978,1.08216,1.08228,2.25,1.88
2012.04.04 14:14:07.584,1.08213,1.08223,3.00,1.88
2012.04.04 14:14:07.761,1.08208,1.08221,1.13,2.63
2012.04.04 14:14:08.037,1.08208,1.08221,1.13,2.63
2012.04.04 14:14:08.596,1.08207,1.08219,1.13,2.25
2012.04.04 14:14:09.118,1.08207,1.08218,1.13,2.63
2012.04.04 14:14:09.663,1.08204,1.08218,1.13,4.13
2012.04.04 14:14:09.740,1.08201,1.08218,1.13,4.13
2012.04.04 14:14:09.815,1.08201,1.08218,1.13,7.13
2012.04.04 14:14:09.890,1.082,1.08215,1.13,4.13
2012.04.04 14:14:10.590,1.082,1.08215,1.88,2.63
2012.04.04 14:14:10.730,1.082,1.08212,1.50,1.88
2012.04.04 14:14:10.807,1.08198,1.08212,3.38,2.25
2012.04.04 14:14:11.334,1.08194,1.08206,2.07,1.88
2012.04.04 14:14:11.408,1.08194,1.08206,1.69,1.88
2012.04.04 14:14:12.217,1.08194,1.08205,1.50,1.88
2012.04.04 14:14:14.433,1.08194,1.08206,1.50,1.88
2012.04.04 14:14:17.468,1.08191,1.08206,3.38,1.88
2012.04.04 14:14:17.731,1.0819,1.08206,1.50,3.75
2012.04.04 14:14:18.087,1.08188,1.08201,3.00,1.50
2012.04.04 14:14:18.703,1.0818,1.08196,3.00,3.00
2012.04.04 14:14:18.787,1.08183,1.08196,1.88,3.00
2012.04.04 14:14:19.132,1.08187,1.08197,1.88,1.50
2012.04.04 14:14:19.280,1.08187,1.08199,1.88,1.17
2012.04.04 14:14:20.497,1.08189,1.082,1.88,1.32
2012.04.04 14:14:20.756,1.08189,1.08201,1.88,1.13
2012.04.04 14:14:20.960,1.08191,1.08203,1.50,1.88
2012.04.04 14:14:21.512,1.0819,1.08204,1.88,1.13
2012.04.04 14:14:22.298,1.08191,1.08205,2.25,1.13
2012.04.04 14:14:22.602,1.08196,1.08208,2.25,1.13
2012.04.04 14:14:22.691,1.08196,1.08212,4.50,3.00
2012.04.04 14:14:23.218,1.08197,1.08212,3.75,1.13
2012.04.04 14:14:23.320,1.08197,1.08213,1.50,4.88
2012.04.04 14:14:23.987,1.08195,1.08212,2.63,2.25
2012.04.04 14:14:24.487,1.08195,1.08212,1.88,2.25
2012.04.04 14:14:25.296,1.08194,1.08211,4.88,1.50
2012.04.04 14:14:25.519,1.08194,1.08212,2.63,5.25
2012.04.04 14:14:25.869,1.08196,1.08212,1.88,3.00
2012.04.04 14:14:26.386,1.08197,1.08213,1.50,5.63
2012.04.04 14:14:26.914,1.08197,1.08213,1.50,4.88
2012.04.04 14:14:27.613,1.08196,1.08211,1.88,1.69
2012.04.04 14:14:28.127,1.08194,1.08211,3.00,2.44
2012.04.04 14:14:29.128,1.08197,1.08211,1.88,2.44
2012.04.04 14:14:29.277,1.08197,1.08213,1.88,2.63
2012.04.04 14:14:29.365,1.08201,1.08213,1.88,1.13
2012.04.04 14:14:29.953,1.08205,1.08214,1.88,4.50
2012.04.04 14:14:30.276,1.08212,1.08222,6.00,1.13
2012.04.04 14:14:30.491,1.08213,1.08229,1.50,2.25
2012.04.04 14:14:30.628,1.08213,1.0823,2.25,3.00
2012.04.04 14:14:31.509,1.08215,1.0823,1.88,1.13
2012.04.04 14:14:31.600,1.08215,1.08231,1.88,2.25
2012.04.04 14:14:32.305,1.08214,1.08231,1.13,2.25
2012.04.04 14:14:32.819,1.08214,1.08231,1.32,2.25
2012.04.04 14:14:33.292,1.08217,1.08233,1.88,5.48
2012.04.04 14:14:33.450,1.08217,1.08233,2.63,4.13
2012.04.04 14:14:33.963,1.0822,1.08235,2.25,3.00
2012.04.04 14:14:34.306,1.08222,1.08235,1.50,3.00
2012.04.04 14:14:35.348,1.08222,1.08235,1.50,1.13
2012.04.04 14:14:35.886,1.0822,1.08235,1.69,1.13
2012.04.04 14:14:36.459,1.0822,1.08234,1.50,2.25
2012.04.04 14:14:36.533,1.0822,1.0823,1.50,1.88
2012.04.04 14:14:36.964,1.08218,1.0823,1.50,1.88
2012.04.04 14:14:37.251,1.08218,1.08228,1.50,1.88
2012.04.04 14:14:37.403,1.08214,1.08228,2.25,1.88
2012.04.04 14:14:37.966,1.08213,1.08228,1.50,1.88
2012.04.04 14:14:38.067,1.08216,1.08232,1.50,4.69
2012.04.04 14:14:38.614,1.08216,1.08232,2.25,2.63
2012.04.04 14:14:40.680,1.08216,1.08232,4.50,1.50
2012.04.04 14:14:41.425,1.08217,1.08232,1.88,1.50
2012.04.04 14:14:41.572,1.08218,1.08234,3.96,3.00
2012.04.04 14:14:41.927,1.08222,1.08235,1.88,1.13
2012.04.04 14:14:41.997,1.08222,1.08235,1.88,1.13
2012.04.04 14:14:42.611,1.08222,1.08235,1.88,1.13
2012.04.04 14:14:43.168,1.08222,1.08237,1.88,2.63
2012.04.04 14:14:44.048,1.08221,1.08237,2.25,2.63
2012.04.04 14:14:44.410,1.08223,1.08237,1.50,1.13
2012.04.04 14:14:44.989,1.08222,1.08237,1.88,2.63
2012.04.04 14:14:45.497,1.08221,1.08237,2.44,2.63
2012.04.04 14:14:46.146,1.08222,1.08237,1.50,1.13
2012.04.04 14:14:47.199,1.0822,1.08237,2.44,1.13
2012.04.04 14:14:50.125,1.08226,1.08237,1.88,1.13
2012.04.04 14:14:50.894,1.08231,1.08244,1.88,1.32
2012.04.04 14:14:51.422,1.08231,1.08248,2.63,4.73
2012.04.04 14:14:52.011,1.0823,1.08246,2.25,3.00
2012.04.04 14:14:52.715,1.08227,1.08243,1.50,4.50
2012.04.04 14:14:52.790,1.08224,1.08243,3.79,3.00
2012.04.04 14:14:53.529,1.08222,1.08241,5.44,3.38
2012.04.04 14:14:53.817,1.08222,1.08241,5.44,3.38
2012.04.04 14:14:54.564,1.08226,1.08242,3.19,3.00
2012.04.04 14:14:55.108,1.08226,1.08242,4.69,2.25
2012.04.04 14:14:55.650,1.08224,1.0824,3.19,2.25
2012.04.04 14:14:55.868,1.08229,1.08243,1.88,1.50
2012.04.04 14:14:56.459,1.08229,1.08246,1.88,2.10
2012.04.04 14:14:56.566,1.08229,1.08246,4.13,1.35
2012.04.04 14:14:56.862,1.08229,1.08244,4.50,1.13
2012.04.04 14:14:57.093,1.08225,1.08243,2.25,3.00
2012.04.04 14:14:57.366,1.08225,1.08242,1.13,2.63
2012.04.04 14:14:58.021,1.08227,1.08243,1.50,4.13
2012.04.04 14:14:58.463,1.08224,1.08242,2.63,1.32
2012.04.04 14:14:59.228,1.08224,1.0824,1.13,2.25
2012.04.04 14:14:59.803,1.08222,1.0824,2.25,2.07
2012.04.04 14:15:00.081,1.08222,1.0824,2.25,2.44
2012.04.04 14:15:00.613,1.0822,1.08236,4.88,1.88
2012.04.04 14:15:01.181,1.0822,1.08236,2.63,2.63
2012.04.04 14:15:01.786,1.08217,1.0823,2.63,1.88
2012.04.04 14:15:02.038,1.08214,1.0823,2.44,2.25
2012.04.04 14:15:02.727,1.08213,1.0823,1.69,2.63
2012.04.04 14:15:03.416,1.08213,1.08224,2.25,1.88
2012.04.04 14:15:03.715,1.08211,1.08224,2.63,2.25
2012.04.04 14:15:05.138,1.08214,1.08227,1.88,3.38
2012.04.04 14:15:05.359,1.08214,1.0823,1.88,1.69
2012.04.04 14:15:05.580,1.08216,1.08228,1.50,2.25
2012.04.04 14:15:06.097,1.08213,1.08227,1.50,2.63
2012.04.04 14:15:06.257,1.08209,1.08225,3.00,1.88
2012.04.04 14:15:08.897,1.0821,1.08221,1.50,1.88
2012.04.04 14:15:09.210,1.08205,1.08216,1.13,2.25
2012.04.04 14:15:09.291,1.08204,1.08213,1.50,1.88
2012.04.04 14:15:09.369,1.082,1.08213,1.50,1.88
2012.04.04 14:15:09.845,1.08198,1.08213,1.50,3.00
2012.04.04 14:15:10.353,1.08198,1.08213,2.25,2.25
2012.04.04 14:15:10.899,1.082,1.08214,1.50,3.19
2012.04.04 14:15:11.114,1.08198,1.08214,2.25,3.19
2012.04.04 14:15:11.840,1.08198,1.08214,2.25,3.00
2012.04.04 14:15:12.909,1.08198,1.08214,3.75,1.88
2012.04.04 14:15:12.978,1.08201,1.08214,1.50,1.88
2012.04.04 14:15:13.535,1.08201,1.08214,1.50,2.25
2012.04.04 14:15:15.542,1.08206,1.08216,2.10,3.38
2012.04.04 14:15:15.622,1.08209,1.08215,1.35,1.50
2012.04.04 14:15:15.773,1.08212,1.08216,2.25,2.63
2012.04.04 14:15:15.990,1.08209,1.08216,2.25,1.88
2012.04.04 14:15:16.720,1.08207,1.08211,1.50,1.88
2012.04.04 14:15:16.877,1.08201,1.08205,1.50,1.88
2012.04.04 14:15:16.991,1.08197,1.08205,1.50,1.88
2012.04.04 14:15:17.089,1.08197,1.08208,1.50,1.88
2012.04.04 14:15:17.650,1.08196,1.08208,1.35,1.88
2012.04.04 14:15:19.050,1.08196,1.08208,1.35,2.63
2012.04.04 14:15:19.123,1.08193,1.08203,3.00,2.25
2012.04.04 14:15:19.657,1.08192,1.08201,2.63,1.88
2012.04.04 14:15:19.795,1.0819,1.08201,1.13,1.88
2012.04.04 14:15:19.885,1.08193,1.08204,1.50,1.88
2012.04.04 14:15:21.584,1.08188,1.08203,4.88,1.88
2012.04.04 14:15:22.273,1.0819,1.082,1.50,1.88
2012.04.04 14:15:22.678,1.08187,1.082,2.25,1.88
2012.04.04 14:15:23.183,1.08187,1.08194,2.25,1.88
2012.04.04 14:15:23.333,1.08188,1.08199,1.50,1.88
2012.04.04 14:15:23.919,1.08188,1.08202,1.50,1.13
2012.04.04 14:15:24.004,1.08188,1.08202,1.50,1.13
2012.04.04 14:15:24.078,1.08187,1.08203,2.25,2.25
2012.04.04 14:15:24.416,1.08192,1.08205,1.50,2.82
2012.04.04 14:15:25.281,1.08194,1.08205,1.50,2.63
2012.04.04 14:15:25.827,1.08193,1.08207,1.50,6.00
2012.04.04 14:15:27.901,1.08193,1.08201,1.50,1.88
2012.04.04 14:15:28.589,1.08195,1.08206,1.50,2.25
2012.04.04 14:15:28.798,1.08195,1.08208,1.50,4.54
2012.04.04 14:15:29.152,1.08198,1.08206,1.50,1.88
2012.04.04 14:15:29.517,1.08196,1.08202,1.50,1.88
2012.04.04 14:15:29.662,1.08188,1.08202,2.25,1.88
2012.04.04 14:15:30.201,1.08195,1.08207,1.50,6.00
2012.04.04 14:15:30.758,1.08195,1.08207,1.50,5.25
2012.04.04 14:15:32.069,1.08193,1.08206,1.50,2.63
2012.04.04 14:15:32.220,1.08192,1.08201,1.50,1.88
2012.04.04 14:15:32.294,1.0819,1.08201,2.25,1.88
2012.04.04 14:15:32.438,1.08187,1.08201,1.50,1.88
2012.04.04 14:15:33.202,1.08185,1.08202,3.00,4.13
2012.04.04 14:15:33.692,1.08187,1.08202,3.19,3.38
2012.04.04 14:15:33.987,1.08192,1.08204,1.50,2.63
2012.04.04 14:15:34.537,1.08193,1.08206,1.50,3.38
2012.04.04 14:15:34.999,1.08193,1.08198,1.50,1.88
2012.04.04 14:15:35.580,1.08185,1.08198,1.50,1.88
2012.04.04 14:15:36.079,1.0819,1.08203,1.50,2.25
2012.04.04 14:15:36.847,1.08192,1.08204,1.50,5.25
2012.04.04 14:15:37.078,1.08196,1.08207,1.50,1.88
2012.04.04 14:15:37.646,1.08194,1.08206,3.00,2.25
2012.04.04 14:15:38.648,1.08191,1.08206,1.50,1.13
2012.04.04 14:15:39.147,1.08191,1.08207,1.50,3.38
2012.04.04 14:15:39.224,1.08191,1.08207,1.50,3.38
2012.04.04 14:15:39.582,1.08192,1.08209,4.88,1.88
2012.04.04 14:15:40.073,1.08196,1.0821,1.50,2.63
2012.04.04 14:15:40.359,1.08197,1.08213,1.50,2.63
2012.04.04 14:15:40.427,1.08197,1.08213,2.25,2.63
2012.04.04 14:15:40.994,1.08201,1.08214,2.25,1.13
2012.04.04 14:15:41.071,1.08201,1.08214,2.25,1.13
2012.04.04 14:15:41.692,1.08201,1.08217,2.25,5.25
2012.04.04 14:15:42.124,1.08203,1.08217,2.25,4.50
2012.04.04 14:15:42.482,1.08199,1.08211,2.25,3.75
2012.04.04 14:15:42.704,1.08201,1.08211,1.50,3.75
2012.04.04 14:15:43.100,1.08197,1.08211,2.25,4.13
2012.04.04 14:15:43.674,1.08199,1.08212,2.25,2.63
2012.04.04 14:15:44.189,1.08196,1.08212,2.25,7.32
2012.04.04 14:15:44.272,1.08196,1.0821,2.25,2.63
2012.04.04 14:15:44.968,1.08193,1.08204,1.50,1.50
2012.04.04 14:15:45.053,1.08187,1.08204,4.13,2.85
2012.04.04 14:15:45.326,1.08187,1.08203,4.13,2.82
2012.04.04 14:15:45.728,1.0819,1.08203,2.63,2.63
2012.04.04 14:15:46.250,1.08191,1.08204,2.25,3.98
2012.04.04 14:15:46.918,1.0819,1.08203,1.88,2.82
2012.04.04 14:15:47.429,1.08189,1.08201,1.88,2.63
2012.04.04 14:15:47.499,1.08189,1.08202,1.88,2.63
2012.04.04 14:15:48.119,1.08189,1.08202,1.88,2.63
2012.04.04 14:15:49.559,1.08187,1.08202,1.88,3.98
2012.04.04 14:15:50.288,1.08187,1.08202,2.63,3.23
2012.04.04 14:15:50.841,1.08187,1.08202,2.63,3.23
2012.04.04 14:15:51.557,1.08185,1.08198,3.75,4.34
2012.04.04 14:15:52.402,1.08183,1.08195,1.50,5.07
2012.04.04 14:15:52.485,1.0818,1.08195,2.25,1.32
2012.04.04 14:15:52.644,1.08182,1.08197,1.88,1.73
2012.04.04 14:15:53.207,1.08182,1.08195,1.50,2.63
2012.04.04 14:15:57.835,1.08182,1.08192,1.50,1.88
2012.04.04 14:15:58.161,1.08165,1.08178,2.25,1.13
2012.04.04 14:15:58.235,1.08165,1.0818,2.25,1.13
2012.04.04 14:15:58.385,1.08165,1.08181,2.25,1.50
2012.04.04 14:15:59.127,1.08166,1.08181,4.13,1.50
2012.04.04 14:15:59.495,1.08166,1.08176,4.13,2.63
2012.04.04 14:15:59.986,1.08166,1.08179,1.50,4.50
2012.04.04 14:16:00.267,1.08166,1.08179,4.13,2.63
2012.04.04 14:16:00.751,1.08166,1.08179,4.13,2.63
2012.04.04 14:16:01.315,1.08167,1.08179,2.63,2.63
2012.04.04 14:16:02.852,1.08166,1.08178,1.50,2.63
2012.04.04 14:16:02.955,1.08164,1.08178,2.25,2.63
2012.04.04 14:16:03.503,1.08163,1.08178,1.88,2.63
2012.04.04 14:16:03.581,1.08165,1.08178,2.25,2.63
2012.04.04 14:16:04.108,1.08165,1.08178,2.25,2.63
2012.04.04 14:16:05.981,1.08163,1.08178,1.50,3.00
2012.04.04 14:16:06.202,1.08162,1.08175,1.50,1.73
2012.04.04 14:16:06.931,1.08162,1.08173,1.50,3.38
2012.04.04 14:16:07.004,1.0816,1.08172,3.00,2.63
2012.04.04 14:16:07.220,1.08154,1.08166,2.25,2.25
2012.04.04 14:16:07.561,1.08153,1.08167,1.88,3.98
2012.04.04 14:16:07.839,1.08156,1.08169,1.88,3.23
2012.04.04 14:16:08.640,1.08155,1.08168,1.50,1.73
2012.04.04 14:16:09.146,1.08153,1.08168,4.13,3.98
2012.04.04 14:16:09.676,1.08153,1.08167,1.88,3.42
2012.04.04 14:16:09.981,1.08153,1.08167,1.88,3.42
2012.04.04 14:16:11.074,1.08151,1.08167,2.33,3.42
2012.04.04 14:16:11.167,1.0815,1.08165,1.50,1.50
2012.04.04 14:16:11.455,1.08147,1.0816,2.63,1.50
2012.04.04 14:16:11.818,1.08144,1.08159,2.63,4.13
2012.04.04 14:16:11.891,1.08144,1.08159,2.63,4.13
2012.04.04 14:16:12.562,1.08148,1.08159,1.88,1.50
2012.04.04 14:16:12.637,1.08148,1.08161,1.88,2.63
2012.04.04 14:16:12.850,1.0815,1.08162,1.50,1.13
2012.04.04 14:16:12.993,1.08148,1.08162,1.88,1.13
2012.04.04 14:16:13.209,1.08148,1.08164,1.88,3.98
2012.04.04 14:16:14.286,1.08148,1.08163,1.88,3.23
2012.04.04 14:16:14.628,1.08148,1.08163,1.88,3.42
2012.04.04 14:16:14.974,1.08151,1.08163,1.88,1.17
2012.04.04 14:16:15.050,1.08151,1.08163,1.88,1.17
2012.04.04 14:16:15.389,1.08151,1.08164,1.88,1.13
2012.04.04 14:16:15.964,1.08151,1.08166,3.38,2.63
2012.04.04 14:16:16.064,1.08156,1.08167,1.50,1.73
2012.04.04 14:16:16.342,1.08154,1.08168,1.50,3.98
2012.04.04 14:16:16.489,1.08154,1.08167,1.50,1.73
2012.04.04 14:16:17.042,1.08151,1.08168,4.88,2.82
2012.04.04 14:16:17.121,1.08152,1.08169,3.00,2.82
2012.04.04 14:16:17.677,1.08154,1.0817,3.38,4.13
2012.04.04 14:16:18.301,1.08153,1.08169,1.50,1.88
2012.04.04 14:16:18.562,1.08153,1.08167,1.50,1.13
2012.04.04 14:16:18.709,1.08153,1.08167,1.50,1.73
2012.04.04 14:16:18.782,1.08151,1.08167,2.63,2.48
2012.04.04 14:16:19.334,1.08147,1.08162,2.82,1.13
2012.04.04 14:16:19.631,1.08147,1.0816,1.88,2.63
2012.04.04 14:16:20.178,1.08146,1.0816,1.88,2.63
2012.04.04 14:16:21.101,1.08152,1.0816,1.88,2.63
2012.04.04 14:16:21.201,1.08152,1.08167,2.63,3.38
2012.04.04 14:16:21.692,1.08153,1.08169,2.25,2.63
2012.04.04 14:16:22.258,1.08151,1.08167,1.50,2.63
2012.04.04 14:16:22.694,1.08153,1.08166,1.50,2.25
2012.04.04 14:16:22.918,1.08147,1.08163,2.82,1.50
2012.04.04 14:16:23.436,1.08147,1.08163,2.63,1.69
2012.04.04 14:16:24.226,1.08147,1.08162,1.50,1.50
2012.04.04 14:16:24.857,1.08147,1.08162,2.25,1.50
2012.04.04 14:16:25.336,1.08147,1.08163,4.88,2.63
2012.04.04 14:16:25.850,1.08147,1.08163,4.88,1.88
2012.04.04 14:16:26.385,1.08147,1.08163,4.88,2.63
2012.04.04 14:16:26.482,1.08147,1.08163,4.13,3.38
2012.04.04 14:16:27.647,1.0815,1.08163,1.88,3.00
2012.04.04 14:16:28.201,1.0815,1.08166,4.50,1.13
2012.04.04 14:16:28.707,1.0815,1.08165,3.00,2.25
2012.04.04 14:16:29.361,1.0815,1.08166,1.88,1.13
2012.04.04 14:16:30.220,1.08153,1.08167,1.88,2.25
2012.04.04 14:16:30.733,1.08153,1.08167,1.88,1.13
2012.04.04 14:16:31.277,1.08152,1.08167,1.50,1.13
2012.04.04 14:16:32.166,1.08152,1.08169,2.63,2.63
