2013.05.03 10:00:00.782,1.28788,1.28799,3.23,1.35
2013.05.03 10:00:01.322,1.28788,1.28798,1.35,1.35
2013.05.03 10:00:01.851,1.28787,1.28796,2.25,1.32
2013.05.03 10:00:02.478,1.28786,1.28796,1.13,1.32
2013.05.03 10:00:03.031,1.28786,1.28796,1.13,1.32
2013.05.03 10:00:04.444,1.28789,1.28802,2.18,3.57
2013.05.03 10:00:04.900,1.2879,1.28801,1.35,1.13
2013.05.03 10:00:05.782,1.28789,1.28803,1.35,2.67
2013.05.03 10:00:06.692,1.28789,1.288,1.88,1.35
2013.05.03 10:00:06.754,1.2879,1.288,1.13,1.35
2013.05.03 10:00:09.698,1.28791,1.28803,2.25,1.35
2013.05.03 10:00:11.380,1.28793,1.28805,1.50,1.35
2013.05.03 10:00:14.542,1.2879,1.28803,3.23,1.32
2013.05.03 10:00:17.562,1.2879,1.28804,3.23,2.29
2013.05.03 10:00:18.072,1.28794,1.28805,1.50,1.80
2013.05.03 10:00:18.373,1.28804,1.28812,1.13,3.00
2013.05.03 10:00:18.442,1.28806,1.28822,1.13,1.13
2013.05.03 10:00:18.742,1.28811,1.28822,1.88,1.13
2013.05.03 10:00:18.866,1.28809,1.28819,2.40,2.48
2013.05.03 10:00:18.933,1.2881,1.28819,1.50,2.48
2013.05.03 10:00:19.052,1.28812,1.2882,1.50,1.50
2013.05.03 10:00:19.172,1.28813,1.28822,2.48,1.50
2013.05.03 10:00:19.294,1.28815,1.28824,1.35,1.50
2013.05.03 10:00:19.354,1.28815,1.28823,2.10,1.88
2013.05.03 10:00:19.482,1.28818,1.28828,1.50,2.63
2013.05.03 10:00:19.664,1.28818,1.28828,1.50,2.63
2013.05.03 10:00:20.211,1.28819,1.28829,1.50,2.48
2013.05.03 10:00:21.202,1.2882,1.28829,2.10,2.48
2013.05.03 10:00:21.383,1.28821,1.28829,1.50,1.20
2013.05.03 10:00:21.936,1.28821,1.28831,1.50,2.18
2013.05.03 10:00:22.121,1.2882,1.28829,1.88,2.63
2013.05.03 10:00:22.663,1.28819,1.28828,1.13,1.20
2013.05.03 10:00:22.724,1.28818,1.28828,1.13,1.35
2013.05.03 10:00:22.793,1.28817,1.28825,2.10,1.35
2013.05.03 10:00:23.152,1.28812,1.28822,2.25,1.58
2013.05.03 10:00:23.692,1.2881,1.2882,3.19,1.43
2013.05.03 10:00:23.811,1.2881,1.28822,3.19,1.43
2013.05.03 10:00:23.871,1.2881,1.28822,3.19,1.43
2013.05.03 10:00:24.272,1.28807,1.28819,2.25,1.35
2013.05.03 10:00:24.895,1.28809,1.28818,1.50,1.58
2013.05.03 10:00:24.980,1.28809,1.28821,2.10,1.20
2013.05.03 10:00:25.102,1.28811,1.2882,1.50,1.20
2013.05.03 10:00:25.404,1.2881,1.28817,1.50,2.48
2013.05.03 10:00:25.472,1.28807,1.28817,1.88,2.48
2013.05.03 10:00:25.712,1.28806,1.28815,1.13,2.48
2013.05.03 10:00:25.771,1.28803,1.28815,1.13,2.48
2013.05.03 10:00:26.135,1.28803,1.28813,1.13,3.23
2013.05.03 10:00:26.261,1.28802,1.28814,1.13,1.35
2013.05.03 10:00:26.621,1.28803,1.28813,1.88,1.88
2013.05.03 10:00:27.169,1.28802,1.28813,1.50,1.88
2013.05.03 10:00:27.673,1.28801,1.28812,1.50,1.20
2013.05.03 10:00:27.791,1.28799,1.28811,2.10,1.50
2013.05.03 10:00:27.973,1.28797,1.28809,1.35,1.58
2013.05.03 10:00:28.093,1.28797,1.28808,1.50,1.35
2013.05.03 10:00:28.213,1.28796,1.28807,1.50,1.50
2013.05.03 10:00:28.517,1.2879,1.28803,1.73,1.58
2013.05.03 10:00:28.587,1.28791,1.28801,1.50,1.43
2013.05.03 10:00:28.722,1.28788,1.28799,1.65,1.43
2013.05.03 10:00:29.022,1.28784,1.28797,2.78,1.88
2013.05.03 10:00:29.902,1.28786,1.28797,2.10,1.88
2013.05.03 10:00:30.981,1.28787,1.28797,1.88,1.88
2013.05.03 10:00:31.522,1.28788,1.28797,1.47,1.88
2013.05.03 10:00:31.822,1.28789,1.288,1.65,3.98
2013.05.03 10:00:34.161,1.28789,1.28801,2.40,2.10
2013.05.03 10:00:34.342,1.28788,1.28799,1.88,1.28
2013.05.03 10:00:34.860,1.28785,1.28793,1.65,1.35
2013.05.03 10:00:34.950,1.28777,1.28789,1.35,1.35
2013.05.03 10:00:35.023,1.28776,1.28789,1.58,1.95
2013.05.03 10:00:35.382,1.28773,1.28784,2.48,3.60
2013.05.03 10:00:35.443,1.28773,1.28784,1.35,3.38
2013.05.03 10:00:35.682,1.2877,1.28782,3.00,1.35
2013.05.03 10:00:35.742,1.28773,1.28782,1.50,1.35
2013.05.03 10:00:36.162,1.28775,1.28784,2.85,1.13
2013.05.03 10:00:36.523,1.28777,1.28788,1.35,1.13
2013.05.03 10:00:37.167,1.28777,1.28789,1.35,1.73
2013.05.03 10:00:38.651,1.28777,1.28789,1.50,1.35
2013.05.03 10:00:40.362,1.28775,1.28789,4.50,1.35
2013.05.03 10:00:40.483,1.28774,1.28788,2.48,2.10
2013.05.03 10:00:40.661,1.28775,1.28788,1.13,2.10
2013.05.03 10:00:41.861,1.28776,1.28789,2.10,1.50
2013.05.03 10:00:42.302,1.28777,1.2879,1.88,1.35
2013.05.03 10:00:42.422,1.28778,1.28791,2.33,2.48
2013.05.03 10:00:42.851,1.28776,1.28789,2.10,1.65
2013.05.03 10:00:43.432,1.28776,1.28789,2.10,2.10
2013.05.03 10:00:43.611,1.28778,1.28789,1.35,1.35
2013.05.03 10:00:44.412,1.28778,1.2879,1.65,1.35
2013.05.03 10:00:45.025,1.28777,1.28788,1.50,1.35
2013.05.03 10:00:45.573,1.28777,1.2879,2.10,2.85
2013.05.03 10:00:46.312,1.28777,1.28788,1.50,1.35
2013.05.03 10:00:46.862,1.28777,1.2879,1.58,3.83
2013.05.03 10:00:47.222,1.28774,1.28786,1.50,1.58
2013.05.03 10:00:47.711,1.28774,1.28784,1.50,3.00
2013.05.03 10:00:48.012,1.28771,1.2878,2.10,1.35
2013.05.03 10:00:49.102,1.28774,1.28785,3.23,1.73
2013.05.03 10:00:49.162,1.28776,1.28785,1.35,1.73
2013.05.03 10:00:49.223,1.28777,1.28785,1.88,1.35
2013.05.03 10:00:49.773,1.28778,1.28787,3.23,1.50
2013.05.03 10:00:49.892,1.28778,1.28787,1.50,1.50
2013.05.03 10:00:50.315,1.28779,1.28791,1.35,1.73
2013.05.03 10:00:50.382,1.28779,1.28792,1.35,1.95
2013.05.03 10:00:51.985,1.28778,1.28791,2.48,2.03
2013.05.03 10:00:52.542,1.28779,1.28791,2.48,1.13
2013.05.03 10:00:55.093,1.28779,1.28792,2.48,1.50
2013.05.03 10:00:57.124,1.28779,1.28791,2.48,1.13
2013.05.03 10:00:58.032,1.28779,1.28791,1.35,2.10
2013.05.03 10:01:00.611,1.28779,1.28789,1.35,1.13
2013.05.03 10:01:00.746,1.28777,1.28788,1.50,1.95
2013.05.03 10:01:00.931,1.28777,1.28788,3.38,1.13
2013.05.03 10:01:02.062,1.28776,1.28788,1.58,2.33
2013.05.03 10:01:02.568,1.28775,1.28788,1.50,2.33
2013.05.03 10:01:04.081,1.28776,1.28788,1.35,2.10
2013.05.03 10:01:08.602,1.28776,1.28788,1.35,1.88
2013.05.03 10:01:10.662,1.28776,1.28787,1.35,1.50
2013.05.03 10:01:10.722,1.28775,1.28786,1.50,3.23
2013.05.03 10:01:10.843,1.28774,1.28786,1.50,1.20
2013.05.03 10:01:10.903,1.28774,1.28784,1.50,1.88
2013.05.03 10:01:14.622,1.28774,1.28784,1.50,1.35
2013.05.03 10:01:14.801,1.28774,1.28783,1.50,2.48
2013.05.03 10:01:16.963,1.28776,1.28786,1.50,3.98
2013.05.03 10:01:17.162,1.28776,1.28784,1.50,1.88
2013.05.03 10:01:21.476,1.2877,1.28781,2.63,1.50
2013.05.03 10:01:21.664,1.28769,1.28778,1.50,2.85
2013.05.03 10:01:21.794,1.28768,1.28775,1.50,2.48
2013.05.03 10:01:22.041,1.28767,1.28779,1.50,2.18
2013.05.03 10:01:22.221,1.28767,1.28778,1.50,1.88
2013.05.03 10:01:22.522,1.28765,1.28776,1.65,1.88
2013.05.03 10:01:23.891,1.28767,1.28776,1.50,1.88
2013.05.03 10:01:24.011,1.28767,1.28777,1.50,1.58
2013.05.03 10:01:24.137,1.28769,1.28778,1.50,1.88
2013.05.03 10:01:25.795,1.28769,1.28778,1.50,1.88
2013.05.03 10:01:26.311,1.28769,1.28777,1.50,2.48
2013.05.03 10:01:26.371,1.28769,1.28777,1.50,1.20
2013.05.03 10:01:27.402,1.28764,1.28775,1.50,1.13
2013.05.03 10:01:27.463,1.28763,1.28773,1.50,1.65
2013.05.03 10:01:27.522,1.28763,1.28773,1.50,2.10
2013.05.03 10:01:27.701,1.28759,1.28769,1.50,1.35
2013.05.03 10:01:27.883,1.28756,1.28769,1.13,1.73
2013.05.03 10:01:27.942,1.28754,1.28766,2.10,1.35
2013.05.03 10:01:28.061,1.28754,1.28765,1.35,1.50
2013.05.03 10:01:28.181,1.28752,1.28762,1.88,1.35
2013.05.03 10:01:28.785,1.28753,1.28764,1.65,1.13
2013.05.03 10:01:29.932,1.28753,1.28764,1.65,1.73
2013.05.03 10:01:30.483,1.28754,1.28764,1.65,1.35
2013.05.03 10:01:32.011,1.28754,1.28766,1.65,1.35
2013.05.03 10:01:32.585,1.28756,1.28766,1.65,1.35
2013.05.03 10:01:35.606,1.28759,1.2877,1.88,1.35
2013.05.03 10:01:35.912,1.28763,1.28772,1.35,2.10
2013.05.03 10:01:35.971,1.28764,1.28774,1.58,1.13
2013.05.03 10:01:36.392,1.28767,1.28778,1.50,1.50
2013.05.03 10:01:38.063,1.28768,1.2878,2.25,2.10
2013.05.03 10:01:38.482,1.28776,1.28787,1.50,2.29
2013.05.03 10:01:39.023,1.28778,1.28788,2.10,1.13
2013.05.03 10:01:39.565,1.2878,1.28788,1.50,1.35
2013.05.03 10:01:39.691,1.28778,1.28788,1.65,1.35
2013.05.03 10:01:39.811,1.28778,1.28788,1.65,1.35
2013.05.03 10:01:39.872,1.28777,1.28788,1.65,1.35
2013.05.03 10:01:40.412,1.28777,1.2879,1.35,1.13
2013.05.03 10:01:40.651,1.28777,1.28789,3.23,1.13
2013.05.03 10:01:41.412,1.28778,1.2879,1.58,1.13
2013.05.03 10:01:42.001,1.28777,1.2879,2.10,1.95
2013.05.03 10:01:42.450,1.28778,1.2879,1.20,1.95
2013.05.03 10:01:42.751,1.28786,1.28796,1.35,1.32
2013.05.03 10:01:43.231,1.28785,1.28796,1.35,1.32
2013.05.03 10:01:43.352,1.28787,1.288,1.35,1.35
2013.05.03 10:01:43.412,1.28787,1.288,2.10,1.35
2013.05.03 10:01:44.356,1.28788,1.28802,1.35,2.10
2013.05.03 10:01:44.681,1.28788,1.28802,1.35,2.85
2013.05.03 10:01:45.252,1.28788,1.28802,1.35,2.10
2013.05.03 10:01:45.941,1.28788,1.28802,1.35,2.10
2013.05.03 10:01:46.061,1.28789,1.28802,1.35,2.10
2013.05.03 10:01:49.101,1.28789,1.28801,2.10,2.10
2013.05.03 10:01:49.162,1.28788,1.28799,1.58,1.13
2013.05.03 10:01:49.581,1.28785,1.28796,1.50,1.20
2013.05.03 10:01:50.131,1.28785,1.28796,1.50,1.20
2013.05.03 10:01:50.432,1.2879,1.28801,2.10,1.13
2013.05.03 10:01:50.672,1.2879,1.28801,2.10,1.13
2013.05.03 10:01:53.012,1.28787,1.28798,1.58,1.13
2013.05.03 10:01:53.072,1.28787,1.28798,1.58,1.50
2013.05.03 10:01:53.191,1.28782,1.28793,2.25,1.73
2013.05.03 10:01:53.315,1.28782,1.28792,1.50,2.78
2013.05.03 10:01:53.502,1.28782,1.28793,1.50,1.73
2013.05.03 10:01:53.562,1.28782,1.28792,1.50,1.13
2013.05.03 10:01:53.622,1.28782,1.28794,1.50,1.13
2013.05.03 10:01:54.190,1.28782,1.28793,1.35,1.50
2013.05.03 10:01:55.142,1.28782,1.28791,1.35,1.13
2013.05.03 10:01:55.441,1.28779,1.2879,2.10,1.35
2013.05.03 10:01:56.112,1.28779,1.2879,1.50,1.35
2013.05.03 10:01:57.431,1.28779,1.2879,1.50,1.35
2013.05.03 10:01:57.571,1.28779,1.2879,1.50,1.35
2013.05.03 10:01:58.092,1.28778,1.2879,2.25,1.35
2013.05.03 10:02:00.500,1.28778,1.2879,1.50,1.35
2013.05.03 10:02:04.903,1.28778,1.28792,2.10,1.35
2013.05.03 10:02:05.261,1.28777,1.28788,1.50,1.35
2013.05.03 10:02:05.381,1.28777,1.28788,1.50,2.63
2013.05.03 10:02:05.621,1.28776,1.28788,1.50,3.23
2013.05.03 10:02:07.532,1.28776,1.28789,2.10,1.50
2013.05.03 10:02:07.831,1.28777,1.2879,1.50,1.35
2013.05.03 10:02:09.222,1.28776,1.28788,2.85,1.13
2013.05.03 10:02:09.462,1.28776,1.28786,1.50,1.35
2013.05.03 10:02:10.002,1.28776,1.28788,1.35,1.73
2013.05.03 10:02:10.424,1.28779,1.28789,1.50,1.20
2013.05.03 10:02:10.616,1.2878,1.28791,1.50,1.35
2013.05.03 10:02:10.686,1.2878,1.28792,1.50,1.13
2013.05.03 10:02:10.993,1.28781,1.28792,1.88,1.13
2013.05.03 10:02:12.701,1.28782,1.28793,1.50,1.50
2013.05.03 10:02:16.232,1.28784,1.28794,1.50,1.35
2013.05.03 10:02:16.762,1.28784,1.28794,1.50,1.35
2013.05.03 10:02:17.341,1.28784,1.28796,2.10,1.88
2013.05.03 10:02:18.513,1.28784,1.28796,2.10,1.50
2013.05.03 10:02:20.187,1.28784,1.28795,2.10,1.88
2013.05.03 10:02:20.266,1.28779,1.28791,2.63,1.58
2013.05.03 10:02:20.816,1.2878,1.28792,1.50,3.23
2013.05.03 10:02:20.882,1.2878,1.28792,1.50,1.35
2013.05.03 10:02:23.651,1.2878,1.28792,1.50,2.63
2013.05.03 10:02:23.961,1.2878,1.2879,1.50,2.63
2013.05.03 10:02:26.201,1.2878,1.28791,1.50,1.35
2013.05.03 10:02:27.733,1.28781,1.28793,1.50,2.48
2013.05.03 10:02:27.912,1.28783,1.28795,1.73,2.48
2013.05.03 10:02:27.972,1.28786,1.28796,1.50,2.48
2013.05.03 10:02:28.511,1.28784,1.28797,1.50,2.67
2013.05.03 10:02:28.572,1.28783,1.28794,2.48,1.50
2013.05.03 10:02:28.932,1.2878,1.28792,2.25,1.88
2013.05.03 10:02:29.051,1.2878,1.28794,2.25,1.43
2013.05.03 10:02:29.331,1.2878,1.28793,2.25,1.35
2013.05.03 10:02:29.513,1.2878,1.28792,2.25,2.48
2013.05.03 10:02:29.811,1.28778,1.2879,2.25,2.18
2013.05.03 10:02:30.714,1.28778,1.28789,1.50,1.35
2013.05.03 10:02:30.953,1.28771,1.28781,1.73,1.65
2013.05.03 10:02:31.251,1.28769,1.2878,1.88,2.25
2013.05.03 10:02:31.371,1.28768,1.28778,1.13,2.07
2013.05.03 10:02:31.933,1.28767,1.28777,1.13,1.32
2013.05.03 10:02:33.421,1.28766,1.28777,2.48,1.32
2013.05.03 10:02:43.282,1.28768,1.28778,1.50,1.50
2013.05.03 10:02:43.831,1.28769,1.28779,1.35,1.50
2013.05.03 10:02:45.115,1.28769,1.28779,1.35,1.50
2013.05.03 10:02:46.621,1.28766,1.28779,2.48,1.50
2013.05.03 10:02:48.722,1.28766,1.28779,3.23,1.50
2013.05.03 10:02:49.582,1.28766,1.28776,2.10,2.07
2013.05.03 10:02:50.122,1.28767,1.28776,1.50,1.50
2013.05.03 10:02:51.872,1.28767,1.28774,1.50,1.32
2013.05.03 10:02:51.993,1.28761,1.28769,2.78,1.13
2013.05.03 10:02:52.112,1.28761,1.28769,2.48,3.45
2013.05.03 10:02:52.174,1.28756,1.28766,2.03,2.63
2013.05.03 10:02:52.414,1.28753,1.28762,1.32,1.35
2013.05.03 10:02:52.771,1.28749,1.28762,1.69,2.10
2013.05.03 10:02:52.952,1.28749,1.28762,2.93,2.10
2013.05.03 10:02:54.904,1.28749,1.28761,1.35,1.35
2013.05.03 10:02:55.281,1.28749,1.28761,1.35,1.35
2013.05.03 10:02:55.853,1.28748,1.28761,2.33,1.88
2013.05.03 10:02:56.212,1.28746,1.28756,2.25,1.47
2013.05.03 10:02:56.789,1.28745,1.28756,2.10,3.57
2013.05.03 10:02:57.331,1.28743,1.28755,1.35,1.50
2013.05.03 10:02:58.592,1.28743,1.28755,1.35,1.50
2013.05.03 10:02:58.897,1.28743,1.28753,1.35,1.13
2013.05.03 10:02:59.203,1.28739,1.28751,4.13,1.13
2013.05.03 10:02:59.263,1.28739,1.28751,2.85,1.73
2013.05.03 10:02:59.861,1.28739,1.28751,1.35,1.50
2013.05.03 10:03:01.802,1.28737,1.28747,1.35,2.78
2013.05.03 10:03:02.042,1.28733,1.28745,2.10,1.35
2013.05.03 10:03:02.822,1.28733,1.28745,2.10,1.73
2013.05.03 10:03:03.376,1.28733,1.28744,1.35,1.65
2013.05.03 10:03:07.453,1.28734,1.28744,1.65,1.13
2013.05.03 10:03:07.572,1.28736,1.28747,1.65,2.48
2013.05.03 10:03:07.633,1.28738,1.28749,1.35,1.13
2013.05.03 10:03:07.752,1.28739,1.28749,1.35,1.13
2013.05.03 10:03:08.062,1.28739,1.28749,2.70,1.13
2013.05.03 10:03:08.983,1.2874,1.2875,1.50,2.33
2013.05.03 10:03:09.574,1.2874,1.2875,1.50,1.95
2013.05.03 10:03:10.122,1.28744,1.2875,2.48,1.35
2013.05.03 10:03:11.476,1.28746,1.28752,1.35,1.50
2013.05.03 10:03:11.544,1.2875,1.28756,1.88,1.13
2013.05.03 10:03:11.663,1.28752,1.28759,2.48,2.63
2013.05.03 10:03:12.082,1.28748,1.28757,1.50,1.35
2013.05.03 10:03:12.321,1.28744,1.28757,3.38,1.35
2013.05.03 10:03:12.771,1.28744,1.28756,1.35,1.35
2013.05.03 10:03:12.952,1.28744,1.28757,2.63,1.35
2013.05.03 10:03:13.462,1.28745,1.28757,3.23,1.73
2013.05.03 10:03:13.642,1.28745,1.28757,1.35,1.73
2013.05.03 10:03:14.505,1.28743,1.28756,1.73,1.50
2013.05.03 10:03:15.037,1.28743,1.28754,1.13,1.58
2013.05.03 10:03:16.352,1.28742,1.28754,1.50,1.58
2013.05.03 10:03:17.171,1.28742,1.28755,3.98,1.50
2013.05.03 10:03:17.591,1.28742,1.28754,1.50,1.35
2013.05.03 10:03:17.971,1.28741,1.28754,1.65,1.35
2013.05.03 10:03:22.491,1.28742,1.28754,2.10,2.18
2013.05.03 10:03:23.202,1.28742,1.28754,1.50,4.73
2013.05.03 10:03:29.588,1.28742,1.28753,1.35,1.50
2013.05.03 10:03:31.283,1.2874,1.28753,3.60,2.40
2013.05.03 10:03:31.462,1.28739,1.28751,2.48,1.35
2013.05.03 10:03:33.183,1.2874,1.28751,1.58,1.95
2013.05.03 10:03:34.331,1.28739,1.2875,1.50,1.58
2013.05.03 10:03:36.772,1.28738,1.28747,1.13,1.69
2013.05.03 10:03:36.834,1.28737,1.28747,1.13,3.04
2013.05.03 10:03:36.953,1.28734,1.28746,1.13,3.00
2013.05.03 10:03:37.491,1.28731,1.28744,1.88,1.35
2013.05.03 10:03:37.771,1.28731,1.28745,1.88,2.33
2013.05.03 10:03:38.192,1.28734,1.28745,1.13,2.10
2013.05.03 10:03:38.518,1.28736,1.28747,1.43,1.13
2013.05.03 10:03:38.761,1.28734,1.28747,1.80,1.13
2013.05.03 10:03:39.122,1.28733,1.28745,3.45,1.58
2013.05.03 10:03:39.872,1.28733,1.28745,2.25,1.58
2013.05.03 10:03:40.254,1.28733,1.28744,1.50,1.50
2013.05.03 10:03:40.551,1.28729,1.28741,1.13,1.35
2013.05.03 10:03:42.993,1.28731,1.28743,1.65,1.58
2013.05.03 10:03:43.293,1.28733,1.28743,1.65,1.58
2013.05.03 10:03:43.837,1.28735,1.28746,1.35,1.13
2013.05.03 10:03:48.922,1.28731,1.28743,2.48,1.35
2013.05.03 10:03:51.452,1.28731,1.28743,2.48,1.95
2013.05.03 10:03:51.995,1.28731,1.28741,1.50,1.58
2013.05.03 10:03:52.512,1.2873,1.2874,1.13,1.35
2013.05.03 10:03:52.572,1.2873,1.2874,1.13,1.35
2013.05.03 10:03:53.121,1.2873,1.2874,1.13,1.35
2013.05.03 10:03:56.931,1.28729,1.2874,2.63,1.35
2013.05.03 10:03:59.753,1.2873,1.28742,1.50,1.13
2013.05.03 10:04:00.532,1.28731,1.28744,1.73,1.13
2013.05.03 10:04:00.651,1.28731,1.28745,2.63,3.15
2013.05.03 10:04:00.771,1.28735,1.28745,1.65,3.08
2013.05.03 10:04:01.752,1.28735,1.28745,1.50,1.35
2013.05.03 10:04:02.662,1.28735,1.28747,2.10,1.43
2013.05.03 10:04:03.221,1.28737,1.28747,1.50,2.25
2013.05.03 10:04:05.171,1.28737,1.28747,1.50,2.18
2013.05.03 10:04:05.531,1.28737,1.28745,1.50,2.10
2013.05.03 10:04:07.641,1.28737,1.28745,1.50,2.10
2013.05.03 10:04:12.763,1.28736,1.28745,1.50,2.10
2013.05.03 10:04:19.462,1.28737,1.28745,1.35,2.10
2013.05.03 10:04:19.642,1.28739,1.28749,1.50,2.78
2013.05.03 10:04:19.944,1.28739,1.28749,2.07,1.35
2013.05.03 10:04:20.362,1.28742,1.28753,1.35,2.25
2013.05.03 10:04:20.422,1.28742,1.28756,1.35,2.10
2013.05.03 10:04:20.961,1.28742,1.28753,1.35,1.35
2013.05.03 10:04:21.569,1.28741,1.28753,1.73,1.95
2013.05.03 10:04:21.812,1.2874,1.28752,2.10,2.70
2013.05.03 10:04:21.993,1.28738,1.2875,1.35,1.69
2013.05.03 10:04:22.592,1.28737,1.28748,1.50,1.58
2013.05.03 10:04:23.027,1.28737,1.28749,2.10,2.33
2013.05.03 10:04:23.336,1.28749,1.28754,1.50,1.35
2013.05.03 10:04:23.402,1.28749,1.28756,1.32,1.88
2013.05.03 10:04:23.462,1.2875,1.2876,1.50,3.00
2013.05.03 10:04:23.523,1.28751,1.28762,1.35,2.63
2013.05.03 10:04:23.582,1.28751,1.28763,2.85,2.10
2013.05.03 10:04:24.354,1.28754,1.28764,1.13,1.13
2013.05.03 10:04:24.622,1.2876,1.28771,1.35,1.13
2013.05.03 10:04:24.683,1.2876,1.28772,2.10,2.07
2013.05.03 10:04:25.294,1.2876,1.28772,2.10,1.50
2013.05.03 10:04:26.691,1.28761,1.28771,1.50,1.13
2013.05.03 10:04:30.716,1.2876,1.2877,1.50,2.29
2013.05.03 10:04:30.843,1.28755,1.28767,2.10,2.85
2013.05.03 10:04:30.903,1.28755,1.28766,1.50,2.10
2013.05.03 10:04:31.264,1.28754,1.28763,1.50,3.00
2013.05.03 10:04:31.622,1.2875,1.28761,2.63,1.35
2013.05.03 10:04:34.502,1.2875,1.28761,1.50,1.35
2013.05.03 10:04:35.214,1.28748,1.28758,1.88,1.50
2013.05.03 10:04:35.575,1.28741,1.28753,3.08,2.85
2013.05.03 10:04:35.882,1.2874,1.28749,1.13,1.58
2013.05.03 10:04:36.945,1.28738,1.28748,1.50,1.50
2013.05.03 10:04:37.672,1.28736,1.28748,2.48,1.50
2013.05.03 10:04:43.282,1.28736,1.28748,2.10,1.88
2013.05.03 10:04:45.302,1.28736,1.28748,2.10,1.88
2013.05.03 10:04:45.542,1.28736,1.28746,1.50,3.60
2013.05.03 10:04:45.663,1.28736,1.28747,1.50,1.50
2013.05.03 10:04:50.022,1.28736,1.28746,1.50,1.13
2013.05.03 10:04:50.326,1.28733,1.28743,1.35,1.35
2013.05.03 10:04:50.512,1.28729,1.28741,2.48,2.10
2013.05.03 10:04:50.573,1.28729,1.2874,1.88,2.48
2013.05.03 10:04:50.872,1.28729,1.28739,1.50,1.43
2013.05.03 10:04:51.483,1.28729,1.28739,1.50,1.95
2013.05.03 10:04:52.593,1.28728,1.28739,1.50,1.95
2013.05.03 10:04:52.952,1.28727,1.28737,1.50,1.88
2013.05.03 10:04:54.612,1.28728,1.28737,1.50,1.88
2013.05.03 10:04:54.691,1.28728,1.28738,1.50,1.35
2013.05.03 10:04:55.212,1.28728,1.28738,1.50,1.58
2013.05.03 10:04:55.333,1.28726,1.28736,1.13,1.43
2013.05.03 10:04:56.403,1.28725,1.28735,1.50,1.35
2013.05.03 10:04:56.712,1.2872,1.28729,2.85,1.58
2013.05.03 10:04:56.832,1.28715,1.28726,2.25,3.98
2013.05.03 10:04:57.375,1.2871,1.28724,1.88,2.70
2013.05.03 10:04:59.681,1.28715,1.28727,1.65,2.18
2013.05.03 10:05:00.202,1.28715,1.28727,1.50,1.35
2013.05.03 10:05:02.303,1.28715,1.28727,2.48,1.73
2013.05.03 10:05:02.604,1.28724,1.28731,1.50,2.63
2013.05.03 10:05:02.664,1.28724,1.28735,1.50,4.20
2013.05.03 10:05:02.725,1.28725,1.28736,1.58,1.28
2013.05.03 10:05:03.333,1.28724,1.28735,1.50,1.35
2013.05.03 10:05:03.694,1.28726,1.28737,1.50,1.50
2013.05.03 10:05:03.752,1.28726,1.28738,1.50,1.35
2013.05.03 10:05:04.345,1.28728,1.2874,1.50,2.48
2013.05.03 10:05:04.890,1.28728,1.28739,1.50,2.03
2013.05.03 10:05:09.842,1.28727,1.28739,1.50,2.78
2013.05.03 10:05:10.351,1.28726,1.28739,2.25,3.08
2013.05.03 10:05:14.593,1.28733,1.28739,1.50,1.43
2013.05.03 10:05:15.094,1.28733,1.2874,1.35,1.13
2013.05.03 10:05:15.213,1.2873,1.28739,1.35,1.13
2013.05.03 10:05:15.731,1.28726,1.28738,2.25,1.35
2013.05.03 10:05:16.442,1.28729,1.2874,1.50,1.73
2013.05.03 10:05:17.206,1.2873,1.28741,2.10,1.50
2013.05.03 10:05:18.192,1.28729,1.28741,2.70,1.50
2013.05.03 10:05:23.562,1.28728,1.28742,3.83,1.35
2013.05.03 10:05:24.312,1.28729,1.2874,1.50,1.35
2013.05.03 10:05:25.052,1.28728,1.2874,2.85,1.73
2013.05.03 10:05:25.172,1.28727,1.28738,1.80,1.73
2013.05.03 10:05:25.712,1.28727,1.28738,1.80,1.73
2013.05.03 10:05:26.272,1.28727,1.28738,1.35,1.73
2013.05.03 10:05:28.581,1.28725,1.28736,2.55,1.13
2013.05.03 10:05:28.723,1.28725,1.28737,2.55,1.88
2013.05.03 10:05:30.953,1.28725,1.28734,2.55,1.13
2013.05.03 10:05:31.134,1.28719,1.2873,1.50,1.50
2013.05.03 10:05:31.312,1.28719,1.28728,1.50,3.38
2013.05.03 10:05:31.552,1.28719,1.28729,1.50,2.63
2013.05.03 10:05:33.872,1.28717,1.28729,2.10,1.88
2013.05.03 10:05:35.452,1.28718,1.28731,1.13,3.60
2013.05.03 10:05:35.517,1.28719,1.28732,2.18,2.48
2013.05.03 10:05:35.702,1.2872,1.28732,1.88,1.65
2013.05.03 10:05:35.763,1.2872,1.28732,1.88,1.88
2013.05.03 10:05:35.884,1.2872,1.28732,2.10,3.30
2013.05.03 10:05:35.944,1.28717,1.28729,2.10,1.13
2013.05.03 10:05:36.252,1.28715,1.28724,1.50,1.13
2013.05.03 10:05:36.315,1.28712,1.28724,3.53,1.13
2013.05.03 10:05:36.863,1.2871,1.28722,3.08,1.35
2013.05.03 10:05:37.731,1.28711,1.28724,1.35,1.13
2013.05.03 10:05:39.642,1.28711,1.28724,1.35,1.13
2013.05.03 10:05:40.082,1.28713,1.28726,1.35,1.50
2013.05.03 10:05:41.812,1.28713,1.28727,1.35,2.25
2013.05.03 10:05:43.814,1.28713,1.28725,1.35,1.13
2013.05.03 10:05:44.063,1.28712,1.28724,1.73,1.50
2013.05.03 10:05:44.582,1.28712,1.28724,1.35,1.35
2013.05.03 10:05:45.532,1.28709,1.28722,2.18,1.95
2013.05.03 10:05:46.073,1.28711,1.28723,1.58,1.13
2013.05.03 10:05:46.592,1.28711,1.28723,1.58,1.13
2013.05.03 10:05:48.506,1.2871,1.28724,3.00,2.48
2013.05.03 10:05:48.692,1.28713,1.28724,1.50,1.58
2013.05.03 10:05:49.238,1.28713,1.28725,1.50,2.48
2013.05.03 10:05:49.731,1.28713,1.28725,1.50,2.48
2013.05.03 10:05:51.222,1.28713,1.28725,1.50,2.48
2013.05.03 10:05:53.122,1.28712,1.28725,1.13,2.63
2013.05.03 10:05:53.242,1.28711,1.28722,1.73,1.47
2013.05.03 10:05:53.363,1.28708,1.28716,1.80,1.32
2013.05.03 10:05:53.482,1.28705,1.28714,3.08,1.69
2013.05.03 10:05:53.543,1.28703,1.28714,1.88,1.69
2013.05.03 10:05:53.602,1.28703,1.28713,1.35,1.13
2013.05.03 10:05:53.782,1.28699,1.28711,1.50,1.50
2013.05.03 10:05:53.842,1.28698,1.28711,3.38,1.50
2013.05.03 10:05:54.832,1.28698,1.28711,1.88,2.10
2013.05.03 10:05:55.343,1.28699,1.28711,2.63,1.35
2013.05.03 10:05:55.464,1.28701,1.28713,1.50,1.73
2013.05.03 10:05:55.995,1.28701,1.28712,2.48,1.35
2013.05.03 10:05:57.306,1.28699,1.2871,4.43,1.35
2013.05.03 10:05:57.612,1.28698,1.28707,1.50,1.50
2013.05.03 10:05:57.973,1.28695,1.28705,1.35,1.50
2013.05.03 10:05:58.033,1.2869,1.28702,1.95,1.50
2013.05.03 10:05:58.094,1.28692,1.28702,1.88,1.50
2013.05.03 10:05:58.691,1.2869,1.28701,1.13,1.35
2013.05.03 10:05:59.212,1.2869,1.28702,1.73,1.50
2013.05.03 10:05:59.662,1.2869,1.28702,1.73,1.50
2013.05.03 10:06:00.143,1.28689,1.287,2.25,1.88
2013.05.03 10:06:00.684,1.28688,1.287,1.73,2.25
2013.05.03 10:06:00.923,1.28684,1.28697,1.35,1.73
2013.05.03 10:06:00.983,1.28683,1.28694,1.69,1.35
2013.05.03 10:06:01.162,1.28682,1.28694,1.54,1.35
2013.05.03 10:06:02.372,1.28681,1.28692,1.88,1.50
2013.05.03 10:06:02.971,1.28681,1.28692,1.13,1.50
2013.05.03 10:06:05.647,1.2868,1.28689,2.10,1.65
2013.05.03 10:06:05.773,1.2868,1.28689,1.50,3.15
2013.05.03 10:06:05.953,1.2868,1.28689,2.25,1.13
2013.05.03 10:06:06.502,1.28681,1.28693,1.58,1.35
2013.05.03 10:06:07.043,1.28682,1.28693,1.35,1.35
2013.05.03 10:06:09.072,1.28682,1.28693,2.10,1.35
2013.05.03 10:06:09.612,1.28682,1.28694,2.10,1.35
2013.05.03 10:06:10.073,1.28686,1.28698,1.50,1.35
2013.05.03 10:06:10.383,1.28687,1.28699,1.35,1.50
2013.05.03 10:06:10.623,1.28688,1.287,1.35,2.25
2013.05.03 10:06:11.103,1.28688,1.287,1.50,1.35
2013.05.03 10:06:11.533,1.28693,1.28701,1.50,1.35
2013.05.03 10:06:11.895,1.28695,1.28706,1.28,1.35
2013.05.03 10:06:15.523,1.28696,1.2871,2.10,3.23
2013.05.03 10:06:15.644,1.28701,1.28711,1.50,1.13
2013.05.03 10:06:15.765,1.28704,1.28715,1.58,1.32
2013.05.03 10:06:16.072,1.28705,1.28717,1.88,1.88
2013.05.03 10:06:16.252,1.28705,1.28718,2.03,1.13
2013.05.03 10:06:16.761,1.28707,1.28718,2.10,1.13
2013.05.03 10:06:18.213,1.28706,1.28719,2.48,1.73
2013.05.03 10:06:18.883,1.28707,1.28719,1.50,1.35
2013.05.03 10:06:19.123,1.28708,1.2872,1.13,1.80
2013.05.03 10:06:19.385,1.28709,1.28722,2.18,1.88
2013.05.03 10:06:19.714,1.28708,1.28722,2.10,3.23
2013.05.03 10:06:21.662,1.28708,1.28722,2.10,3.23
2013.05.03 10:06:21.724,1.28709,1.28722,1.13,1.35
2013.05.03 10:06:22.032,1.28717,1.28729,1.50,1.54
2013.05.03 10:06:22.093,1.28715,1.28729,2.25,1.35
2013.05.03 10:06:22.332,1.28718,1.28733,2.10,1.58
2013.05.03 10:06:22.512,1.28719,1.28731,1.50,2.48
2013.05.03 10:06:23.262,1.2872,1.28732,1.50,2.33
2013.05.03 10:06:23.802,1.2872,1.28733,1.50,2.85
2013.05.03 10:06:24.262,1.28721,1.28734,1.58,2.25
2013.05.03 10:06:24.812,1.28721,1.28734,1.35,2.33
2013.05.03 10:06:26.873,1.2872,1.28732,1.50,3.83
2013.05.03 10:06:26.934,1.28717,1.28729,1.58,2.48
2013.05.03 10:06:27.053,1.28714,1.28726,2.48,1.35
2013.05.03 10:06:27.233,1.28714,1.28724,1.13,1.95
2013.05.03 10:06:27.354,1.28714,1.28725,1.13,2.48
2013.05.03 10:06:27.596,1.28714,1.28722,1.13,1.13
2013.05.03 10:06:27.783,1.2871,1.28723,1.50,3.68
2013.05.03 10:06:31.432,1.28709,1.28722,1.50,2.85
2013.05.03 10:06:31.614,1.28709,1.28723,2.10,1.73
2013.05.03 10:06:32.353,1.28709,1.28722,1.50,3.08
2013.05.03 10:06:34.022,1.28709,1.28723,2.10,1.73
2013.05.03 10:06:34.701,1.28709,1.28723,2.10,2.48
2013.05.03 10:06:37.552,1.2871,1.28723,1.50,1.73
2013.05.03 10:06:38.213,1.28711,1.28724,1.13,1.43
2013.05.03 10:06:38.332,1.28712,1.28725,2.10,1.13
2013.05.03 10:06:39.072,1.28712,1.28725,1.50,2.55
2013.05.03 10:06:41.032,1.28713,1.28726,1.35,1.95
2013.05.03 10:06:41.634,1.28715,1.28726,1.35,1.13
2013.05.03 10:06:41.853,1.2872,1.2873,1.35,2.25
2013.05.03 10:06:42.800,1.2872,1.28732,2.63,1.50
2013.05.03 10:06:42.881,1.28728,1.28741,1.35,2.25
2013.05.03 10:06:43.062,1.28729,1.28741,3.23,1.13
2013.05.03 10:06:43.373,1.28731,1.28741,1.88,1.13
2013.05.03 10:06:44.052,1.2873,1.28741,1.35,1.13
2013.05.03 10:06:44.765,1.2873,1.28741,2.10,1.13
2013.05.03 10:06:45.313,1.28729,1.2874,1.35,1.13
2013.05.03 10:06:45.433,1.28729,1.2874,1.73,1.13
2013.05.03 10:06:45.732,1.28732,1.28744,1.50,2.48
2013.05.03 10:06:46.712,1.28732,1.28743,1.58,1.13
2013.05.03 10:06:47.022,1.28729,1.28742,2.03,1.73
2013.05.03 10:06:47.142,1.28729,1.28741,2.03,1.13
2013.05.03 10:06:47.952,1.28726,1.28738,2.29,1.13
2013.05.03 10:06:48.134,1.28724,1.28735,1.50,1.35
2013.05.03 10:06:48.435,1.28725,1.28737,2.10,1.13
2013.05.03 10:06:48.505,1.28728,1.28739,1.50,2.48
2013.05.03 10:06:48.752,1.28731,1.28739,1.88,1.50
2013.05.03 10:06:48.993,1.28731,1.28741,2.63,1.50
2013.05.03 10:06:53.225,1.28732,1.28742,1.58,1.50
2013.05.03 10:06:54.972,1.28731,1.28742,2.10,1.88
2013.05.03 10:06:56.682,1.28731,1.28742,2.10,1.13
2013.05.03 10:06:59.231,1.28731,1.28742,2.10,1.50
2013.05.03 10:07:01.594,1.28731,1.28742,2.10,1.50
2013.05.03 10:07:03.712,1.28731,1.28742,1.35,1.88
2013.05.03 10:07:04.326,1.28731,1.28741,1.35,1.13
2013.05.03 10:07:07.482,1.28728,1.28741,1.88,2.63
2013.05.03 10:07:11.563,1.28728,1.28739,1.88,1.73
2013.05.03 10:07:11.923,1.2872,1.28726,1.88,1.13
2013.05.03 10:07:11.983,1.28717,1.28725,2.85,1.13
2013.05.03 10:07:12.043,1.28717,1.28725,1.58,1.50
2013.05.03 10:07:12.814,1.28714,1.28724,2.63,1.50
2013.05.03 10:07:12.888,1.28711,1.28725,2.10,2.48
2013.05.03 10:07:14.891,1.28711,1.28725,3.23,2.48
2013.05.03 10:07:15.072,1.28713,1.28725,2.48,1.88
2013.05.03 10:07:20.932,1.28712,1.28725,2.70,1.88
2013.05.03 10:07:39.456,1.28713,1.28726,1.35,2.03
2013.05.03 10:07:45.062,1.28713,1.28725,1.35,1.13
2013.05.03 10:07:46.435,1.28713,1.28723,1.35,1.13
2013.05.03 10:07:46.499,1.28712,1.28725,2.70,2.03
2013.05.03 10:07:47.642,1.28712,1.28725,1.58,1.13
2013.05.03 10:07:48.002,1.28713,1.28726,3.53,1.13
2013.05.03 10:07:48.613,1.28716,1.28728,1.58,2.85
2013.05.03 10:07:49.722,1.28718,1.28729,1.35,2.25
2013.05.03 10:07:50.025,1.28729,1.28736,2.63,2.63
2013.05.03 10:07:50.160,1.28732,1.28739,2.63,1.88
2013.05.03 10:07:50.462,1.28735,1.28744,1.50,1.43
2013.05.03 10:07:50.643,1.28733,1.28744,2.48,1.43
2013.05.03 10:07:50.764,1.28733,1.28747,3.08,2.03
2013.05.03 10:07:50.884,1.28734,1.28748,2.48,1.50
2013.05.03 10:07:51.063,1.28733,1.28747,3.08,2.63
2013.05.03 10:07:51.573,1.28734,1.28747,1.50,2.63
2013.05.03 10:07:52.282,1.28733,1.28745,2.48,1.88
2013.05.03 10:07:52.342,1.28733,1.28745,2.48,1.88
2013.05.03 10:07:52.463,1.28735,1.28748,2.10,2.70
2013.05.03 10:07:52.523,1.28736,1.28748,1.88,1.88
2013.05.03 10:07:52.642,1.28737,1.2875,1.58,3.00
2013.05.03 10:07:52.884,1.2874,1.2875,2.10,1.13
2013.05.03 10:07:53.242,1.28742,1.28752,1.88,2.40
2013.05.03 10:07:53.302,1.28739,1.28752,3.23,2.40
2013.05.03 10:07:53.572,1.28741,1.28754,1.35,1.88
2013.05.03 10:07:54.078,1.28743,1.28754,1.35,1.13
2013.05.03 10:07:54.722,1.28742,1.28754,1.50,1.73
2013.05.03 10:07:59.553,1.28742,1.28754,1.88,1.35
2013.05.03 10:07:59.913,1.28749,1.28759,1.35,1.95
2013.05.03 10:08:00.213,1.2875,1.28762,1.58,2.40
2013.05.03 10:08:02.602,1.28749,1.28761,2.29,1.35
2013.05.03 10:08:03.272,1.28749,1.28761,2.67,2.10
2013.05.03 10:08:04.304,1.28748,1.28761,1.20,2.10
2013.05.03 10:08:04.665,1.28746,1.28757,1.50,3.23
2013.05.03 10:08:04.793,1.28752,1.2876,1.50,2.10
2013.05.03 10:08:04.914,1.28753,1.28764,2.25,2.25
2013.05.03 10:08:05.038,1.28753,1.28765,2.10,1.73
2013.05.03 10:08:05.284,1.28751,1.28763,2.25,3.23
2013.05.03 10:08:05.789,1.28751,1.28763,2.25,1.58
2013.05.03 10:08:06.322,1.28751,1.28763,2.25,1.58
2013.05.03 10:08:06.683,1.28755,1.28765,1.13,1.35
2013.05.03 10:08:06.744,1.28754,1.28765,2.07,1.58
2013.05.03 10:08:06.923,1.28759,1.28767,1.35,1.13
2013.05.03 10:08:06.984,1.28759,1.2877,1.35,1.88
2013.05.03 10:08:07.044,1.28759,1.28771,1.35,2.85
2013.05.03 10:08:07.642,1.28759,1.28771,1.35,1.35
2013.05.03 10:08:09.442,1.2876,1.28772,1.35,1.50
2013.05.03 10:08:10.002,1.2876,1.28774,1.35,3.23
2013.05.03 10:08:10.558,1.2876,1.28774,1.54,2.48
2013.05.03 10:08:11.892,1.2876,1.28774,1.54,2.48
2013.05.03 10:08:12.012,1.2876,1.28774,2.67,1.35
2013.05.03 10:08:12.553,1.28764,1.28775,1.35,2.48
2013.05.03 10:08:17.701,1.28763,1.28775,1.88,2.10
2013.05.03 10:08:18.182,1.28761,1.28771,1.13,1.35
2013.05.03 10:08:18.363,1.28759,1.28771,1.54,1.35
2013.05.03 10:08:18.602,1.28758,1.28772,1.35,2.48
2013.05.03 10:08:18.728,1.28758,1.28772,1.73,2.67
2013.05.03 10:08:18.912,1.28755,1.28766,1.58,1.50
2013.05.03 10:08:19.032,1.28754,1.28766,1.50,1.50
2013.05.03 10:08:19.152,1.28752,1.28764,1.73,1.35
2013.05.03 10:08:19.902,1.28752,1.28766,2.48,3.23
2013.05.03 10:08:21.193,1.28752,1.28765,2.48,1.43
2013.05.03 10:08:23.234,1.28752,1.28765,1.73,2.33
2013.05.03 10:08:23.473,1.28754,1.28765,3.23,1.50
2013.05.03 10:08:24.196,1.28754,1.28765,3.60,1.35
2013.05.03 10:08:25.103,1.28756,1.28765,1.88,1.73
2013.05.03 10:08:26.643,1.28752,1.28761,1.88,1.88
2013.05.03 10:08:26.703,1.2875,1.28761,1.35,1.88
2013.05.03 10:08:26.944,1.28748,1.28758,1.50,1.50
2013.05.03 10:08:27.063,1.28743,1.28756,4.20,1.50
2013.05.03 10:08:27.182,1.28742,1.28756,3.08,2.10
2013.05.03 10:08:27.303,1.28743,1.28756,2.85,1.13
2013.05.03 10:08:27.887,1.28745,1.28756,2.18,1.13
2013.05.03 10:08:28.712,1.28746,1.28756,2.25,1.13
2013.05.03 10:08:28.833,1.28748,1.28758,1.35,1.50
2013.05.03 10:08:29.012,1.28749,1.28761,2.48,1.50
2013.05.03 10:08:29.560,1.2875,1.28761,1.35,1.50
2013.05.03 10:08:29.914,1.28751,1.28761,1.88,1.50
2013.05.03 10:08:29.973,1.28751,1.28763,1.88,2.85
2013.05.03 10:08:30.093,1.28753,1.28765,1.35,1.35
2013.05.03 10:08:30.153,1.28753,1.28766,1.35,2.55
2013.05.03 10:08:30.274,1.28754,1.28767,2.10,1.88
2013.05.03 10:08:30.632,1.28759,1.2877,1.43,1.50
2013.05.03 10:08:31.306,1.28759,1.28772,1.43,1.50
2013.05.03 10:08:31.553,1.28761,1.28772,1.88,1.13
2013.05.03 10:08:31.613,1.28761,1.28773,3.23,1.13
2013.05.03 10:08:31.793,1.28764,1.28773,1.88,1.13
2013.05.03 10:08:32.332,1.28764,1.28775,1.88,1.65
2013.05.03 10:08:34.053,1.28764,1.28772,1.28,1.50
2013.05.03 10:08:34.112,1.28764,1.28772,1.88,1.13
2013.05.03 10:08:34.235,1.28763,1.28772,1.43,1.13
2013.05.03 10:08:34.783,1.28764,1.28775,1.88,2.78
2013.05.03 10:08:35.084,1.28764,1.28775,1.88,1.13
2013.05.03 10:08:39.584,1.28766,1.28775,2.10,1.13
2013.05.03 10:08:40.183,1.28768,1.28776,1.35,1.13
2013.05.03 10:08:40.304,1.28767,1.28776,1.58,1.13
2013.05.03 10:08:40.423,1.28765,1.28775,1.02,1.65
2013.05.03 10:08:40.483,1.28765,1.28774,1.02,1.28
2013.05.03 10:08:40.603,1.28762,1.28771,1.73,1.13
2013.05.03 10:08:40.665,1.28759,1.28768,2.03,2.63
2013.05.03 10:08:41.197,1.28753,1.28765,2.63,1.50
2013.05.03 10:08:41.762,1.28754,1.28764,2.48,1.50
2013.05.03 10:08:42.676,1.28754,1.28764,2.48,1.50
2013.05.03 10:08:43.293,1.28754,1.28763,2.48,1.50
2013.05.03 10:08:43.412,1.28751,1.28763,1.58,1.50
2013.05.03 10:08:47.724,1.28754,1.28766,1.88,1.88
2013.05.03 10:08:49.453,1.28754,1.28766,1.88,1.88
2013.05.03 10:08:49.574,1.28756,1.28767,1.35,1.13
2013.05.03 10:08:49.703,1.28756,1.28768,2.10,1.35
2013.05.03 10:08:50.062,1.28759,1.28769,1.43,1.13
2013.05.03 10:08:50.613,1.28759,1.28773,2.93,2.40
2013.05.03 10:08:51.950,1.28761,1.28773,2.48,2.40
2013.05.03 10:08:52.073,1.28759,1.28773,2.93,2.40
2013.05.03 10:08:58.993,1.2876,1.28774,3.98,1.13
2013.05.03 10:08:59.353,1.28768,1.28776,1.50,1.35
2013.05.03 10:08:59.473,1.28769,1.28778,1.65,1.95
2013.05.03 10:08:59.536,1.2877,1.28783,1.50,2.48
2013.05.03 10:08:59.912,1.2877,1.28783,3.38,1.13
2013.05.03 10:09:00.442,1.28771,1.28785,1.58,1.50
2013.05.03 10:09:01.037,1.2877,1.28783,3.38,2.25
2013.05.03 10:09:02.105,1.2877,1.28781,1.35,1.13
2013.05.03 10:09:02.234,1.2877,1.28782,1.35,2.10
2013.05.03 10:09:02.792,1.2877,1.28782,2.48,1.50
2013.05.03 10:09:04.092,1.28768,1.28781,3.38,1.50
2013.05.03 10:09:05.643,1.28768,1.28781,3.38,1.13
2013.05.03 10:09:06.004,1.28765,1.28775,1.88,1.88
2013.05.03 10:09:06.064,1.28763,1.28774,1.50,1.43
2013.05.03 10:09:06.182,1.28764,1.28776,1.50,2.33
2013.05.03 10:09:06.243,1.28764,1.28776,2.85,2.10
2013.05.03 10:09:06.363,1.28766,1.28779,1.35,1.13
2013.05.03 10:09:06.733,1.28766,1.2878,1.35,2.85
2013.05.03 10:09:06.915,1.28764,1.28777,1.50,2.03
2013.05.03 10:09:07.283,1.28764,1.28777,1.50,2.63
2013.05.03 10:09:07.642,1.28766,1.28778,1.88,1.65
2013.05.03 10:09:09.033,1.28766,1.2878,1.88,3.00
2013.05.03 10:09:09.393,1.2877,1.2878,2.48,1.50
2013.05.03 10:09:09.452,1.2877,1.2878,2.48,1.50
2013.05.03 10:09:09.692,1.28769,1.2878,1.35,1.50
2013.05.03 10:09:09.813,1.28767,1.28779,1.88,2.48
2013.05.03 10:09:10.352,1.28766,1.28778,1.58,1.13
2013.05.03 10:09:10.893,1.28766,1.28778,2.48,1.88
2013.05.03 10:09:12.608,1.28766,1.28778,1.20,1.88
2013.05.03 10:09:12.852,1.28767,1.28778,1.88,1.88
2013.05.03 10:09:13.483,1.28767,1.28778,2.48,1.88
2013.05.03 10:09:13.603,1.28765,1.28776,2.55,1.13
2013.05.03 10:09:14.247,1.28764,1.28775,1.35,1.50
2013.05.03 10:09:14.318,1.28762,1.28775,3.98,1.50
2013.05.03 10:09:14.833,1.28765,1.28775,1.13,1.73
2013.05.03 10:09:15.368,1.28765,1.28775,1.95,1.13
2013.05.03 10:09:15.614,1.28765,1.28776,2.70,1.28
2013.05.03 10:09:15.853,1.28767,1.28779,1.88,3.98
2013.05.03 10:09:15.974,1.28769,1.28779,2.48,1.50
2013.05.03 10:09:17.033,1.28769,1.2878,2.48,1.13
2013.05.03 10:09:17.574,1.28769,1.2878,1.88,1.35
2013.05.03 10:09:21.123,1.28771,1.28781,1.13,1.35
2013.05.03 10:09:21.677,1.28771,1.28781,1.13,2.10
2013.05.03 10:09:24.363,1.28772,1.28781,1.13,1.35
2013.05.03 10:09:25.092,1.2877,1.28782,1.73,1.65
2013.05.03 10:09:28.035,1.2877,1.28782,1.13,2.25
2013.05.03 10:09:28.522,1.28768,1.28779,1.73,1.88
2013.05.03 10:09:31.584,1.2877,1.28781,1.13,1.65
2013.05.03 10:09:31.654,1.28771,1.28781,1.73,1.88
2013.05.03 10:09:32.033,1.28773,1.28781,1.95,1.50
2013.05.03 10:09:34.346,1.28773,1.28785,1.95,1.88
2013.05.03 10:09:34.703,1.28776,1.28786,1.13,1.35
2013.05.03 10:09:36.343,1.28777,1.28787,1.13,1.50
2013.05.03 10:09:36.525,1.2878,1.2879,1.35,1.35
2013.05.03 10:09:36.594,1.28781,1.28792,1.73,3.98
2013.05.03 10:09:36.834,1.28784,1.28794,1.13,1.35
2013.05.03 10:09:37.312,1.28784,1.28795,1.13,1.73
2013.05.03 10:09:38.136,1.28784,1.28795,1.13,1.73
2013.05.03 10:09:38.332,1.28784,1.28795,1.13,1.50
2013.05.03 10:09:38.873,1.28783,1.28793,1.50,1.50
2013.05.03 10:09:39.432,1.28784,1.28793,1.95,1.50
2013.05.03 10:09:45.527,1.28779,1.2879,2.63,1.32
2013.05.03 10:09:45.653,1.28781,1.28789,1.73,1.50
2013.05.03 10:09:45.835,1.28778,1.28787,1.20,1.50
2013.05.03 10:09:46.382,1.28775,1.28786,3.45,1.50
2013.05.03 10:09:46.652,1.28778,1.28788,1.13,2.25
2013.05.03 10:09:46.774,1.2878,1.28788,1.50,1.50
2013.05.03 10:09:46.953,1.28782,1.2879,1.13,1.50
2013.05.03 10:09:47.073,1.28782,1.28792,2.48,2.25
2013.05.03 10:09:47.316,1.28785,1.28794,2.48,2.48
2013.05.03 10:09:47.443,1.28784,1.28794,2.48,2.48
2013.05.03 10:09:55.152,1.28783,1.28794,1.13,1.13
2013.05.03 10:10:02.163,1.28781,1.28793,2.70,1.35
2013.05.03 10:10:03.149,1.2878,1.28788,1.88,1.50
2013.05.03 10:10:03.225,1.28776,1.28789,1.35,2.25
2013.05.03 10:10:03.772,1.28777,1.28788,1.35,1.13
2013.05.03 10:10:04.013,1.28778,1.28788,1.43,1.13
2013.05.03 10:10:04.752,1.28777,1.28788,1.35,1.13
2013.05.03 10:10:05.312,1.28777,1.28788,1.73,1.13
2013.05.03 10:10:12.142,1.28776,1.28788,1.35,2.70
2013.05.03 10:10:14.765,1.28778,1.28788,1.13,2.70
2013.05.03 10:10:14.834,1.28779,1.28788,1.13,1.95
2013.05.03 10:10:15.013,1.2878,1.2879,1.88,1.35
2013.05.03 10:10:16.672,1.28781,1.28792,1.13,1.50
2013.05.03 10:10:22.133,1.28782,1.28792,1.88,1.50
2013.05.03 10:10:25.622,1.2878,1.28792,1.50,3.08
2013.05.03 10:10:31.672,1.28782,1.28792,1.13,1.50
2013.05.03 10:10:32.223,1.28782,1.28792,1.13,2.33
2013.05.03 10:10:32.850,1.28782,1.28792,1.13,1.50
2013.05.03 10:10:37.843,1.2878,1.28792,2.10,1.50
2013.05.03 10:10:40.304,1.28782,1.28793,1.13,2.93
2013.05.03 10:10:40.902,1.28782,1.28794,1.13,2.48
2013.05.03 10:10:41.575,1.28782,1.28794,1.13,3.42
2013.05.03 10:10:43.503,1.28782,1.28793,1.13,2.29
2013.05.03 10:10:46.103,1.28782,1.28793,1.13,1.50
2013.05.03 10:10:46.660,1.28782,1.28794,1.88,2.55
2013.05.03 10:10:47.177,1.28782,1.28794,2.48,1.65
2013.05.03 10:10:49.513,1.28782,1.28794,2.48,2.89
2013.05.03 10:10:49.694,1.28781,1.28791,1.50,1.32
2013.05.03 10:10:49.992,1.28781,1.28793,1.50,2.48
2013.05.03 10:10:51.782,1.28781,1.28793,2.33,2.25
2013.05.03 10:10:53.473,1.28783,1.28793,1.13,2.25
2013.05.03 10:11:00.352,1.28781,1.28793,1.13,3.04
2013.05.03 10:11:00.592,1.28781,1.28793,1.13,3.27
2013.05.03 10:11:00.894,1.28778,1.28787,3.08,1.50
2013.05.03 10:11:01.013,1.28777,1.28787,1.58,2.25
2013.05.03 10:11:01.532,1.28778,1.28786,1.43,1.35
2013.05.03 10:11:04.463,1.28776,1.28786,1.35,2.10
2013.05.03 10:11:05.533,1.28776,1.28786,1.35,2.10
2013.05.03 10:11:09.924,1.28777,1.28785,1.13,1.13
2013.05.03 10:11:10.416,1.28772,1.28783,1.35,2.85
2013.05.03 10:11:10.483,1.28772,1.28783,1.35,3.42
2013.05.03 10:11:10.843,1.28767,1.28779,1.88,2.07
2013.05.03 10:11:11.384,1.28768,1.28779,1.20,1.50
2013.05.03 10:11:11.685,1.28773,1.28782,1.35,1.13
2013.05.03 10:11:11.743,1.28773,1.28782,1.73,1.13
2013.05.03 10:11:11.862,1.28773,1.28783,3.60,2.25
2013.05.03 10:11:12.043,1.28773,1.28783,4.35,1.50
2013.05.03 10:11:12.344,1.28773,1.28783,1.13,1.50
2013.05.03 10:11:12.522,1.2877,1.28783,1.35,1.50
2013.05.03 10:11:12.823,1.28773,1.28783,1.88,1.50
2013.05.03 10:11:12.882,1.28773,1.28783,1.88,1.50
2013.05.03 10:11:13.422,1.28773,1.28784,3.00,1.50
2013.05.03 10:11:13.726,1.28771,1.28783,1.35,2.48
2013.05.03 10:11:13.914,1.28767,1.28777,1.50,1.32
2013.05.03 10:11:14.034,1.28767,1.28777,1.13,1.35
2013.05.03 10:11:14.273,1.28767,1.28778,2.70,2.10
2013.05.03 10:11:14.452,1.28766,1.28779,1.95,3.04
2013.05.03 10:11:14.572,1.28766,1.28779,1.95,3.04
2013.05.03 10:11:14.888,1.28768,1.28779,2.48,2.44
2013.05.03 10:11:15.072,1.28767,1.28778,1.20,1.32
2013.05.03 10:11:15.433,1.28764,1.28774,1.80,1.50
2013.05.03 10:11:15.494,1.28764,1.28773,1.80,1.50
2013.05.03 10:11:15.912,1.28764,1.28775,2.25,1.50
2013.05.03 10:11:16.094,1.28765,1.28776,2.48,1.88
2013.05.03 10:11:16.632,1.28765,1.28776,3.60,1.88
2013.05.03 10:11:16.813,1.28765,1.28776,1.20,1.88
2013.05.03 10:11:18.794,1.28764,1.28775,2.48,1.32
2013.05.03 10:11:18.914,1.28763,1.28775,1.20,1.50
2013.05.03 10:11:18.973,1.28763,1.28776,2.33,2.85
2013.05.03 10:11:19.152,1.28765,1.28776,1.58,1.50
2013.05.03 10:11:19.684,1.28766,1.28776,2.18,2.25
2013.05.03 10:11:20.330,1.28764,1.28776,3.38,1.50
2013.05.03 10:11:21.115,1.28765,1.28776,1.20,1.50
2013.05.03 10:11:21.233,1.28765,1.28776,1.35,1.50
2013.05.03 10:11:21.654,1.28764,1.28776,1.58,2.82
2013.05.03 10:11:21.772,1.28762,1.28774,1.13,1.17
2013.05.03 10:11:22.706,1.28763,1.28774,1.13,1.32
2013.05.03 10:11:23.083,1.28764,1.28775,1.13,1.32
2013.05.03 10:11:23.623,1.28765,1.28775,1.35,1.92
2013.05.03 10:11:24.302,1.28764,1.28775,1.20,1.92
2013.05.03 10:11:25.618,1.28764,1.28776,3.00,1.69
2013.05.03 10:11:25.743,1.28764,1.28776,1.73,1.69
2013.05.03 10:11:25.943,1.28765,1.28776,1.13,1.32
2013.05.03 10:11:26.482,1.28766,1.28778,1.58,2.25
2013.05.03 10:11:26.998,1.28766,1.28778,2.70,2.25
2013.05.03 10:11:31.233,1.28768,1.28778,1.13,1.50
2013.05.03 10:11:31.294,1.28769,1.2878,2.10,1.58
2013.05.03 10:11:31.413,1.2877,1.2878,2.63,1.50
2013.05.03 10:11:31.714,1.28777,1.28789,1.50,2.55
2013.05.03 10:11:31.954,1.28781,1.28793,1.58,4.32
2013.05.03 10:11:32.462,1.28779,1.28789,1.13,1.35
2013.05.03 10:11:34.727,1.28779,1.28792,1.13,1.35
2013.05.03 10:11:37.553,1.28786,1.28793,1.50,1.47
2013.05.03 10:11:37.672,1.28783,1.28793,1.73,1.47
2013.05.03 10:11:37.852,1.28783,1.28792,1.13,1.35
2013.05.03 10:11:38.385,1.2878,1.28792,1.73,1.35
2013.05.03 10:11:39.182,1.28781,1.28793,1.35,1.47
2013.05.03 10:11:42.263,1.28781,1.28795,1.35,3.94
2013.05.03 10:11:42.452,1.28785,1.28796,1.88,1.50
2013.05.03 10:11:42.959,1.28785,1.28796,2.48,1.50
2013.05.03 10:11:49.653,1.28787,1.28796,1.35,1.50
2013.05.03 10:11:49.957,1.2879,1.28799,1.50,1.35
2013.05.03 10:11:50.262,1.28797,1.28809,1.35,2.48
2013.05.03 10:11:50.567,1.28792,1.28802,2.48,1.13
2013.05.03 10:11:50.704,1.28787,1.28798,1.13,1.13
2013.05.03 10:11:50.762,1.28787,1.28798,1.13,1.13
2013.05.03 10:11:50.883,1.28787,1.28799,1.13,1.47
2013.05.03 10:11:51.182,1.28788,1.28801,2.33,2.48
2013.05.03 10:11:51.493,1.2879,1.28801,1.43,1.13
2013.05.03 10:11:52.045,1.2879,1.28801,1.35,1.13
2013.05.03 10:11:52.364,1.2879,1.28802,2.10,1.73
2013.05.03 10:11:52.544,1.28794,1.28805,1.43,1.09
2013.05.03 10:11:52.603,1.28795,1.28806,1.88,1.13
2013.05.03 10:11:52.963,1.28794,1.28806,1.35,1.73
2013.05.03 10:11:53.023,1.28792,1.28804,1.50,1.13
2013.05.03 10:11:53.203,1.28791,1.28805,1.35,2.48
2013.05.03 10:11:53.323,1.28791,1.28804,1.92,3.38
2013.05.03 10:11:53.442,1.28792,1.28804,1.35,1.50
2013.05.03 10:11:53.624,1.28792,1.28802,1.88,1.13
2013.05.03 10:11:53.683,1.28791,1.28802,2.10,1.13
2013.05.03 10:11:53.923,1.28793,1.28805,1.50,1.73
2013.05.03 10:11:54.103,1.28796,1.28806,1.50,1.73
2013.05.03 10:11:54.633,1.28798,1.28808,1.35,1.50
2013.05.03 10:11:55.326,1.28798,1.28808,1.35,1.50
2013.05.03 10:11:56.693,1.28798,1.28808,1.35,1.50
2013.05.03 10:11:57.526,1.28799,1.28808,1.50,1.13
2013.05.03 10:11:57.714,1.28802,1.28811,1.32,1.13
2013.05.03 10:11:57.904,1.28805,1.2882,2.25,1.88
2013.05.03 10:11:57.974,1.28807,1.28816,1.50,1.88
2013.05.03 10:11:58.214,1.2881,1.28819,3.60,1.13
2013.05.03 10:11:58.633,1.28808,1.28819,2.10,1.13
2013.05.03 10:11:58.992,1.28807,1.28819,1.95,1.88
2013.05.03 10:11:59.572,1.28808,1.28818,1.43,1.88
2013.05.03 10:12:00.963,1.28807,1.28818,1.20,1.88
2013.05.03 10:12:01.326,1.28808,1.28818,2.10,1.13
2013.05.03 10:12:01.395,1.28812,1.28821,1.35,2.07
2013.05.03 10:12:01.573,1.28811,1.28823,2.70,1.88
2013.05.03 10:12:01.815,1.28814,1.28823,1.43,1.13
2013.05.03 10:12:04.132,1.28815,1.28824,1.35,1.13
2013.05.03 10:12:04.315,1.28819,1.28831,1.35,3.79
2013.05.03 10:12:04.504,1.28819,1.28832,2.10,2.44
2013.05.03 10:12:04.934,1.28825,1.28835,1.50,1.13
2013.05.03 10:12:04.993,1.28825,1.28837,1.13,2.48
2013.05.03 10:12:05.054,1.28828,1.2884,2.10,1.73
2013.05.03 10:12:05.174,1.28831,1.28843,2.10,2.10
2013.05.03 10:12:05.233,1.28833,1.28843,1.35,1.28
2013.05.03 10:12:05.782,1.28831,1.2885,4.17,1.69
2013.05.03 10:12:05.903,1.28831,1.28847,3.23,2.33
2013.05.03 10:12:06.733,1.28834,1.28848,2.03,2.10
2013.05.03 10:12:07.284,1.28833,1.28846,1.95,1.35
2013.05.03 10:12:07.404,1.28835,1.28849,3.38,2.93
2013.05.03 10:12:07.464,1.28835,1.28849,3.98,2.48
2013.05.03 10:12:08.004,1.28834,1.28848,1.73,1.20
2013.05.03 10:12:08.492,1.28834,1.28848,2.25,1.73
2013.05.03 10:12:08.613,1.28836,1.28848,1.35,1.73
2013.05.03 10:12:12.026,1.28838,1.28848,1.50,1.13
2013.05.03 10:12:12.092,1.28838,1.28849,1.50,1.65
2013.05.03 10:12:14.243,1.28838,1.28849,1.13,1.65
2013.05.03 10:12:15.244,1.28836,1.28848,1.35,2.89
2013.05.03 10:12:15.782,1.28835,1.28846,1.50,2.18
2013.05.03 10:12:16.292,1.28835,1.28846,1.50,1.35
2013.05.03 10:12:19.163,1.28834,1.28846,1.73,1.73
2013.05.03 10:12:19.285,1.28834,1.28846,1.35,1.35
2013.05.03 10:12:19.345,1.28834,1.28846,1.35,1.73
2013.05.03 10:12:20.373,1.28831,1.28844,1.50,3.23
2013.05.03 10:12:22.213,1.2883,1.28843,1.73,1.02
2013.05.03 10:12:22.543,1.28829,1.28839,2.70,1.47
2013.05.03 10:12:22.673,1.28826,1.28838,1.50,2.03
2013.05.03 10:12:22.734,1.28825,1.28837,1.35,2.25
2013.05.03 10:12:22.793,1.28822,1.28834,1.73,1.88
2013.05.03 10:12:22.914,1.28821,1.28832,1.50,1.20
2013.05.03 10:12:23.333,1.28816,1.28829,1.13,2.63
2013.05.03 10:12:23.900,1.28816,1.2883,1.73,1.73
2013.05.03 10:12:24.252,1.28816,1.2883,1.73,1.73
2013.05.03 10:12:24.373,1.28818,1.2883,1.28,1.35
2013.05.03 10:12:24.612,1.28821,1.28833,3.23,1.13
2013.05.03 10:12:24.914,1.28821,1.28831,2.48,1.65
2013.05.03 10:12:25.153,1.2882,1.28828,1.43,1.50
2013.05.03 10:12:25.273,1.28813,1.28827,3.38,1.35
2013.05.03 10:12:25.455,1.28815,1.28828,2.63,1.35
2013.05.03 10:12:25.813,1.28813,1.28826,2.63,1.58
2013.05.03 10:12:27.443,1.28814,1.28825,1.50,1.35
2013.05.03 10:12:28.853,1.28813,1.28826,1.58,3.23
2013.05.03 10:12:29.803,1.28817,1.28826,1.13,2.10
2013.05.03 10:12:30.223,1.28818,1.28828,2.85,1.50
2013.05.03 10:12:30.763,1.28818,1.2883,1.50,1.50
2013.05.03 10:12:33.432,1.28818,1.28829,2.93,1.50
2013.05.03 10:12:33.982,1.28818,1.28829,2.10,1.50
2013.05.03 10:12:36.083,1.28818,1.28831,4.20,1.20
2013.05.03 10:12:36.203,1.28821,1.28833,2.25,2.10
2013.05.03 10:12:40.403,1.28821,1.28833,1.50,3.00
2013.05.03 10:12:42.796,1.28821,1.28832,1.50,1.65
2013.05.03 10:12:43.304,1.28821,1.28832,1.88,1.13
2013.05.03 10:12:45.673,1.28821,1.28833,1.88,1.73
2013.05.03 10:12:46.236,1.28821,1.28832,1.88,1.13
2013.05.03 10:12:47.883,1.28821,1.28832,1.88,1.13
2013.05.03 10:12:48.498,1.28821,1.28832,1.88,1.65
2013.05.03 10:12:48.983,1.28821,1.28831,1.88,1.50
2013.05.03 10:12:49.704,1.28814,1.28822,3.23,1.88
2013.05.03 10:12:49.805,1.288,1.28811,1.35,1.65
2013.05.03 10:12:50.137,1.28797,1.2881,1.50,3.45
2013.05.03 10:12:50.563,1.288,1.28811,3.23,1.13
2013.05.03 10:12:50.864,1.28802,1.28814,2.48,1.88
2013.05.03 10:12:51.406,1.28804,1.28814,1.35,1.13
2013.05.03 10:12:51.713,1.28801,1.28812,1.50,1.50
2013.05.03 10:12:52.288,1.288,1.28812,2.10,1.50
2013.05.03 10:12:52.972,1.288,1.28813,2.85,1.95
2013.05.03 10:12:53.094,1.28804,1.28815,2.10,1.28
2013.05.03 10:12:53.274,1.28803,1.28814,1.58,1.50
2013.05.03 10:12:53.632,1.288,1.28811,3.23,1.88
2013.05.03 10:12:54.023,1.28801,1.28813,1.50,3.23
2013.05.03 10:12:54.083,1.28801,1.28813,2.10,1.95
2013.05.03 10:12:56.693,1.28802,1.28814,1.50,2.33
2013.05.03 10:12:56.753,1.288,1.28812,1.58,1.50
2013.05.03 10:12:57.174,1.28796,1.28809,2.48,2.10
2013.05.03 10:12:57.235,1.28796,1.28807,1.73,1.28
2013.05.03 10:12:57.727,1.28794,1.28805,2.10,1.20
2013.05.03 10:12:58.633,1.28794,1.28806,2.10,2.33
2013.05.03 10:12:59.215,1.28794,1.28806,1.35,2.48
2013.05.03 10:12:59.573,1.2879,1.28801,1.35,1.13
2013.05.03 10:13:00.090,1.2879,1.28801,2.10,1.50
2013.05.03 10:13:00.933,1.28789,1.28802,2.63,1.50
2013.05.03 10:13:01.112,1.28792,1.28802,2.33,1.13
2013.05.03 10:13:01.593,1.28793,1.28805,1.35,1.88
2013.05.03 10:13:01.963,1.28795,1.28806,2.33,1.32
2013.05.03 10:13:02.083,1.28798,1.28808,1.35,1.47
2013.05.03 10:13:02.575,1.28798,1.28808,1.35,1.13
2013.05.03 10:13:02.633,1.28796,1.28806,1.35,1.20
2013.05.03 10:13:05.582,1.28797,1.28808,1.35,2.63
2013.05.03 10:13:07.529,1.28797,1.28808,1.35,2.40
2013.05.03 10:13:07.596,1.28797,1.28808,1.35,2.03
2013.05.03 10:13:08.652,1.28797,1.28808,1.50,1.20
2013.05.03 10:13:09.353,1.28798,1.2881,1.35,2.48
2013.05.03 10:13:10.054,1.288,1.2881,1.35,1.88
2013.05.03 10:13:10.593,1.28798,1.2881,1.35,2.48
2013.05.03 10:13:13.564,1.28804,1.28814,1.50,1.05
2013.05.03 10:13:13.925,1.28806,1.28818,2.10,1.65
2013.05.03 10:13:14.551,1.28807,1.28818,1.50,2.78
2013.05.03 10:13:14.854,1.28807,1.2882,1.50,2.48
2013.05.03 10:13:15.525,1.28807,1.2882,1.50,2.48
2013.05.03 10:13:18.744,1.28806,1.28817,1.35,1.13
2013.05.03 10:13:19.493,1.28805,1.28817,2.10,2.67
2013.05.03 10:13:19.553,1.28805,1.28817,2.10,2.67
2013.05.03 10:13:21.973,1.28805,1.28817,2.10,3.04
2013.05.03 10:13:22.568,1.28806,1.28819,2.10,2.82
2013.05.03 10:13:24.362,1.28806,1.28819,2.10,2.07
2013.05.03 10:13:25.952,1.28806,1.28819,2.10,1.88
2013.05.03 10:13:26.493,1.28807,1.28817,1.58,1.13
2013.05.03 10:13:27.032,1.28806,1.28817,1.35,1.13
2013.05.03 10:13:28.775,1.28807,1.28818,1.35,1.50
2013.05.03 10:13:28.835,1.28807,1.28818,1.35,1.28
2013.05.03 10:13:29.253,1.28809,1.2882,1.35,1.88
2013.05.03 10:13:29.373,1.28809,1.28822,2.10,3.00
2013.05.03 10:13:29.613,1.28812,1.28822,1.35,1.88
2013.05.03 10:13:30.562,1.28808,1.28822,1.35,2.48
2013.05.03 10:13:31.073,1.28808,1.28822,1.35,3.04
2013.05.03 10:13:31.133,1.28808,1.28821,1.35,2.07
2013.05.03 10:13:32.714,1.28807,1.28817,1.43,1.65
2013.05.03 10:13:32.833,1.28805,1.28816,1.35,1.65
2013.05.03 10:13:32.953,1.28803,1.28813,2.10,1.65
2013.05.03 10:13:33.312,1.28801,1.2881,1.88,1.65
2013.05.03 10:13:33.432,1.28798,1.28809,1.32,1.50
2013.05.03 10:13:34.323,1.28797,1.28809,1.35,2.25
2013.05.03 10:13:34.984,1.28798,1.2881,1.50,1.73
2013.05.03 10:13:35.165,1.28802,1.28814,2.85,3.00
2013.05.03 10:13:35.283,1.28803,1.28814,1.88,1.88
2013.05.03 10:13:35.803,1.28803,1.28814,2.48,1.13
2013.05.03 10:13:36.453,1.28803,1.28813,2.48,1.32
2013.05.03 10:13:36.693,1.28799,1.2881,1.35,1.84
2013.05.03 10:13:37.863,1.28797,1.2881,1.35,2.33
2013.05.03 10:13:39.043,1.288,1.28811,1.35,3.04
2013.05.03 10:13:39.833,1.288,1.28811,1.35,2.67
2013.05.03 10:13:40.074,1.28803,1.28814,1.50,1.73
2013.05.03 10:13:40.434,1.2881,1.28816,1.50,1.88
2013.05.03 10:13:40.674,1.28816,1.28827,2.70,1.50
2013.05.03 10:13:40.797,1.2882,1.28829,2.18,2.22
2013.05.03 10:13:40.865,1.2882,1.2883,2.18,1.69
2013.05.03 10:13:41.423,1.2882,1.28829,1.35,1.47
2013.05.03 10:13:42.573,1.28818,1.28829,2.55,1.69
2013.05.03 10:13:42.695,1.28818,1.28825,2.18,1.50
2013.05.03 10:13:42.766,1.28814,1.28824,1.35,2.22
2013.05.03 10:13:42.834,1.28811,1.28823,1.35,1.50
2013.05.03 10:13:43.399,1.2881,1.28824,1.73,3.42
2013.05.03 10:13:43.825,1.28811,1.28824,3.00,1.95
2013.05.03 10:13:43.886,1.28811,1.28825,3.00,2.18
2013.05.03 10:13:44.014,1.28815,1.28827,1.35,1.50
2013.05.03 10:13:44.193,1.28817,1.28829,1.35,2.70
2013.05.03 10:13:44.374,1.28817,1.28828,1.35,1.92
2013.05.03 10:13:45.552,1.28817,1.28828,1.35,1.92
2013.05.03 10:13:46.475,1.28817,1.28828,1.35,2.67
2013.05.03 10:13:47.012,1.28815,1.28828,1.35,2.48
2013.05.03 10:13:49.207,1.28815,1.28827,1.35,1.50
2013.05.03 10:13:49.274,1.28815,1.28827,1.35,2.40
2013.05.03 10:13:49.343,1.28815,1.28824,1.35,1.47
2013.05.03 10:13:49.524,1.2881,1.28822,1.35,1.35
2013.05.03 10:13:50.074,1.28809,1.28821,1.50,1.35
2013.05.03 10:13:51.033,1.28809,1.2882,1.50,1.50
2013.05.03 10:13:51.722,1.28808,1.2882,1.13,3.08
2013.05.03 10:13:52.452,1.28807,1.2882,1.73,2.40
2013.05.03 10:13:53.232,1.28807,1.2882,1.13,3.83
2013.05.03 10:13:59.362,1.28807,1.28819,1.13,1.35
2013.05.03 10:14:00.280,1.28807,1.28819,1.13,2.10
2013.05.03 10:14:02.904,1.28808,1.28819,1.50,1.35
2013.05.03 10:14:04.403,1.28808,1.28819,1.50,2.10
2013.05.03 10:14:04.965,1.28807,1.28818,1.13,1.58
2013.05.03 10:14:05.636,1.28805,1.28816,2.25,1.43
2013.05.03 10:14:05.823,1.28805,1.28817,2.25,1.35
2013.05.03 10:14:06.592,1.28805,1.28817,1.50,1.35
2013.05.03 10:14:06.714,1.28802,1.28815,3.38,3.60
2013.05.03 10:14:06.834,1.288,1.28813,1.50,2.48
2013.05.03 10:14:07.192,1.28799,1.28808,1.50,1.35
2013.05.03 10:14:07.373,1.28796,1.28808,2.25,1.35
2013.05.03 10:14:12.723,1.28797,1.2881,1.58,1.35
2013.05.03 10:14:13.311,1.28797,1.2881,2.33,1.35
2013.05.03 10:14:17.023,1.28797,1.2881,1.50,3.23
2013.05.03 10:14:17.564,1.28796,1.28808,1.35,1.35
2013.05.03 10:14:18.328,1.28795,1.28808,1.13,1.58
2013.05.03 10:14:19.044,1.28795,1.28808,1.13,1.58
2013.05.03 10:14:20.240,1.28797,1.2881,1.35,2.03
2013.05.03 10:14:20.772,1.28798,1.2881,1.84,1.50
2013.05.03 10:14:21.104,1.288,1.2881,1.58,1.50
2013.05.03 10:14:22.142,1.28799,1.2881,1.28,1.50
2013.05.03 10:14:25.469,1.28798,1.2881,1.84,2.93
2013.05.03 10:14:28.472,1.28796,1.28809,1.35,1.35
2013.05.03 10:14:32.083,1.28796,1.28809,1.35,1.35
2013.05.03 10:14:32.594,1.28797,1.28808,1.28,2.18
2013.05.03 10:14:33.380,1.28797,1.2881,1.28,2.48
2013.05.03 10:14:41.103,1.28796,1.28808,1.35,2.25
2013.05.03 10:14:41.225,1.28793,1.28805,1.88,3.23
2013.05.03 10:14:41.526,1.28793,1.28802,1.13,1.43
2013.05.03 10:14:42.903,1.28792,1.28804,1.50,1.43
2013.05.03 10:14:42.963,1.28793,1.28805,1.35,1.73
2013.05.03 10:14:43.523,1.28792,1.28805,1.50,3.60
2013.05.03 10:14:43.763,1.28789,1.28799,1.35,2.82
2013.05.03 10:14:43.824,1.28787,1.28798,3.60,1.13
2013.05.03 10:14:44.183,1.28782,1.28791,1.50,1.39
2013.05.03 10:14:44.423,1.28779,1.2879,2.25,2.48
2013.05.03 10:14:44.486,1.28779,1.2879,1.50,2.48
2013.05.03 10:14:44.794,1.28776,1.28788,1.20,1.17
2013.05.03 10:14:44.855,1.28775,1.28786,1.50,1.32
2013.05.03 10:14:45.034,1.28774,1.28785,2.10,1.32
2013.05.03 10:14:45.154,1.28774,1.28784,1.50,2.48
2013.05.03 10:14:45.452,1.28774,1.28786,1.50,2.18
2013.05.03 10:14:48.023,1.28774,1.28786,2.25,1.43
2013.05.03 10:14:48.634,1.28776,1.28788,1.50,3.57
2013.05.03 10:14:48.875,1.28777,1.2879,1.88,1.77
2013.05.03 10:14:49.429,1.2878,1.2879,1.50,1.92
2013.05.03 10:14:49.793,1.2878,1.2879,1.50,3.19
2013.05.03 10:14:52.274,1.2878,1.2879,1.50,2.44
2013.05.03 10:14:52.405,1.2878,1.2879,1.50,1.17
2013.05.03 10:14:58.123,1.28781,1.28793,2.25,1.58
2013.05.03 10:14:58.183,1.28783,1.28794,1.88,1.50
2013.05.03 10:14:58.364,1.28784,1.28797,3.45,1.35
2013.05.03 10:14:58.425,1.28786,1.28799,1.95,1.13
2013.05.03 10:14:58.544,1.28788,1.28801,1.50,1.35
2013.05.03 10:14:58.908,1.28796,1.28802,2.85,1.32
2013.05.03 10:14:59.093,1.28795,1.28806,2.55,1.32
2013.05.03 10:14:59.333,1.28794,1.28806,2.10,1.32
2013.05.03 10:14:59.394,1.28794,1.28805,2.10,1.32
2013.05.03 10:14:59.453,1.28794,1.28804,1.35,1.69
2013.05.03 10:14:59.634,1.2879,1.28801,1.58,1.47
2013.05.03 10:15:00.427,1.28786,1.28795,1.13,1.13
2013.05.03 10:15:00.498,1.28782,1.28793,3.00,1.65
2013.05.03 10:15:00.564,1.28782,1.28793,1.35,2.59
2013.05.03 10:15:00.683,1.2878,1.28792,1.13,3.53
2013.05.03 10:15:01.227,1.2878,1.28791,1.13,2.63
2013.05.03 10:15:02.374,1.28778,1.2879,1.50,1.20
2013.05.03 10:15:02.446,1.28777,1.28787,1.88,1.13
2013.05.03 10:15:02.575,1.28773,1.28786,3.00,1.73
2013.05.03 10:15:02.634,1.28773,1.28784,1.13,1.13
2013.05.03 10:15:03.174,1.28772,1.28783,1.13,1.35
2013.05.03 10:15:03.534,1.28779,1.28785,1.50,2.10
2013.05.03 10:15:03.714,1.28783,1.28793,1.50,2.25
2013.05.03 10:15:03.774,1.28785,1.28796,1.35,1.50
2013.05.03 10:15:04.313,1.28782,1.28796,1.35,1.88
2013.05.03 10:15:05.235,1.28782,1.28795,1.35,1.20
2013.05.03 10:15:05.833,1.28782,1.28796,1.73,1.88
2013.05.03 10:15:08.233,1.28784,1.28797,3.23,2.03
2013.05.03 10:15:08.743,1.28787,1.28798,2.10,1.35
2013.05.03 10:15:08.863,1.28791,1.28803,1.50,2.93
2013.05.03 10:15:09.103,1.28793,1.28804,3.23,1.50
2013.05.03 10:15:09.163,1.28794,1.28804,1.58,1.13
2013.05.03 10:15:09.242,1.28795,1.28806,1.88,1.65
2013.05.03 10:15:09.303,1.28792,1.28805,1.80,1.50
2013.05.03 10:15:09.483,1.28792,1.28804,1.80,1.28
2013.05.03 10:15:09.665,1.28789,1.28801,1.35,1.35
2013.05.03 10:15:09.976,1.2879,1.28803,1.58,1.73
2013.05.03 10:15:10.103,1.28791,1.28803,2.48,1.13
2013.05.03 10:15:11.198,1.28793,1.28805,1.92,3.23
2013.05.03 10:15:11.333,1.28799,1.28811,1.50,1.58
2013.05.03 10:15:11.873,1.288,1.28812,2.70,1.50
2013.05.03 10:15:11.933,1.288,1.28813,3.98,2.44
2013.05.03 10:15:15.103,1.288,1.28812,3.23,1.50
2013.05.03 10:15:15.663,1.28801,1.28813,3.23,1.13
2013.05.03 10:15:16.593,1.28801,1.28813,1.35,1.95
2013.05.03 10:15:17.394,1.28799,1.28812,3.98,1.13
2013.05.03 10:15:20.843,1.28799,1.2881,2.10,1.13
2013.05.03 10:15:20.905,1.28799,1.2881,1.13,1.95
2013.05.03 10:15:21.084,1.28795,1.28808,1.88,1.73
2013.05.03 10:15:21.323,1.28795,1.28806,1.88,1.20
2013.05.03 10:15:21.764,1.28792,1.28805,3.08,1.13
2013.05.03 10:15:23.209,1.28797,1.28808,1.35,1.13
2013.05.03 10:15:26.409,1.28796,1.28807,1.43,2.07
2013.05.03 10:15:26.834,1.28796,1.28805,1.43,1.50
2013.05.03 10:15:26.893,1.28796,1.28805,1.43,1.13
2013.05.03 10:15:27.073,1.28793,1.28805,1.43,1.13
2013.05.03 10:15:27.134,1.28794,1.28805,1.58,1.13
2013.05.03 10:15:27.515,1.28795,1.28805,2.48,1.13
2013.05.03 10:15:28.063,1.28795,1.28806,2.48,1.50
2013.05.03 10:15:31.553,1.28793,1.28806,2.33,2.10
2013.05.03 10:15:35.454,1.28794,1.28805,1.73,1.13
2013.05.03 10:15:36.019,1.28793,1.28806,2.03,1.50
2013.05.03 10:15:36.615,1.28793,1.28805,1.13,1.50
2013.05.03 10:15:37.244,1.28793,1.28806,1.95,1.35
2013.05.03 10:15:38.043,1.28793,1.28804,1.20,1.35
2013.05.03 10:15:41.073,1.28792,1.28803,4.20,1.69
2013.05.03 10:15:41.374,1.28793,1.28804,1.35,1.50
2013.05.03 10:15:41.436,1.28792,1.28804,3.60,1.50
2013.05.03 10:15:42.223,1.28793,1.28804,1.50,1.50
2013.05.03 10:15:42.768,1.28794,1.28805,2.48,1.32
2013.05.03 10:15:43.072,1.28793,1.28806,1.50,1.73
2013.05.03 10:15:55.513,1.28793,1.28806,1.88,1.35
2013.05.03 10:16:00.463,1.28793,1.28806,2.63,1.35
2013.05.03 10:16:00.703,1.28797,1.2881,2.63,2.82
2013.05.03 10:16:00.823,1.28799,1.2881,1.88,1.47
2013.05.03 10:16:01.184,1.28796,1.28808,2.70,1.35
2013.05.03 10:16:01.363,1.28796,1.2881,1.35,1.88
2013.05.03 10:16:01.913,1.28795,1.28805,1.13,1.35
2013.05.03 10:16:02.425,1.28794,1.28806,1.95,1.35
2013.05.03 10:16:12.463,1.28794,1.28804,1.35,1.35
2013.05.03 10:16:15.547,1.28794,1.28804,1.35,1.35
2013.05.03 10:16:22.143,1.28794,1.28804,1.35,1.73
2013.05.03 10:16:22.564,1.28791,1.28801,1.88,1.50
2013.05.03 10:16:24.002,1.28792,1.28804,2.18,1.13
2013.05.03 10:16:25.872,1.28792,1.28804,1.35,1.35
2013.05.03 10:16:27.244,1.28792,1.28805,1.58,2.22
2013.05.03 10:16:27.816,1.28792,1.28805,2.33,1.50
2013.05.03 10:16:28.953,1.28793,1.28807,2.10,1.88
2013.05.03 10:16:29.074,1.28794,1.28807,2.63,1.28
2013.05.03 10:16:31.123,1.28793,1.28805,2.10,1.95
2013.05.03 10:16:38.413,1.28795,1.28804,1.69,1.35
2013.05.03 10:16:38.535,1.28799,1.2881,1.50,1.50
2013.05.03 10:16:38.597,1.28801,1.2881,2.25,1.50
2013.05.03 10:16:38.904,1.28813,1.28824,2.63,1.58
2013.05.03 10:16:38.964,1.28813,1.28826,4.35,2.25
2013.05.03 10:16:39.024,1.28813,1.28826,3.08,1.13
2013.05.03 10:16:39.143,1.28813,1.28828,3.23,2.33
2013.05.03 10:16:39.443,1.28814,1.28828,1.88,2.10
2013.05.03 10:16:39.744,1.28813,1.28826,1.13,2.63
2013.05.03 10:16:40.943,1.28812,1.28825,1.88,1.95
2013.05.03 10:16:41.302,1.28811,1.28823,2.63,1.88
2013.05.03 10:16:44.203,1.28811,1.28825,3.23,3.60
2013.05.03 10:16:44.523,1.28811,1.28824,3.23,1.73
2013.05.03 10:16:45.687,1.28814,1.28825,3.23,2.48
2013.05.03 10:16:45.759,1.28814,1.28825,3.79,1.20
2013.05.03 10:16:45.829,1.28819,1.28829,1.50,1.80
2013.05.03 10:16:45.954,1.2882,1.28833,1.35,1.13
2013.05.03 10:16:46.014,1.28821,1.28834,1.50,3.23
2013.05.03 10:16:46.373,1.28821,1.28834,1.50,2.67
2013.05.03 10:16:47.324,1.28821,1.28832,1.88,2.63
2013.05.03 10:16:47.444,1.28821,1.28834,1.88,2.55
2013.05.03 10:16:47.914,1.28824,1.28834,1.50,1.43
2013.05.03 10:16:47.974,1.28824,1.28836,1.88,1.58
2013.05.03 10:16:48.749,1.28828,1.28837,1.50,2.33
2013.05.03 10:16:48.883,1.28829,1.28842,1.35,1.28
2013.05.03 10:16:49.184,1.28829,1.28843,2.18,1.50
2013.05.03 10:16:49.425,1.28829,1.28844,1.43,1.35
2013.05.03 10:16:49.663,1.28829,1.28843,1.95,2.63
2013.05.03 10:16:49.723,1.28831,1.28843,3.00,1.35
2013.05.03 10:16:50.523,1.28831,1.28844,3.00,2.10
2013.05.03 10:16:54.893,1.28831,1.28843,2.25,1.50
2013.05.03 10:16:55.026,1.2883,1.28841,1.13,1.95
2013.05.03 10:16:55.168,1.28822,1.28832,1.88,2.48
2013.05.03 10:16:55.394,1.28819,1.28826,1.95,2.48
2013.05.03 10:16:55.471,1.28813,1.28826,1.28,2.48
2013.05.03 10:16:55.714,1.28811,1.28824,1.13,2.63
2013.05.03 10:16:55.774,1.2881,1.28824,1.50,2.63
2013.05.03 10:16:56.503,1.28811,1.28825,1.05,2.33
2013.05.03 10:16:57.378,1.28811,1.28825,1.05,2.07
2013.05.03 10:16:58.943,1.28811,1.28825,1.05,1.35
2013.05.03 10:17:00.715,1.28812,1.28825,1.58,2.10
2013.05.03 10:17:00.785,1.28803,1.2882,2.63,1.13
2013.05.03 10:17:00.962,1.28798,1.28815,1.13,2.03
2013.05.03 10:17:01.024,1.28798,1.28808,1.13,2.07
2013.05.03 10:17:01.575,1.28791,1.28804,1.35,1.32
2013.05.03 10:17:01.933,1.28793,1.28806,1.58,1.17
2013.05.03 10:17:02.179,1.28794,1.28808,4.35,2.10
2013.05.03 10:17:03.183,1.28794,1.28808,3.75,1.35
2013.05.03 10:17:04.373,1.28797,1.28808,1.50,1.35
2013.05.03 10:17:04.914,1.28794,1.28808,3.08,1.47
2013.05.03 10:17:05.033,1.28794,1.28806,2.25,1.32
2013.05.03 10:17:05.334,1.28791,1.28802,3.00,1.47
2013.05.03 10:17:05.693,1.28791,1.28802,3.00,1.47
2013.05.03 10:17:06.246,1.28793,1.28803,1.50,1.47
2013.05.03 10:17:06.317,1.28793,1.28804,1.50,1.50
2013.05.03 10:17:06.447,1.28794,1.28806,1.50,2.48
2013.05.03 10:17:06.574,1.28794,1.28807,2.10,1.58
2013.05.03 10:17:06.694,1.28795,1.28808,1.35,1.88
2013.05.03 10:17:07.244,1.28796,1.28808,1.50,1.35
2013.05.03 10:17:07.373,1.28796,1.28808,1.50,1.35
2013.05.03 10:17:07.805,1.28797,1.28808,1.88,1.35
2013.05.03 10:17:07.986,1.28802,1.28813,2.25,1.13
2013.05.03 10:17:08.306,1.28799,1.28812,1.50,2.14
2013.05.03 10:17:08.434,1.28799,1.28811,1.50,1.35
2013.05.03 10:17:10.114,1.28798,1.2881,1.13,1.13
2013.05.03 10:17:10.234,1.28796,1.28808,1.50,2.78
2013.05.03 10:17:10.354,1.28794,1.28807,2.10,2.78
2013.05.03 10:17:10.894,1.28794,1.28806,1.50,1.73
2013.05.03 10:17:11.824,1.28793,1.28805,2.10,1.35
2013.05.03 10:17:12.391,1.28793,1.28803,1.35,2.07
2013.05.03 10:17:12.940,1.28792,1.28803,1.73,2.07
2013.05.03 10:17:13.243,1.28791,1.28803,1.13,2.07
2013.05.03 10:17:13.753,1.2879,1.28803,1.13,2.07
2013.05.03 10:17:16.507,1.28788,1.28798,1.20,1.13
2013.05.03 10:17:16.580,1.28786,1.28796,2.63,1.69
2013.05.03 10:17:16.705,1.28783,1.28793,1.73,1.54
2013.05.03 10:17:16.765,1.28781,1.2879,1.28,1.69
2013.05.03 10:17:17.004,1.28777,1.28787,2.33,1.69
2013.05.03 10:17:17.363,1.28772,1.28786,2.48,1.32
2013.05.03 10:17:17.543,1.28773,1.28787,3.23,3.04
2013.05.03 10:17:18.107,1.28773,1.28785,2.48,1.32
2013.05.03 10:17:18.433,1.28776,1.28785,1.35,1.17
2013.05.03 10:17:18.983,1.28776,1.28785,1.35,2.07
2013.05.03 10:17:19.284,1.28776,1.28787,1.35,2.82
2013.05.03 10:17:22.564,1.28775,1.28787,1.58,2.25
2013.05.03 10:17:23.193,1.28777,1.28787,1.35,2.10
2013.05.03 10:17:23.314,1.28777,1.28787,1.35,2.10
2013.05.03 10:17:23.612,1.28774,1.28787,2.78,3.04
2013.05.03 10:17:24.115,1.28773,1.28786,2.48,2.78
2013.05.03 10:17:24.605,1.28773,1.28783,2.48,1.47
2013.05.03 10:17:24.977,1.28771,1.28783,1.50,2.29
2013.05.03 10:17:25.564,1.28771,1.28781,1.50,1.47
2013.05.03 10:17:25.865,1.28762,1.28775,1.73,1.50
2013.05.03 10:17:26.106,1.28766,1.28778,1.13,1.35
2013.05.03 10:17:26.224,1.28768,1.28778,1.50,1.35
2013.05.03 10:17:26.292,1.2877,1.28781,1.88,1.09
2013.05.03 10:17:26.415,1.28772,1.28782,1.88,1.13
2013.05.03 10:17:26.475,1.28772,1.28783,2.63,1.13
2013.05.03 10:17:26.725,1.28774,1.28786,1.58,1.35
2013.05.03 10:17:26.785,1.28777,1.28788,2.40,1.50
2013.05.03 10:17:27.263,1.28775,1.28788,3.60,1.58
2013.05.03 10:17:27.323,1.28775,1.28788,3.23,1.58
2013.05.03 10:17:28.814,1.28775,1.28788,2.48,4.73
2013.05.03 10:17:28.892,1.28775,1.28787,2.48,1.35
2013.05.03 10:17:29.100,1.28772,1.28785,1.50,1.20
2013.05.03 10:17:33.563,1.28771,1.28786,3.23,3.90
2013.05.03 10:17:33.624,1.28773,1.28786,1.35,1.88
2013.05.03 10:17:34.156,1.28774,1.28787,1.35,3.15
2013.05.03 10:17:34.933,1.28774,1.28787,1.35,3.15
2013.05.03 10:17:38.523,1.28774,1.28787,1.35,2.97
2013.05.03 10:17:39.634,1.28773,1.28785,1.35,1.92
2013.05.03 10:17:40.209,1.28772,1.28785,1.50,2.67
2013.05.03 10:17:40.564,1.28768,1.2878,1.58,1.50
2013.05.03 10:17:40.744,1.28766,1.2878,1.73,2.29
2013.05.03 10:17:41.224,1.28767,1.28777,1.50,1.50
2013.05.03 10:17:41.527,1.28769,1.2878,1.50,1.13
2013.05.03 10:17:42.073,1.28769,1.28781,1.50,2.67
2013.05.03 10:17:42.534,1.2877,1.28781,1.50,1.20
2013.05.03 10:17:42.783,1.2877,1.28783,2.10,1.65
2013.05.03 10:17:43.725,1.28774,1.28784,1.88,1.13
2013.05.03 10:17:44.083,1.28776,1.28788,2.18,1.50
2013.05.03 10:17:45.363,1.28775,1.28787,1.95,2.07
2013.05.03 10:17:45.923,1.28773,1.28785,1.73,1.35
2013.05.03 10:17:47.353,1.28772,1.28785,2.33,1.35
2013.05.03 10:17:49.358,1.28772,1.28785,2.33,1.35
2013.05.03 10:17:49.439,1.28774,1.28787,1.43,1.88
2013.05.03 10:17:52.143,1.28772,1.28784,2.63,1.35
2013.05.03 10:17:57.923,1.28772,1.28784,1.88,1.35
2013.05.03 10:17:58.463,1.2877,1.28782,1.50,1.35
2013.05.03 10:17:59.144,1.28773,1.28783,1.50,1.43
2013.05.03 10:17:59.503,1.28774,1.28786,3.23,1.13
2013.05.03 10:18:01.004,1.28775,1.28787,2.48,1.50
2013.05.03 10:18:01.424,1.28773,1.28786,1.13,1.35
2013.05.03 10:18:02.025,1.28772,1.28786,2.10,2.10
2013.05.03 10:18:02.326,1.28772,1.28784,1.43,1.65
2013.05.03 10:18:02.635,1.28774,1.28784,1.28,1.65
2013.05.03 10:18:02.953,1.28772,1.28783,2.78,1.35
2013.05.03 10:18:03.073,1.28774,1.28785,2.48,1.13
2013.05.03 10:18:03.254,1.28774,1.28786,3.23,2.25
2013.05.03 10:18:03.615,1.28777,1.28788,1.88,1.50
2013.05.03 10:18:03.975,1.28774,1.28784,1.88,1.50
2013.05.03 10:18:04.094,1.28772,1.28783,1.13,1.50
2013.05.03 10:18:04.798,1.28772,1.28785,1.88,2.48
2013.05.03 10:18:04.925,1.28773,1.28785,3.15,1.88
2013.05.03 10:18:05.283,1.28775,1.28785,1.88,1.13
2013.05.03 10:18:06.572,1.28774,1.28785,1.95,1.13
2013.05.03 10:18:07.724,1.28774,1.28787,1.73,1.50
2013.05.03 10:18:07.914,1.28776,1.28788,2.22,1.35
2013.05.03 10:18:08.044,1.28777,1.28788,1.35,1.50
2013.05.03 10:18:08.284,1.28775,1.28786,1.88,1.47
2013.05.03 10:18:08.343,1.28773,1.28786,2.85,1.47
2013.05.03 10:18:08.817,1.28774,1.28784,1.35,1.13
2013.05.03 10:18:09.004,1.28772,1.28782,2.10,1.47
2013.05.03 10:18:09.123,1.28772,1.28782,1.35,1.69
2013.05.03 10:18:09.304,1.28764,1.28775,1.13,1.69
2013.05.03 10:18:09.484,1.28763,1.28774,1.13,2.82
2013.05.03 10:18:10.182,1.28759,1.28771,1.73,1.35
2013.05.03 10:18:10.314,1.28758,1.28768,1.95,1.13
2013.05.03 10:18:10.434,1.28756,1.28765,1.35,1.13
2013.05.03 10:18:10.623,1.28753,1.28764,1.50,1.65
2013.05.03 10:18:10.713,1.28751,1.28764,2.10,1.65
2013.05.03 10:18:10.780,1.28751,1.28763,1.35,1.47
2013.05.03 10:18:12.437,1.28751,1.28763,1.65,2.10
2013.05.03 10:18:12.624,1.28751,1.28763,2.25,1.50
2013.05.03 10:18:16.823,1.2875,1.28763,3.00,2.10
2013.05.03 10:18:17.004,1.2875,1.28761,1.50,1.32
2013.05.03 10:18:17.065,1.28749,1.28761,1.50,1.92
2013.05.03 10:18:17.126,1.28747,1.28755,1.35,1.50
2013.05.03 10:18:17.194,1.28744,1.28755,1.13,1.88
2013.05.03 10:18:17.777,1.28741,1.28755,1.88,2.48
2013.05.03 10:18:18.103,1.28741,1.28755,1.73,2.63
2013.05.03 10:18:19.356,1.2874,1.2875,1.50,1.47
2013.05.03 10:18:19.715,1.28735,1.28746,1.58,2.48
2013.05.03 10:18:19.835,1.28733,1.28743,1.50,1.58
2013.05.03 10:18:20.074,1.2873,1.2874,1.88,1.35
2013.05.03 10:18:20.614,1.28729,1.2874,1.50,1.35
2013.05.03 10:18:22.004,1.28733,1.28743,1.50,1.50
2013.05.03 10:18:22.243,1.28736,1.28747,2.48,1.69
2013.05.03 10:18:23.155,1.28737,1.28748,1.35,1.88
2013.05.03 10:18:24.353,1.28737,1.28749,2.10,1.65
2013.05.03 10:18:24.533,1.28739,1.28751,2.10,1.13
2013.05.03 10:18:24.835,1.28744,1.28755,1.50,1.88
2013.05.03 10:18:24.954,1.28747,1.28757,2.25,3.23
2013.05.03 10:18:25.258,1.28752,1.28761,1.50,1.28
2013.05.03 10:18:25.391,1.28757,1.28769,1.65,2.55
2013.05.03 10:18:25.459,1.28759,1.28773,3.60,2.10
2013.05.03 10:18:25.525,1.28761,1.28773,1.35,1.35
2013.05.03 10:18:25.585,1.28763,1.28774,1.88,1.50
2013.05.03 10:18:25.826,1.28761,1.28775,1.73,1.35
2013.05.03 10:18:26.373,1.2876,1.28773,1.88,2.18
2013.05.03 10:18:28.143,1.2876,1.28774,1.73,4.05
2013.05.03 10:18:28.753,1.2876,1.28773,1.13,2.48
2013.05.03 10:18:29.314,1.2876,1.28771,1.88,1.35
2013.05.03 10:18:30.453,1.28758,1.2877,1.88,2.48
2013.05.03 10:18:30.994,1.28756,1.28764,1.13,1.13
2013.05.03 10:18:31.116,1.28754,1.28764,1.58,2.44
2013.05.03 10:18:31.186,1.28749,1.28763,2.93,1.47
2013.05.03 10:18:31.433,1.28749,1.28762,1.80,1.47
2013.05.03 10:18:31.794,1.28746,1.2876,2.25,2.48
2013.05.03 10:18:32.214,1.28746,1.28758,1.50,2.03
2013.05.03 10:18:32.764,1.28746,1.28758,1.50,2.03
2013.05.03 10:18:34.215,1.28744,1.28756,1.35,2.29
2013.05.03 10:18:34.574,1.28738,1.28749,1.13,3.23
2013.05.03 10:18:34.704,1.28737,1.28749,2.07,2.48
2013.05.03 10:18:34.823,1.28737,1.2875,2.67,1.50
2013.05.03 10:18:35.063,1.28737,1.2875,1.13,3.98
2013.05.03 10:18:35.243,1.28739,1.2875,2.18,1.50
2013.05.03 10:18:39.094,1.2874,1.28752,1.73,1.50
2013.05.03 10:18:39.214,1.28745,1.28758,1.35,1.35
2013.05.03 10:18:39.336,1.28749,1.2876,1.88,1.20
2013.05.03 10:18:39.755,1.28748,1.28762,1.20,2.33
2013.05.03 10:18:42.915,1.28748,1.28759,1.58,2.44
2013.05.03 10:18:43.095,1.28746,1.28757,1.73,1.77
2013.05.03 10:18:43.285,1.28742,1.28754,2.18,1.73
2013.05.03 10:18:43.345,1.28739,1.28752,1.95,2.25
2013.05.03 10:18:43.414,1.28737,1.28749,2.85,1.20
2013.05.03 10:18:43.655,1.28736,1.28748,1.13,1.58
2013.05.03 10:18:44.194,1.28738,1.28749,1.88,1.50
2013.05.03 10:18:44.433,1.28737,1.28749,1.73,1.35
2013.05.03 10:18:46.144,1.28737,1.2875,2.85,1.58
2013.05.03 10:18:46.655,1.28737,1.28752,3.08,1.50
2013.05.03 10:18:48.693,1.28738,1.28752,1.73,2.25
2013.05.03 10:18:48.762,1.28739,1.28752,3.23,1.65
2013.05.03 10:18:50.943,1.28741,1.28752,2.48,1.65
2013.05.03 10:18:51.923,1.28739,1.28752,1.58,2.25
2013.05.03 10:18:51.983,1.28739,1.28752,2.70,2.25
2013.05.03 10:18:53.355,1.2874,1.28752,1.35,2.25
2013.05.03 10:18:53.714,1.28737,1.28748,1.80,1.65
2013.05.03 10:18:54.013,1.28735,1.28748,2.33,1.65
2013.05.03 10:18:54.334,1.28735,1.28748,3.00,1.65
2013.05.03 10:18:54.974,1.28737,1.28748,1.35,1.65
2013.05.03 10:18:55.335,1.28744,1.28754,2.10,1.35
2013.05.03 10:18:55.694,1.28749,1.28759,1.43,1.88
2013.05.03 10:18:55.993,1.2875,1.28763,2.48,2.82
2013.05.03 10:18:56.174,1.2875,1.28762,1.20,1.69
2013.05.03 10:19:00.163,1.28748,1.28761,1.58,3.04
2013.05.03 10:19:00.564,1.28747,1.28756,2.63,1.32
2013.05.03 10:19:00.624,1.28745,1.28755,3.23,1.50
2013.05.03 10:19:00.744,1.28742,1.28754,2.33,2.22
2013.05.03 10:19:00.935,1.28739,1.28752,1.73,1.50
2013.05.03 10:19:01.483,1.28739,1.28752,2.48,1.50
2013.05.03 10:19:01.735,1.28739,1.28752,2.48,2.07
2013.05.03 10:19:02.223,1.28739,1.2875,2.48,1.13
2013.05.03 10:19:02.298,1.28737,1.2875,4.69,1.69
2013.05.03 10:19:02.494,1.28737,1.2875,4.69,1.47
2013.05.03 10:19:02.673,1.28739,1.28752,1.88,3.94
2013.05.03 10:19:02.856,1.28739,1.28752,3.23,3.60
2013.05.03 10:19:07.227,1.28742,1.28754,1.88,1.50
2013.05.03 10:19:07.594,1.28742,1.28753,1.88,1.47
2013.05.03 10:19:07.653,1.2874,1.28753,1.20,2.07
2013.05.03 10:19:08.193,1.2874,1.2875,1.20,1.47
2013.05.03 10:19:08.675,1.28742,1.28752,1.88,1.50
2013.05.03 10:19:10.604,1.28744,1.28756,2.18,2.10
2013.05.03 10:19:10.907,1.28745,1.28758,2.48,2.03
2013.05.03 10:19:10.964,1.28745,1.28757,2.48,1.50
2013.05.03 10:19:16.205,1.28745,1.28757,1.20,2.10
2013.05.03 10:19:16.694,1.28745,1.28756,1.95,1.50
2013.05.03 10:19:18.467,1.28744,1.28757,2.48,1.65
2013.05.03 10:19:20.140,1.28744,1.28757,2.48,1.65
2013.05.03 10:19:21.154,1.28744,1.28757,2.48,1.65
2013.05.03 10:19:21.764,1.28746,1.28758,1.58,1.47
2013.05.03 10:19:21.944,1.28748,1.28759,2.25,1.95
2013.05.03 10:19:22.065,1.2875,1.2876,1.95,2.10
2013.05.03 10:19:22.603,1.28751,1.28763,1.73,2.03
2013.05.03 10:19:23.124,1.28752,1.28764,1.13,1.32
2013.05.03 10:19:23.433,1.28757,1.28764,1.35,1.32
2013.05.03 10:19:23.737,1.28759,1.28769,2.10,1.65
2013.05.03 10:19:23.806,1.2876,1.28769,2.25,1.50
2013.05.03 10:19:24.163,1.28769,1.28779,1.35,1.32
2013.05.03 10:19:24.464,1.28771,1.28781,1.13,1.32
2013.05.03 10:19:25.355,1.28771,1.28783,1.13,1.09
2013.05.03 10:19:25.475,1.28771,1.28784,1.13,2.07
2013.05.03 10:19:26.035,1.28772,1.28784,1.13,2.10
2013.05.03 10:19:26.780,1.28774,1.28785,1.13,1.50
2013.05.03 10:19:27.341,1.28774,1.28785,1.13,1.50
2013.05.03 10:19:32.084,1.28774,1.28785,1.58,1.50
2013.05.03 10:19:32.506,1.28776,1.28788,1.50,2.63
2013.05.03 10:19:32.685,1.28777,1.28788,3.38,1.88
2013.05.03 10:19:33.044,1.28777,1.28788,2.10,1.50
2013.05.03 10:19:35.544,1.28777,1.28789,2.85,1.35
2013.05.03 10:19:35.664,1.2878,1.2879,1.73,1.50
2013.05.03 10:19:38.666,1.2878,1.28791,1.13,2.25
2013.05.03 10:19:39.365,1.28779,1.28789,1.13,2.10
2013.05.03 10:19:39.773,1.28779,1.28789,1.13,2.10
2013.05.03 10:19:41.353,1.28777,1.28788,1.73,1.50
2013.05.03 10:19:44.003,1.28777,1.28788,1.35,1.50
2013.05.03 10:19:48.168,1.28777,1.28788,1.13,1.88
2013.05.03 10:19:49.194,1.28776,1.28788,1.73,1.88
2013.05.03 10:19:54.614,1.28775,1.28786,1.35,1.13
2013.05.03 10:19:54.916,1.28767,1.28776,2.18,1.13
2013.05.03 10:19:55.035,1.28762,1.28774,1.50,2.52
2013.05.03 10:19:55.094,1.2876,1.28771,1.88,1.35
2013.05.03 10:19:55.377,1.28758,1.28771,2.25,2.10
2013.05.03 10:19:55.452,1.28756,1.28768,1.50,1.43
2013.05.03 10:19:55.575,1.28757,1.28771,1.50,3.98
2013.05.03 10:19:55.753,1.28757,1.28771,1.73,2.48
2013.05.03 10:19:56.056,1.28758,1.28771,1.13,1.73
2013.05.03 10:19:58.005,1.28759,1.28771,1.73,1.13
2013.05.03 10:20:00.995,1.2876,1.28771,1.13,1.13
2013.05.03 10:20:01.306,1.28766,1.28774,1.13,2.52
2013.05.03 10:20:01.626,1.28768,1.28776,1.13,2.48
2013.05.03 10:20:01.697,1.28768,1.28776,3.00,1.28
2013.05.03 10:20:01.768,1.28768,1.28778,3.00,1.50
2013.05.03 10:20:02.424,1.28769,1.28782,1.58,2.29
2013.05.03 10:20:05.514,1.2877,1.2878,1.13,1.35
2013.05.03 10:20:07.004,1.28768,1.28778,1.13,2.48
2013.05.03 10:20:07.124,1.28768,1.28779,1.13,1.35
2013.05.03 10:20:07.694,1.28768,1.28779,1.13,2.48
2013.05.03 10:20:10.101,1.28767,1.28779,1.13,3.23
2013.05.03 10:20:11.508,1.28767,1.28778,1.13,1.20
2013.05.03 10:20:11.936,1.28767,1.28778,1.13,1.20
2013.05.03 10:20:12.294,1.28767,1.28778,1.13,1.20
2013.05.03 10:20:12.654,1.28767,1.28778,1.13,1.20
2013.05.03 10:20:13.165,1.28767,1.28777,1.13,1.73
2013.05.03 10:20:13.354,1.28761,1.28773,1.13,2.10
2013.05.03 10:20:13.413,1.28758,1.28773,3.45,2.85
2013.05.03 10:20:13.474,1.28758,1.28769,2.10,1.13
2013.05.03 10:20:13.655,1.28755,1.28767,1.13,2.29
2013.05.03 10:20:13.777,1.28752,1.28764,2.25,2.48
2013.05.03 10:20:13.847,1.28749,1.2876,3.60,1.50
2013.05.03 10:20:13.916,1.28749,1.28757,1.13,2.48
2013.05.03 10:20:14.265,1.28739,1.28753,2.33,1.50
2013.05.03 10:20:14.384,1.28738,1.28751,1.13,1.43
2013.05.03 10:20:14.623,1.28738,1.28751,1.13,1.43
2013.05.03 10:20:14.685,1.28738,1.28751,1.13,1.43
2013.05.03 10:20:15.244,1.28738,1.28751,1.13,1.43
2013.05.03 10:20:18.317,1.28738,1.28751,2.85,2.10
2013.05.03 10:20:19.314,1.28739,1.28751,1.50,1.58
2013.05.03 10:20:19.854,1.28738,1.2875,1.50,1.35
2013.05.03 10:20:20.373,1.28736,1.28751,2.10,2.85
2013.05.03 10:20:22.085,1.28736,1.2875,2.85,1.88
2013.05.03 10:20:24.354,1.28737,1.2875,3.75,1.50
2013.05.03 10:20:24.686,1.28739,1.28751,2.48,1.28
2013.05.03 10:20:26.155,1.28739,1.28751,2.48,1.28
2013.05.03 10:20:28.645,1.28739,1.2875,2.48,2.25
2013.05.03 10:20:28.764,1.28735,1.28745,2.48,1.13
2013.05.03 10:20:28.885,1.28732,1.28744,1.88,1.50
2013.05.03 10:20:29.063,1.28731,1.28744,2.33,2.10
2013.05.03 10:20:29.594,1.28732,1.28745,2.18,2.03
2013.05.03 10:20:30.494,1.28733,1.28747,1.73,2.70
2013.05.03 10:20:30.555,1.28736,1.28747,1.13,1.95
2013.05.03 10:20:30.615,1.28741,1.28748,1.88,1.50
2013.05.03 10:20:30.989,1.28749,1.28759,1.50,2.40
2013.05.03 10:20:31.121,1.28753,1.28763,1.88,1.28
2013.05.03 10:20:31.243,1.28751,1.28763,2.18,1.28
2013.05.03 10:20:31.636,1.28751,1.28762,1.43,1.13
2013.05.03 10:20:31.944,1.28747,1.28758,1.35,1.88
2013.05.03 10:20:34.063,1.28746,1.28758,1.80,1.88
2013.05.03 10:20:35.545,1.28746,1.28756,1.80,1.50
2013.05.03 10:20:35.725,1.28743,1.28754,2.10,1.50
2013.05.03 10:20:38.163,1.28742,1.28754,1.35,1.35
2013.05.03 10:20:39.564,1.28742,1.28754,1.35,1.35
2013.05.03 10:20:39.983,1.28739,1.28751,1.28,2.33
2013.05.03 10:20:40.403,1.2874,1.28752,2.48,2.10
2013.05.03 10:20:44.783,1.28741,1.28752,1.58,1.35
2013.05.03 10:20:48.310,1.28739,1.28751,1.88,1.35
2013.05.03 10:20:50.796,1.28739,1.28751,1.50,1.35
2013.05.03 10:20:58.873,1.28738,1.28751,1.50,1.35
2013.05.03 10:21:02.193,1.28739,1.28752,2.48,1.73
2013.05.03 10:21:07.935,1.28739,1.28753,2.48,1.95
2013.05.03 10:21:09.829,1.28741,1.28753,1.95,2.10
2013.05.03 10:21:15.074,1.28741,1.28753,2.33,1.50
2013.05.03 10:21:21.635,1.28742,1.28754,1.35,1.35
2013.05.03 10:21:22.623,1.28741,1.28752,1.35,1.13
2013.05.03 10:21:22.924,1.28738,1.2875,1.50,1.35
2013.05.03 10:21:27.685,1.28738,1.2875,1.50,1.35
2013.05.03 10:21:28.105,1.28742,1.2875,1.32,1.35
2013.05.03 10:21:28.417,1.28749,1.28761,2.25,2.48
2013.05.03 10:21:28.484,1.28749,1.28763,2.63,2.63
2013.05.03 10:21:29.023,1.28751,1.28764,1.13,2.85
2013.05.03 10:21:29.143,1.28751,1.28764,1.13,2.85
2013.05.03 10:21:30.013,1.2875,1.28764,2.48,2.10
2013.05.03 10:21:31.286,1.2875,1.28762,1.35,1.28
2013.05.03 10:21:31.354,1.28749,1.28761,2.18,1.50
2013.05.03 10:21:31.714,1.28746,1.28759,1.95,2.25
2013.05.03 10:21:32.253,1.28745,1.28758,1.13,1.50
2013.05.03 10:21:33.063,1.28746,1.28759,1.35,2.03
2013.05.03 10:21:33.663,1.28745,1.28759,2.10,4.28
2013.05.03 10:21:34.214,1.28746,1.28759,1.50,3.00
2013.05.03 10:21:34.523,1.2875,1.2876,1.35,1.13
2013.05.03 10:21:35.353,1.2875,1.28764,1.35,3.38
2013.05.03 10:21:41.164,1.28752,1.28764,1.50,2.10
2013.05.03 10:21:41.224,1.28752,1.28764,1.50,2.48
2013.05.03 10:21:41.285,1.28752,1.28764,1.50,2.10
2013.05.03 10:21:41.465,1.28752,1.28764,1.50,2.48
2013.05.03 10:21:44.044,1.28752,1.28764,1.35,1.13
2013.05.03 10:21:58.114,1.2875,1.28764,2.10,4.73
2013.05.03 10:21:58.635,1.2875,1.28764,2.10,2.63
2013.05.03 10:21:58.874,1.28753,1.28765,1.35,1.13
2013.05.03 10:21:59.424,1.28753,1.28766,3.23,1.95
2013.05.03 10:22:00.064,1.28753,1.28766,2.48,1.95
2013.05.03 10:22:02.033,1.28753,1.28765,1.13,2.03
2013.05.03 10:22:02.584,1.28753,1.28764,1.13,1.77
2013.05.03 10:22:03.824,1.28752,1.28764,1.50,1.54
2013.05.03 10:22:04.449,1.28752,1.28766,2.10,5.33
2013.05.03 10:22:17.394,1.28752,1.28764,1.50,2.63
2013.05.03 10:22:18.385,1.28751,1.28762,1.50,1.35
2013.05.03 10:22:19.814,1.28752,1.28763,1.50,1.58
2013.05.03 10:22:20.348,1.28753,1.28765,1.35,2.63
2013.05.03 10:22:22.744,1.28753,1.28766,2.10,3.08
2013.05.03 10:22:36.504,1.28753,1.28765,2.10,1.35
2013.05.03 10:22:36.923,1.28753,1.28764,1.50,1.88
2013.05.03 10:22:42.165,1.28752,1.28764,1.88,3.23
2013.05.03 10:22:42.468,1.28761,1.28769,1.50,1.58
2013.05.03 10:22:42.839,1.28761,1.28772,1.50,1.73
2013.05.03 10:22:43.385,1.28762,1.28772,1.50,3.60
2013.05.03 10:22:43.747,1.28757,1.28765,1.95,1.13
2013.05.03 10:22:43.937,1.28753,1.28763,1.13,1.95
2013.05.03 10:22:44.245,1.2875,1.28761,1.50,2.78
2013.05.03 10:22:44.364,1.2875,1.28762,4.17,1.35
2013.05.03 10:22:44.786,1.28749,1.28761,1.35,2.63
2013.05.03 10:22:45.025,1.28748,1.28761,2.44,3.38
2013.05.03 10:22:45.674,1.28748,1.28761,2.44,4.13
2013.05.03 10:22:58.314,1.28749,1.28761,1.35,1.13
2013.05.03 10:23:02.884,1.28748,1.2876,1.50,1.58
2013.05.03 10:23:18.954,1.28748,1.28761,2.48,1.73
2013.05.03 10:23:23.494,1.28748,1.2876,1.50,1.80
2013.05.03 10:23:24.057,1.28748,1.28761,2.33,3.60
2013.05.03 10:23:24.424,1.28747,1.28759,1.50,2.63
2013.05.03 10:23:24.858,1.28744,1.28756,2.40,2.25
2013.05.03 10:23:25.166,1.28733,1.28747,1.73,3.23
2013.05.03 10:23:25.228,1.28731,1.28744,1.50,3.98
2013.05.03 10:23:25.783,1.28731,1.28744,1.13,4.88
2013.05.03 10:23:25.854,1.28728,1.28739,1.50,2.48
2013.05.03 10:23:26.034,1.28726,1.28739,3.00,2.48
2013.05.03 10:23:26.584,1.28727,1.28739,1.50,2.48
2013.05.03 10:23:26.768,1.28727,1.2874,1.50,2.18
2013.05.03 10:23:27.334,1.28728,1.2874,1.50,1.35
2013.05.03 10:23:30.114,1.28728,1.2874,1.50,1.35
2013.05.03 10:23:33.705,1.28722,1.28737,1.50,1.88
2013.05.03 10:23:33.825,1.2872,1.28731,1.35,1.13
2013.05.03 10:23:33.884,1.28718,1.28728,1.13,1.43
2013.05.03 10:23:33.944,1.28715,1.28728,1.50,1.43
2013.05.03 10:23:34.425,1.28713,1.28728,3.23,2.29
2013.05.03 10:23:34.605,1.28712,1.28724,1.88,1.43
2013.05.03 10:23:34.904,1.28712,1.28726,1.95,2.48
2013.05.03 10:23:35.624,1.28712,1.28725,1.13,2.18
2013.05.03 10:23:36.544,1.28712,1.28725,1.88,2.18
2013.05.03 10:23:36.845,1.28712,1.28724,1.88,2.44
2013.05.03 10:23:37.145,1.28712,1.28724,1.73,1.95
2013.05.03 10:23:37.675,1.28712,1.28724,1.73,1.13
2013.05.03 10:23:38.045,1.28712,1.28726,1.73,1.88
2013.05.03 10:23:38.226,1.28713,1.28726,1.43,1.28
2013.05.03 10:23:38.794,1.28715,1.28727,1.43,1.50
2013.05.03 10:23:39.134,1.28715,1.28727,1.43,1.50
2013.05.03 10:23:39.565,1.28715,1.28727,1.43,1.69
2013.05.03 10:23:39.744,1.28715,1.28728,1.43,1.69
2013.05.03 10:23:40.304,1.28715,1.28729,1.43,2.03
2013.05.03 10:23:42.315,1.28718,1.28728,1.58,1.32
2013.05.03 10:23:42.674,1.28728,1.28738,2.48,1.50
2013.05.03 10:23:43.034,1.28727,1.2874,3.23,1.65
2013.05.03 10:23:43.599,1.28726,1.28739,3.38,1.50
2013.05.03 10:23:44.775,1.28728,1.2874,1.35,1.50
2013.05.03 10:23:45.089,1.28732,1.28742,2.10,1.88
2013.05.03 10:23:45.157,1.28735,1.28747,1.35,2.25
2013.05.03 10:23:45.275,1.28736,1.28747,2.48,1.65
2013.05.03 10:23:45.456,1.28731,1.28743,3.23,1.50
2013.05.03 10:23:45.574,1.28726,1.2874,5.33,1.95
2013.05.03 10:23:45.635,1.28726,1.28739,3.45,1.35
2013.05.03 10:23:45.874,1.28726,1.28738,1.88,1.20
2013.05.03 10:23:46.115,1.28727,1.28738,2.25,1.20
2013.05.03 10:23:46.474,1.28731,1.28742,2.48,1.88
2013.05.03 10:23:46.776,1.28729,1.28741,1.35,1.69
2013.05.03 10:23:46.954,1.28727,1.28737,1.50,1.54
2013.05.03 10:23:47.254,1.28727,1.28739,1.58,1.88
2013.05.03 10:23:47.315,1.2873,1.28739,1.50,1.88
2013.05.03 10:23:47.436,1.2873,1.28741,1.88,1.54
2013.05.03 10:23:47.495,1.2873,1.28741,2.25,1.77
2013.05.03 10:23:47.976,1.28732,1.28743,1.50,1.32
2013.05.03 10:23:48.096,1.28732,1.28744,1.50,2.37
2013.05.03 10:23:48.455,1.28731,1.28743,1.50,1.54
2013.05.03 10:23:53.554,1.28729,1.28741,1.50,1.73
2013.05.03 10:23:53.675,1.28727,1.28738,1.35,2.10
2013.05.03 10:23:54.144,1.28723,1.28736,3.23,1.69
2013.05.03 10:23:54.218,1.28721,1.28733,1.50,1.20
2013.05.03 10:23:55.254,1.2872,1.28733,1.73,1.20
2013.05.03 10:23:57.504,1.28721,1.28735,2.63,3.04
2013.05.03 10:23:57.824,1.28721,1.28735,2.63,3.04
2013.05.03 10:23:59.384,1.28723,1.28735,2.10,2.29
2013.05.03 10:23:59.686,1.2872,1.28731,2.25,1.54
2013.05.03 10:23:59.804,1.2872,1.2873,1.50,1.77
2013.05.03 10:24:00.406,1.28718,1.28729,1.13,1.80
2013.05.03 10:24:00.987,1.28718,1.2873,1.13,1.35
2013.05.03 10:24:01.045,1.28718,1.2873,1.50,1.35
2013.05.03 10:24:01.287,1.28722,1.28734,1.58,2.22
2013.05.03 10:24:01.345,1.28721,1.28731,1.88,1.13
2013.05.03 10:24:01.466,1.28717,1.28728,2.25,1.13
2013.05.03 10:24:01.586,1.28717,1.28727,1.13,2.29
2013.05.03 10:24:01.645,1.28713,1.28727,1.35,3.04
2013.05.03 10:24:01.945,1.28713,1.28726,1.35,1.20
2013.05.03 10:24:02.006,1.28713,1.28724,2.10,1.13
2013.05.03 10:24:02.249,1.28716,1.28728,1.50,1.13
2013.05.03 10:24:04.904,1.28716,1.28728,1.35,2.29
2013.05.03 10:24:05.684,1.28716,1.28728,1.35,2.67
2013.05.03 10:24:08.997,1.28715,1.28726,2.33,1.69
2013.05.03 10:24:09.235,1.28712,1.28724,1.13,1.20
2013.05.03 10:24:09.594,1.28712,1.28724,2.63,1.32
2013.05.03 10:24:09.774,1.2871,1.28723,2.10,1.69
2013.05.03 10:24:09.886,1.2871,1.28723,2.10,1.69
2013.05.03 10:24:10.007,1.28711,1.28724,1.50,2.48
2013.05.03 10:24:10.124,1.28714,1.28724,1.88,1.88
2013.05.03 10:24:12.115,1.28712,1.28724,1.58,1.88
2013.05.03 10:24:12.654,1.28712,1.28724,1.35,2.10
2013.05.03 10:24:13.195,1.28713,1.28725,1.35,2.44
2013.05.03 10:24:13.374,1.28713,1.28725,1.35,2.44
2013.05.03 10:24:13.494,1.28715,1.28727,1.50,2.25
2013.05.03 10:24:13.555,1.2872,1.28728,1.50,1.43
2013.05.03 10:24:13.615,1.28721,1.2873,1.88,2.40
2013.05.03 10:24:13.675,1.28721,1.28732,3.23,1.13
2013.05.03 10:24:14.228,1.28722,1.28733,2.48,1.28
2013.05.03 10:24:14.360,1.28722,1.28732,1.35,1.58
2013.05.03 10:24:14.904,1.28722,1.28733,1.58,1.13
2013.05.03 10:24:15.569,1.28723,1.28734,2.63,1.69
2013.05.03 10:24:15.642,1.28723,1.28734,3.38,1.69
2013.05.03 10:24:16.184,1.28724,1.28734,2.48,1.13
2013.05.03 10:24:16.305,1.28723,1.28734,2.18,1.28
2013.05.03 10:24:16.365,1.28721,1.28732,2.18,1.69
2013.05.03 10:24:16.424,1.28721,1.28732,1.73,2.29
2013.05.03 10:24:16.566,1.2872,1.28732,1.35,1.35
2013.05.03 10:24:17.265,1.28721,1.28735,2.85,1.88
2013.05.03 10:24:17.564,1.28719,1.28732,1.35,1.69
2013.05.03 10:24:19.383,1.28717,1.28729,4.73,1.13
2013.05.03 10:24:19.446,1.28717,1.28726,1.73,1.13
2013.05.03 10:24:19.625,1.28713,1.28724,1.88,1.20
2013.05.03 10:24:19.685,1.28713,1.28724,1.88,1.20
2013.05.03 10:24:20.464,1.2871,1.28724,2.85,2.29
2013.05.03 10:24:26.485,1.2871,1.28722,1.13,1.54
2013.05.03 10:24:26.666,1.28708,1.28719,1.13,1.54
2013.05.03 10:24:26.915,1.28705,1.28716,2.40,1.69
2013.05.03 10:24:27.096,1.28699,1.28715,1.35,2.67
2013.05.03 10:24:27.395,1.28701,1.28714,1.73,1.20
2013.05.03 10:24:28.225,1.28701,1.28712,1.13,1.73
2013.05.03 10:24:28.344,1.28695,1.28711,2.10,1.20
2013.05.03 10:24:32.905,1.287,1.28711,1.50,1.20
2013.05.03 10:24:32.964,1.28701,1.28713,1.58,1.73
2013.05.03 10:24:33.504,1.287,1.28713,3.23,1.13
2013.05.03 10:24:36.386,1.28701,1.28713,1.13,1.13
2013.05.03 10:24:36.758,1.28701,1.28713,1.13,1.69
2013.05.03 10:24:37.065,1.28702,1.28711,1.88,1.13
2013.05.03 10:24:37.184,1.28702,1.2871,1.88,1.47
2013.05.03 10:24:37.654,1.28702,1.28711,1.13,1.13
2013.05.03 10:24:38.094,1.28702,1.28711,1.88,1.13
2013.05.03 10:24:38.214,1.28702,1.28711,1.88,1.13
2013.05.03 10:24:51.370,1.28701,1.28713,1.13,1.50
2013.05.03 10:24:51.573,1.28702,1.28714,2.10,1.73
2013.05.03 10:24:56.325,1.28704,1.28713,1.58,1.88
2013.05.03 10:24:56.884,1.28704,1.28716,1.58,2.25
2013.05.03 10:25:01.775,1.28704,1.28715,1.20,1.50
2013.05.03 10:25:02.465,1.28703,1.28716,1.13,1.73
2013.05.03 10:25:03.916,1.28703,1.28716,1.58,1.13
2013.05.03 10:25:04.595,1.28703,1.28716,2.63,1.13
2013.05.03 10:25:04.975,1.28705,1.28716,1.35,1.50
2013.05.03 10:25:05.156,1.2871,1.28722,3.23,1.35
2013.05.03 10:25:05.215,1.28714,1.28726,1.35,1.50
2013.05.03 10:25:05.394,1.28717,1.28726,1.88,1.13
2013.05.03 10:25:05.894,1.28715,1.28726,2.63,1.13
2013.05.03 10:25:06.305,1.28715,1.28728,2.63,2.03
2013.05.03 10:25:07.004,1.28717,1.28728,2.48,1.13
2013.05.03 10:25:07.244,1.2872,1.28733,2.10,2.63
2013.05.03 10:25:07.305,1.28723,1.28733,1.43,2.63
2013.05.03 10:25:11.806,1.28724,1.28733,2.10,1.50
2013.05.03 10:25:11.949,1.28724,1.28735,2.10,1.13
2013.05.03 10:25:12.075,1.28726,1.28738,1.50,3.79
2013.05.03 10:25:12.593,1.28727,1.28738,1.58,3.19
2013.05.03 10:25:13.515,1.28731,1.2874,1.50,2.48
2013.05.03 10:25:13.575,1.28731,1.28742,2.85,2.25
2013.05.03 10:25:13.634,1.28731,1.28745,4.43,2.59
2013.05.03 10:25:13.694,1.28732,1.28745,1.35,2.25
2013.05.03 10:25:13.816,1.28734,1.28748,3.30,3.42
2013.05.03 10:25:13.874,1.28736,1.28748,1.88,2.82
2013.05.03 10:25:14.125,1.28736,1.28748,1.88,2.82
2013.05.03 10:25:14.248,1.28734,1.28742,1.35,1.65
2013.05.03 10:25:14.315,1.28731,1.2874,1.17,2.03
2013.05.03 10:25:14.377,1.28728,1.28738,1.50,2.48
2013.05.03 10:25:14.745,1.28725,1.28736,2.25,1.43
2013.05.03 10:25:15.295,1.28724,1.28736,1.28,1.43
2013.05.03 10:25:15.535,1.28726,1.28736,1.13,1.43
2013.05.03 10:25:15.716,1.2873,1.28743,2.25,3.04
2013.05.03 10:25:16.324,1.28732,1.28745,2.10,2.33
2013.05.03 10:25:22.965,1.28733,1.28745,1.69,1.95
2013.05.03 10:25:23.206,1.28736,1.28748,1.65,1.95
2013.05.03 10:25:23.445,1.28739,1.2875,1.50,2.25
2013.05.03 10:25:23.505,1.28739,1.28752,1.50,4.73
2013.05.03 10:25:23.760,1.28739,1.28753,3.00,2.18
2013.05.03 10:25:24.296,1.2874,1.28754,2.48,1.73
2013.05.03 10:25:25.556,1.28742,1.28753,1.13,3.98
2013.05.03 10:25:26.918,1.28742,1.28755,1.95,1.73
2013.05.03 10:25:28.245,1.28744,1.28757,2.63,3.75
2013.05.03 10:25:28.306,1.28746,1.28757,1.73,2.25
2013.05.03 10:25:28.367,1.28747,1.2876,2.40,2.33
2013.05.03 10:25:28.485,1.28749,1.2876,3.23,1.13
2013.05.03 10:25:29.035,1.28748,1.28762,1.73,1.50
2013.05.03 10:25:29.536,1.28748,1.28762,1.73,1.50
2013.05.03 10:25:30.135,1.28749,1.28762,1.50,2.25
2013.05.03 10:25:30.856,1.28748,1.28762,1.73,3.00
2013.05.03 10:25:32.234,1.28748,1.28762,1.73,3.00
2013.05.03 10:25:34.596,1.2875,1.28762,2.10,2.44
2013.05.03 10:25:34.715,1.2875,1.28761,1.35,1.50
2013.05.03 10:25:35.017,1.2875,1.28763,1.13,2.10
2013.05.03 10:25:35.196,1.28752,1.28764,1.35,3.19
2013.05.03 10:25:35.708,1.28753,1.28766,1.20,2.44
2013.05.03 10:25:36.255,1.28752,1.28765,3.60,1.50
2013.05.03 10:25:40.454,1.28753,1.28766,1.20,1.32
2013.05.03 10:25:40.814,1.28752,1.28764,1.13,1.35
2013.05.03 10:25:41.117,1.28751,1.28763,1.17,1.47
2013.05.03 10:25:42.352,1.28751,1.28763,1.50,2.33
2013.05.03 10:25:45.135,1.28751,1.28762,1.50,1.35
2013.05.03 10:25:45.436,1.28747,1.28759,2.10,1.35
2013.05.03 10:25:45.495,1.28746,1.28759,2.33,1.35
2013.05.03 10:25:46.037,1.28745,1.28757,1.50,2.10
2013.05.03 10:25:46.582,1.28745,1.28757,1.95,1.50
2013.05.03 10:25:46.835,1.28744,1.28757,1.13,3.42
2013.05.03 10:25:47.768,1.28741,1.28753,2.03,2.33
2013.05.03 10:25:47.896,1.28741,1.28751,1.13,1.32
2013.05.03 10:25:48.206,1.28739,1.28746,1.13,1.88
2013.05.03 10:25:48.275,1.28735,1.28746,1.13,2.48
2013.05.03 10:25:48.336,1.28735,1.28747,1.73,1.17
2013.05.03 10:25:48.457,1.28734,1.28746,1.58,2.67
2013.05.03 10:25:48.964,1.28734,1.28745,1.35,1.50
2013.05.03 10:25:51.525,1.28732,1.28744,2.03,1.35
2013.05.03 10:25:51.830,1.2873,1.28738,1.13,1.50
2013.05.03 10:25:51.899,1.28728,1.28737,1.09,1.13
2013.05.03 10:25:51.967,1.28727,1.28735,1.50,1.88
2013.05.03 10:25:52.087,1.28722,1.28732,2.10,1.32
2013.05.03 10:25:52.156,1.28719,1.2873,1.88,2.10
2013.05.03 10:25:52.275,1.28718,1.28728,1.13,3.60
2013.05.03 10:25:52.460,1.28714,1.28726,1.35,1.35
2013.05.03 10:25:53.075,1.28714,1.28726,1.54,1.35
2013.05.03 10:25:53.625,1.28716,1.28727,1.58,1.50
2013.05.03 10:25:54.075,1.28715,1.2873,3.38,1.50
2013.05.03 10:25:54.135,1.28717,1.2873,1.88,1.65
2013.05.03 10:25:54.316,1.28714,1.28727,3.04,1.58
2013.05.03 10:25:54.795,1.28714,1.28726,2.29,1.17
2013.05.03 10:25:55.335,1.28714,1.28724,1.50,1.54
2013.05.03 10:25:55.515,1.28712,1.28723,1.88,1.32
2013.05.03 10:25:55.757,1.28712,1.28723,1.50,2.29
2013.05.03 10:25:56.422,1.28707,1.28717,1.02,1.13
2013.05.03 10:25:56.495,1.28703,1.28713,1.13,2.03
2013.05.03 10:25:56.693,1.28702,1.28715,1.88,2.25
2013.05.03 10:25:56.757,1.28703,1.28716,2.63,2.33
2013.05.03 10:25:57.195,1.28703,1.28716,1.50,2.33
2013.05.03 10:25:57.745,1.28702,1.28714,1.13,2.03
2013.05.03 10:25:58.305,1.28702,1.28714,1.20,2.03
2013.05.03 10:25:58.371,1.28703,1.28715,2.48,1.13
2013.05.03 10:26:00.786,1.28703,1.28717,2.85,2.63
2013.05.03 10:26:02.424,1.28703,1.28717,2.85,2.63
2013.05.03 10:26:04.914,1.28705,1.28718,1.58,2.25
2013.05.03 10:26:05.435,1.28707,1.28718,2.48,2.25
2013.05.03 10:26:08.277,1.28707,1.28716,2.48,1.13
2013.05.03 10:26:10.096,1.28707,1.28719,2.48,2.18
2013.05.03 10:26:10.276,1.2871,1.28719,1.88,1.50
2013.05.03 10:26:10.336,1.28712,1.28722,1.35,1.13
2013.05.03 10:26:10.456,1.28712,1.28724,2.85,1.95
2013.05.03 10:26:10.770,1.28718,1.28725,1.43,1.13
2013.05.03 10:26:10.836,1.28719,1.28729,1.35,1.28
2013.05.03 10:26:10.896,1.28719,1.28729,3.23,1.28
2013.05.03 10:26:11.905,1.28721,1.28729,1.35,1.13
2013.05.03 10:26:12.030,1.28726,1.28736,1.35,2.48
2013.05.03 10:26:12.098,1.28726,1.28737,1.35,1.13
2013.05.03 10:26:12.166,1.28727,1.28737,2.48,1.13
2013.05.03 10:26:12.705,1.28727,1.28738,2.48,1.50
2013.05.03 10:26:13.846,1.28724,1.28736,2.10,1.13
2013.05.03 10:26:15.256,1.28724,1.28736,1.35,1.50
2013.05.03 10:26:15.315,1.28722,1.28735,3.42,1.73
2013.05.03 10:26:16.171,1.28722,1.28735,2.07,1.73
2013.05.03 10:26:16.270,1.28714,1.28727,2.48,2.33
2013.05.03 10:26:16.335,1.28715,1.28727,2.63,1.50
2013.05.03 10:26:17.066,1.28714,1.28728,1.73,2.85
2013.05.03 10:26:19.245,1.28713,1.28728,2.70,2.85
2013.05.03 10:26:19.364,1.28714,1.28727,1.73,1.65
2013.05.03 10:26:19.666,1.28714,1.28725,1.35,1.13
2013.05.03 10:26:21.574,1.28713,1.28725,1.77,1.88
2013.05.03 10:26:22.123,1.28712,1.28725,2.70,2.48
2013.05.03 10:26:23.975,1.28712,1.28723,1.58,1.88
2013.05.03 10:26:24.217,1.2871,1.28722,1.35,1.13
2013.05.03 10:26:24.289,1.28708,1.28717,1.88,1.65
2013.05.03 10:26:24.357,1.28706,1.28717,2.48,1.65
2013.05.03 10:26:24.608,1.28706,1.28714,1.88,1.50
2013.05.03 10:26:24.795,1.28697,1.28707,1.43,1.65
2013.05.03 10:26:24.855,1.28697,1.28707,1.43,1.65
2013.05.03 10:26:24.915,1.28691,1.28704,4.13,1.58
2013.05.03 10:26:25.214,1.28691,1.28704,2.48,1.88
2013.05.03 10:26:25.344,1.28691,1.28703,1.73,1.35
2013.05.03 10:26:25.825,1.28692,1.28703,1.13,2.07
2013.05.03 10:26:25.885,1.28692,1.28703,1.13,2.63
2013.05.03 10:26:26.245,1.28696,1.28708,1.50,1.88
2013.05.03 10:26:26.751,1.28696,1.28708,1.35,1.73
2013.05.03 10:26:29.204,1.28696,1.28708,1.73,2.10
2013.05.03 10:26:29.385,1.28693,1.28706,3.08,1.50
2013.05.03 10:26:29.684,1.28693,1.28706,1.13,4.73
2013.05.03 10:26:30.585,1.28693,1.28706,1.88,1.35
2013.05.03 10:26:30.764,1.28694,1.28708,2.25,1.73
2013.05.03 10:26:31.525,1.28697,1.28708,1.13,1.35
2013.05.03 10:26:31.837,1.28703,1.28714,3.23,1.88
2013.05.03 10:26:32.315,1.28702,1.28714,1.50,2.33
2013.05.03 10:26:32.494,1.28701,1.28712,1.13,1.43
2013.05.03 10:26:32.645,1.28701,1.28712,1.13,1.43
2013.05.03 10:26:33.774,1.28699,1.28711,1.50,1.88
2013.05.03 10:26:34.287,1.28699,1.28712,1.50,1.88
2013.05.03 10:26:35.984,1.28701,1.28713,1.35,1.73
2013.05.03 10:26:36.616,1.28701,1.28713,1.58,1.13
2013.05.03 10:26:37.325,1.28701,1.28714,1.28,2.10
2013.05.03 10:26:39.994,1.287,1.28714,1.73,2.10
2013.05.03 10:26:44.066,1.28702,1.28715,1.35,2.70
2013.05.03 10:26:46.199,1.28701,1.28714,1.13,2.25
2013.05.03 10:26:46.274,1.28699,1.28711,1.50,1.17
2013.05.03 10:26:46.865,1.28701,1.28714,1.35,3.04
2013.05.03 10:26:47.369,1.28701,1.28713,1.35,2.22
2013.05.03 10:26:54.447,1.287,1.28712,1.58,1.09
2013.05.03 10:26:54.807,1.28695,1.28705,1.13,2.78
2013.05.03 10:26:55.164,1.28691,1.287,1.50,2.33
2013.05.03 10:26:55.346,1.28687,1.28699,2.63,2.48
2013.05.03 10:26:55.465,1.28687,1.28698,1.13,1.50
2013.05.03 10:26:56.004,1.28687,1.28697,1.13,1.35
2013.05.03 10:26:56.424,1.28686,1.28697,1.50,1.35
2013.05.03 10:26:56.974,1.28686,1.28697,1.50,1.35
2013.05.03 10:26:58.155,1.28686,1.28697,1.50,1.35
2013.05.03 10:26:58.515,1.28686,1.28698,2.10,2.10
2013.05.03 10:26:58.696,1.28689,1.287,1.50,2.25
2013.05.03 10:26:58.755,1.28689,1.28701,1.50,2.67
2013.05.03 10:26:59.255,1.28689,1.287,1.50,2.25
2013.05.03 10:27:00.437,1.28689,1.28701,1.50,2.52
2013.05.03 10:27:01.074,1.28689,1.287,1.50,1.35
2013.05.03 10:27:03.625,1.28689,1.287,1.50,1.35
2013.05.03 10:27:03.804,1.28687,1.28699,1.50,1.35
2013.05.03 10:27:03.924,1.28687,1.28698,1.50,1.50
2013.05.03 10:27:05.267,1.28684,1.28696,1.28,1.50
2013.05.03 10:27:05.338,1.28684,1.28693,1.28,1.50
2013.05.03 10:27:05.706,1.28683,1.28694,1.50,2.10
2013.05.03 10:27:05.767,1.28683,1.28694,2.25,1.35
2013.05.03 10:27:05.887,1.28683,1.28695,2.63,1.50
2013.05.03 10:27:06.126,1.28683,1.28695,1.88,2.10
2013.05.03 10:27:06.665,1.28683,1.28693,1.13,1.50
2013.05.03 10:27:07.205,1.28683,1.28693,1.35,1.50
2013.05.03 10:27:07.885,1.28683,1.28693,1.50,1.50
2013.05.03 10:27:08.185,1.28687,1.28696,1.35,1.50
2013.05.03 10:27:08.731,1.28686,1.28695,1.35,1.50
2013.05.03 10:27:08.796,1.28682,1.28693,2.48,2.25
2013.05.03 10:27:09.336,1.2868,1.28692,1.35,1.35
2013.05.03 10:27:09.886,1.28681,1.28693,1.35,1.50
2013.05.03 10:27:10.425,1.28681,1.28692,2.10,1.13
2013.05.03 10:27:10.484,1.28682,1.28692,2.63,1.13
2013.05.03 10:27:11.747,1.28683,1.28693,1.58,1.50
2013.05.03 10:27:12.665,1.28681,1.28693,1.35,1.50
2013.05.03 10:27:21.924,1.28681,1.28694,3.23,1.65
2013.05.03 10:27:25.835,1.28681,1.28693,3.98,1.13
2013.05.03 10:27:26.075,1.28681,1.28693,1.35,1.73
2013.05.03 10:27:34.006,1.28681,1.28692,1.35,1.50
2013.05.03 10:27:34.545,1.28682,1.28694,1.58,2.33
2013.05.03 10:27:35.155,1.28683,1.28694,1.35,1.50
2013.05.03 10:27:35.396,1.28685,1.28697,1.50,3.60
2013.05.03 10:27:35.458,1.28689,1.28697,2.25,1.58
2013.05.03 10:27:35.529,1.2869,1.287,1.65,1.80
2013.05.03 10:27:35.655,1.28693,1.287,1.58,1.20
2013.05.03 10:27:35.775,1.28695,1.28707,1.88,1.50
2013.05.03 10:27:36.137,1.28697,1.28708,1.35,3.23
2013.05.03 10:27:36.328,1.287,1.28711,1.35,1.50
2013.05.03 10:27:36.395,1.287,1.28713,2.18,1.28
2013.05.03 10:27:36.948,1.28701,1.28715,1.35,2.48
2013.05.03 10:27:37.505,1.28702,1.28715,1.50,2.48
2013.05.03 10:27:38.016,1.28702,1.28716,1.50,2.55
2013.05.03 10:27:38.685,1.28702,1.28716,1.50,2.18
2013.05.03 10:27:38.866,1.28702,1.28715,1.50,1.35
2013.05.03 10:27:39.164,1.28702,1.28715,1.50,1.35
2013.05.03 10:27:39.228,1.28702,1.28715,1.50,1.35
2013.05.03 10:27:43.293,1.28702,1.28715,1.50,1.73
2013.05.03 10:27:43.372,1.28701,1.28713,1.50,2.33
2013.05.03 10:27:44.706,1.28701,1.28713,1.50,2.10
2013.05.03 10:27:45.304,1.28701,1.28715,2.93,1.58
2013.05.03 10:27:50.405,1.28701,1.28715,2.93,1.95
2013.05.03 10:27:54.566,1.28701,1.28714,2.18,1.13
2013.05.03 10:27:55.418,1.28702,1.28715,2.18,2.85
2013.05.03 10:27:55.736,1.28703,1.28717,2.18,1.88
2013.05.03 10:27:55.797,1.28704,1.28717,1.35,2.03
2013.05.03 10:27:56.106,1.28708,1.2872,2.85,1.13
2013.05.03 10:27:56.285,1.28711,1.28723,1.50,2.18
2013.05.03 10:27:56.906,1.2871,1.28723,1.50,2.55
2013.05.03 10:27:57.150,1.28711,1.28723,1.35,1.73
2013.05.03 10:27:57.360,1.28712,1.28723,1.35,1.88
2013.05.03 10:27:58.120,1.28711,1.28723,1.35,2.33
2013.05.03 10:27:58.245,1.28711,1.28723,1.35,1.73
2013.05.03 10:27:58.786,1.2871,1.28722,1.50,2.25
2013.05.03 10:28:00.916,1.28709,1.28724,1.73,3.45
2013.05.03 10:28:01.156,1.28709,1.28724,2.48,3.45
2013.05.03 10:28:01.216,1.28712,1.28724,1.35,3.23
2013.05.03 10:28:01.336,1.28712,1.28724,1.35,3.23
2013.05.03 10:28:01.398,1.28712,1.28724,1.35,2.48
2013.05.03 10:28:01.587,1.28714,1.28724,1.35,1.50
2013.05.03 10:28:01.825,1.28712,1.28724,2.10,1.73
2013.05.03 10:28:02.316,1.28716,1.28726,1.35,1.50
2013.05.03 10:28:03.098,1.28716,1.28727,1.73,2.10
2013.05.03 10:28:03.165,1.2872,1.28728,1.50,1.50
2013.05.03 10:28:04.098,1.28722,1.2873,1.35,1.13
2013.05.03 10:28:04.174,1.2872,1.28729,1.95,1.13
2013.05.03 10:28:04.357,1.28719,1.28728,1.50,1.58
2013.05.03 10:28:04.475,1.28713,1.28725,1.88,1.13
2013.05.03 10:28:04.715,1.28712,1.28723,1.35,1.13
