2015.05.04 08:00:00.045,1.33974,1.33976,1.12,1.00
2015.05.04 08:00:00.350,1.33967,1.33969,1.00,1.00
2015.05.04 08:00:00.452,1.33966,1.3397,1.12,1.75
2015.05.04 08:00:00.656,1.33964,1.33969,1.10,1.12
2015.05.04 08:00:00.809,1.3396,1.33969,1.87,1.00
2015.05.04 08:00:00.870,1.3396,1.33972,1.12,1.00
2015.05.04 08:00:01.066,1.33959,1.33972,1.50,1.50
2015.05.04 08:00:01.376,1.33965,1.33971,1.00,1.75
2015.05.04 08:00:01.531,1.33964,1.33971,1.12,1.00
2015.05.04 08:00:01.683,1.33965,1.33976,1.12,1.72
2015.05.04 08:00:01.994,1.33965,1.33973,1.87,1.00
2015.05.04 08:00:02.157,1.33965,1.33975,1.87,1.00
2015.05.04 08:00:02.259,1.33965,1.33974,1.87,1.75
2015.05.04 08:00:02.562,1.33963,1.33968,1.00,1.00
2015.05.04 08:00:02.867,1.3396,1.33968,1.95,1.00
2015.05.04 08:00:02.949,1.33965,1.33968,1.00,1.00
2015.05.04 08:00:03.304,1.33968,1.33969,1.00,1.00
2015.05.04 08:00:03.558,1.3397,1.33972,1.00,1.00
2015.05.04 08:00:03.609,1.33967,1.33972,1.00,1.00
2015.05.04 08:00:03.660,1.33967,1.3397,1.00,1.00
2015.05.04 08:00:03.964,1.33969,1.33971,1.00,1.00
2015.05.04 08:00:04.065,1.3397,1.33975,1.00,1.50
2015.05.04 08:00:04.268,1.33973,1.33976,1.00,1.37
2015.05.04 08:00:04.533,1.33974,1.33981,1.00,1.50
2015.05.04 08:00:05.297,1.33975,1.3398,1.00,1.37
2015.05.04 08:00:05.557,1.33975,1.33981,1.37,1.37
2015.05.04 08:00:05.659,1.3398,1.33986,1.00,1.50
2015.05.04 08:00:05.710,1.33984,1.33987,1.00,1.50
2015.05.04 08:00:06.213,1.33985,1.3399,1.00,1.87
2015.05.04 08:00:06.315,1.33987,1.3399,1.00,1.12
2015.05.04 08:00:06.824,1.33986,1.3399,1.00,1.12
2015.05.04 08:00:07.340,1.33987,1.3399,1.00,1.12
2015.05.04 08:00:07.391,1.33986,1.33988,1.00,1.00
2015.05.04 08:00:07.696,1.33994,1.33995,1.00,3.00
2015.05.04 08:00:08.012,1.33981,1.33987,1.10,2.25
2015.05.04 08:00:09.078,1.33979,1.33987,2.25,3.00
2015.05.04 08:00:09.667,1.3398,1.33987,1.50,1.00
2015.05.04 08:00:09.769,1.33985,1.33989,1.00,1.00
2015.05.04 08:00:09.871,1.33981,1.33989,2.25,1.00
2015.05.04 08:00:10.074,1.33985,1.33995,1.50,1.50
2015.05.04 08:00:10.125,1.33988,1.33995,1.00,1.50
2015.05.04 08:00:10.666,1.33987,1.33995,1.00,1.50
2015.05.04 08:00:12.111,1.33988,1.33995,1.00,1.50
2015.05.04 08:00:12.801,1.33989,1.33995,1.00,1.50
2015.05.04 08:00:13.448,1.33989,1.33998,1.50,2.25
2015.05.04 08:00:13.751,1.33998,1.34002,1.87,2.25
2015.05.04 08:00:13.896,1.34002,1.34005,1.00,1.00
2015.05.04 08:00:13.998,1.34004,1.34005,1.00,1.00
2015.05.04 08:00:14.303,1.34011,1.34015,3.75,1.75
2015.05.04 08:00:14.608,1.34013,1.34017,3.00,1.00
2015.05.04 08:00:15.013,1.34018,1.3402,1.00,1.00
2015.05.04 08:00:15.281,1.34014,1.34021,1.87,1.37
2015.05.04 08:00:15.332,1.34013,1.34021,1.00,1.37
2015.05.04 08:00:15.628,1.34009,1.34019,2.62,2.25
2015.05.04 08:00:15.680,1.3401,1.34017,1.37,1.12
2015.05.04 08:00:15.832,1.34006,1.34017,2.25,1.87
2015.05.04 08:00:15.933,1.34006,1.34017,1.75,1.87
2015.05.04 08:00:16.035,1.34005,1.34017,1.50,2.87
2015.05.04 08:00:16.136,1.34005,1.34017,3.00,3.37
2015.05.04 08:00:16.441,1.34005,1.34015,1.12,3.62
2015.05.04 08:00:16.953,1.34002,1.34013,1.75,1.12
2015.05.04 08:00:17.258,1.3401,1.34014,2.25,2.25
2015.05.04 08:00:17.360,1.34012,1.34014,2.25,1.00
2015.05.04 08:00:17.411,1.34013,1.34015,1.37,1.50
2015.05.04 08:00:17.558,1.34014,1.34016,3.00,1.00
2015.05.04 08:00:18.368,1.34017,1.34019,1.00,3.00
2015.05.04 08:00:18.646,1.34017,1.34021,2.25,1.12
2015.05.04 08:00:18.798,1.34018,1.34021,1.37,2.62
2015.05.04 08:00:18.849,1.34015,1.3402,3.30,1.50
2015.05.04 08:00:18.900,1.34015,1.3402,1.37,6.37
2015.05.04 08:00:19.052,1.34015,1.3402,2.25,1.00
2015.05.04 08:00:19.103,1.34013,1.34014,5.85,1.00
2015.05.04 08:00:19.306,1.34005,1.34009,1.00,1.00
2015.05.04 08:00:19.357,1.34,1.34002,1.00,1.50
2015.05.04 08:00:19.408,1.33997,1.34,1.87,6.60
2015.05.04 08:00:19.460,1.33996,1.33998,1.00,1.50
2015.05.04 08:00:19.558,1.3399,1.33992,1.12,3.00
2015.05.04 08:00:19.613,1.33987,1.3399,2.25,5.80
2015.05.04 08:00:19.765,1.33986,1.33987,1.00,1.50
2015.05.04 08:00:19.867,1.33983,1.33984,1.00,1.50
2015.05.04 08:00:20.171,1.33981,1.33982,1.50,1.50
2015.05.04 08:00:20.223,1.33983,1.33984,1.00,1.00
2015.05.04 08:00:20.274,1.33979,1.33983,1.50,1.37
2015.05.04 08:00:20.672,1.33977,1.3398,1.37,1.50
2015.05.04 08:00:20.723,1.3398,1.33982,1.00,5.85
2015.05.04 08:00:20.825,1.33977,1.3398,3.37,2.25
2015.05.04 08:00:20.877,1.33979,1.3398,1.00,1.00
2015.05.04 08:00:21.081,1.33981,1.33982,1.00,3.75
2015.05.04 08:00:21.627,1.3398,1.33982,1.00,2.25
2015.05.04 08:00:22.164,1.3398,1.33983,1.00,2.25
2015.05.04 08:00:22.468,1.33981,1.33982,1.00,1.00
2015.05.04 08:00:22.773,1.33978,1.3398,1.50,1.87
2015.05.04 08:00:22.824,1.33979,1.33981,1.50,5.85
2015.05.04 08:00:23.384,1.33977,1.33979,1.50,2.25
2015.05.04 08:00:23.589,1.33978,1.3398,1.00,3.00
2015.05.04 08:00:23.639,1.33976,1.33979,2.25,2.25
2015.05.04 08:00:23.949,1.33979,1.3398,1.50,1.00
2015.05.04 08:00:24.434,1.33981,1.33982,1.00,1.50
2015.05.04 08:00:25.126,1.3398,1.33982,2.25,1.00
2015.05.04 08:00:25.445,1.33982,1.33983,1.00,2.25
2015.05.04 08:00:25.951,1.33981,1.33982,1.00,1.00
2015.05.04 08:00:26.305,1.33981,1.33983,1.00,1.00
2015.05.04 08:00:26.739,1.33983,1.33986,1.00,3.75
2015.05.04 08:00:26.993,1.33979,1.33984,1.00,1.75
2015.05.04 08:00:27.094,1.33979,1.33988,1.50,1.37
2015.05.04 08:00:27.145,1.33979,1.3399,2.25,1.50
2015.05.04 08:00:27.297,1.33982,1.33991,1.00,1.00
2015.05.04 08:00:27.804,1.33983,1.33991,1.00,1.00
2015.05.04 08:00:28.674,1.33984,1.33991,1.00,1.00
2015.05.04 08:00:28.927,1.33982,1.33991,1.50,1.00
2015.05.04 08:00:29.230,1.33985,1.33993,1.50,2.25
2015.05.04 08:00:29.534,1.33985,1.33992,1.50,2.25
2015.05.04 08:00:30.164,1.33985,1.33992,1.50,1.37
2015.05.04 08:00:30.215,1.33985,1.33993,1.50,1.00
2015.05.04 08:00:32.049,1.33985,1.33994,1.50,1.00
2015.05.04 08:00:32.252,1.33988,1.33994,1.00,1.00
2015.05.04 08:00:32.505,1.33988,1.33998,1.00,1.87
2015.05.04 08:00:32.657,1.3399,1.33998,1.00,1.50
2015.05.04 08:00:33.324,1.33989,1.33998,1.50,1.00
2015.05.04 08:00:33.827,1.3399,1.33998,1.00,1.00
2015.05.04 08:00:34.433,1.33989,1.33998,1.87,1.00
2015.05.04 08:00:35.196,1.3399,1.33998,1.00,1.00
2015.05.04 08:00:35.759,1.33989,1.33998,2.25,1.00
2015.05.04 08:00:36.294,1.3399,1.33999,1.12,1.00
2015.05.04 08:00:37.064,1.33989,1.33999,1.87,1.00
2015.05.04 08:00:37.393,1.33997,1.33999,1.00,1.00
2015.05.04 08:00:37.444,1.33998,1.34001,1.00,1.00
2015.05.04 08:00:37.545,1.33998,1.34007,1.00,3.75
2015.05.04 08:00:37.755,1.33998,1.34007,1.37,2.25
2015.05.04 08:00:38.008,1.33998,1.34009,1.75,1.50
2015.05.04 08:00:38.211,1.34001,1.34011,1.00,1.87
2015.05.04 08:00:38.616,1.34007,1.34011,1.00,1.00
2015.05.04 08:00:38.912,1.34014,1.34019,1.00,1.37
2015.05.04 08:00:39.114,1.34014,1.34021,1.00,1.50
2015.05.04 08:00:40.627,1.34012,1.34021,1.00,1.12
2015.05.04 08:00:40.802,1.34012,1.34019,1.00,1.00
2015.05.04 08:00:40.853,1.34009,1.34019,1.87,2.25
2015.05.04 08:00:40.904,1.34009,1.34013,1.00,1.12
2015.05.04 08:00:40.955,1.34006,1.34013,1.00,1.12
2015.05.04 08:00:41.006,1.34006,1.34011,1.00,1.00
2015.05.04 08:00:41.057,1.34002,1.34011,1.50,1.00
2015.05.04 08:00:41.158,1.34,1.34011,3.00,1.37
2015.05.04 08:00:41.876,1.34,1.3401,2.25,1.12
2015.05.04 08:00:42.409,1.34002,1.34011,1.87,1.87
2015.05.04 08:00:44.334,1.34004,1.34011,1.00,1.00
2015.05.04 08:00:45.148,1.34003,1.34011,1.00,1.00
2015.05.04 08:00:45.401,1.34004,1.34013,1.00,1.00
2015.05.04 08:00:45.935,1.34004,1.34014,1.00,1.87
2015.05.04 08:00:46.445,1.34004,1.34013,1.00,1.00
2015.05.04 08:00:46.686,1.34007,1.34015,1.00,2.62
2015.05.04 08:00:46.788,1.34007,1.34018,1.50,2.25
2015.05.04 08:00:46.889,1.34009,1.34018,1.00,1.50
2015.05.04 08:00:47.345,1.34016,1.34019,1.00,1.12
2015.05.04 08:00:47.600,1.34019,1.34026,1.00,1.12
2015.05.04 08:00:47.653,1.34017,1.34026,1.00,1.00
2015.05.04 08:00:48.468,1.34021,1.34028,1.00,1.00
2015.05.04 08:00:48.728,1.34021,1.3403,1.12,1.00
2015.05.04 08:00:48.779,1.34021,1.34032,1.12,1.00
2015.05.04 08:00:49.316,1.34021,1.34033,1.87,2.25
2015.05.04 08:00:49.957,1.34024,1.34033,1.00,2.25
2015.05.04 08:00:50.466,1.34025,1.34034,1.87,1.00
2015.05.04 08:00:50.771,1.34025,1.34036,1.00,2.62
2015.05.04 08:00:51.371,1.34026,1.34036,1.00,1.50
2015.05.04 08:00:52.723,1.34025,1.34029,2.62,1.00
2015.05.04 08:00:52.977,1.34014,1.34019,1.37,1.00
2015.05.04 08:00:53.029,1.34014,1.34016,1.37,1.00
2015.05.04 08:00:53.131,1.34011,1.34013,1.50,1.00
2015.05.04 08:00:53.239,1.34008,1.3401,1.50,1.50
2015.05.04 08:00:53.392,1.34006,1.34007,1.50,1.00
2015.05.04 08:00:53.494,1.3401,1.34011,1.00,1.00
2015.05.04 08:00:53.546,1.3401,1.34011,1.12,1.00
2015.05.04 08:00:53.597,1.34012,1.34014,1.00,1.20
2015.05.04 08:00:53.649,1.34014,1.34017,1.00,1.00
2015.05.04 08:00:54.007,1.34014,1.34019,1.00,1.00
2015.05.04 08:00:54.108,1.34012,1.34018,1.50,1.00
2015.05.04 08:00:54.263,1.34012,1.34018,3.00,1.00
2015.05.04 08:00:54.468,1.34015,1.34025,1.12,1.87
2015.05.04 08:00:55.524,1.34015,1.34026,2.25,1.00
2015.05.04 08:00:56.067,1.34013,1.34025,1.87,3.00
2015.05.04 08:00:56.118,1.34013,1.34022,1.00,1.00
2015.05.04 08:00:56.438,1.34012,1.34024,1.50,1.12
2015.05.04 08:00:56.539,1.34012,1.34022,1.37,1.00
2015.05.04 08:00:56.642,1.3401,1.34021,4.50,1.00
2015.05.04 08:00:56.694,1.3401,1.34019,1.37,1.00
2015.05.04 08:00:56.796,1.34009,1.34019,1.50,1.50
2015.05.04 08:00:56.847,1.34009,1.34014,1.00,1.00
2015.05.04 08:00:56.948,1.34006,1.34014,1.50,1.00
2015.05.04 08:00:57.101,1.34006,1.34012,1.12,1.00
2015.05.04 08:00:57.415,1.34006,1.34011,1.50,1.00
2015.05.04 08:00:57.617,1.34006,1.34014,1.50,1.00
2015.05.04 08:00:58.144,1.34006,1.34015,1.00,1.00
2015.05.04 08:00:58.296,1.34013,1.34015,1.00,1.00
2015.05.04 08:00:58.398,1.34013,1.34016,1.12,1.00
2015.05.04 08:00:58.499,1.34014,1.34019,1.87,1.00
2015.05.04 08:00:58.735,1.34011,1.34023,1.87,2.10
2015.05.04 08:00:58.937,1.34011,1.34023,1.12,2.10
2015.05.04 08:00:59.467,1.34013,1.34022,1.00,1.60
2015.05.04 08:00:59.619,1.34013,1.34022,1.00,1.50
2015.05.04 08:00:59.705,1.34013,1.34019,1.00,1.00
2015.05.04 08:00:59.810,1.34013,1.34022,1.00,1.50
2015.05.04 08:01:00.467,1.34015,1.34022,1.00,1.00
2015.05.04 08:01:00.671,1.34019,1.34027,1.00,1.00
2015.05.04 08:01:00.824,1.34019,1.34025,1.00,1.00
2015.05.04 08:01:01.339,1.34018,1.34025,1.00,1.00
2015.05.04 08:01:01.848,1.34017,1.34026,1.12,1.00
2015.05.04 08:01:02.354,1.34017,1.34025,1.12,1.00
2015.05.04 08:01:03.100,1.34017,1.34027,1.12,1.00
2015.05.04 08:01:04.710,1.34018,1.34025,1.00,1.00
2015.05.04 08:01:05.215,1.34017,1.34025,1.50,1.00
2015.05.04 08:01:05.422,1.34017,1.34027,1.50,1.00
2015.05.04 08:01:05.937,1.34017,1.34028,3.37,1.00
2015.05.04 08:01:06.444,1.34017,1.34029,2.62,1.00
2015.05.04 08:01:06.725,1.34018,1.34031,1.50,1.00
2015.05.04 08:01:07.240,1.34019,1.34032,1.12,1.50
2015.05.04 08:01:07.392,1.34019,1.34032,2.62,1.50
2015.05.04 08:01:08.400,1.3402,1.34032,4.12,1.50
2015.05.04 08:01:10.703,1.34025,1.34032,1.00,1.00
2015.05.04 08:01:10.844,1.34026,1.34034,1.00,1.00
2015.05.04 08:01:10.896,1.34025,1.34037,3.37,1.00
2015.05.04 08:01:11.149,1.34025,1.34037,1.12,1.00
2015.05.04 08:01:11.200,1.34025,1.34034,1.12,1.00
2015.05.04 08:01:12.052,1.34024,1.34033,1.50,1.00
2015.05.04 08:01:12.561,1.34024,1.34034,1.87,1.12
2015.05.04 08:01:13.216,1.34025,1.34032,1.00,1.00
2015.05.04 08:01:13.813,1.34022,1.34031,2.62,1.00
2015.05.04 08:01:14.422,1.34022,1.34031,2.62,1.00
2015.05.04 08:01:14.966,1.34022,1.34031,2.62,1.00
2015.05.04 08:01:15.522,1.34023,1.34031,1.37,1.00
2015.05.04 08:01:16.267,1.34023,1.34031,1.37,1.00
2015.05.04 08:01:16.470,1.34023,1.34032,1.00,1.12
2015.05.04 08:01:18.677,1.34021,1.34031,1.87,1.00
2015.05.04 08:01:19.213,1.34021,1.34032,1.87,1.12
2015.05.04 08:01:19.709,1.34021,1.3403,1.50,1.00
2015.05.04 08:01:20.666,1.3402,1.34029,4.87,1.00
2015.05.04 08:01:22.310,1.3402,1.34029,2.62,1.00
2015.05.04 08:01:24.458,1.3402,1.3403,1.00,1.00
2015.05.04 08:01:25.002,1.3402,1.34031,1.00,1.50
2015.05.04 08:01:25.507,1.34019,1.34031,1.12,1.50
2015.05.04 08:01:26.153,1.34019,1.3403,1.12,1.00
2015.05.04 08:01:26.686,1.34021,1.3403,1.00,1.50
2015.05.04 08:01:30.656,1.34019,1.3403,2.25,1.87
2015.05.04 08:01:31.199,1.34021,1.3403,1.00,1.50
2015.05.04 08:01:32.407,1.34019,1.3403,1.87,1.87
2015.05.04 08:01:33.611,1.34019,1.34031,1.50,1.87
2015.05.04 08:01:34.193,1.34019,1.3403,1.87,1.87
2015.05.04 08:01:34.706,1.34019,1.3403,1.87,1.50
2015.05.04 08:01:35.457,1.34019,1.3403,1.87,1.87
2015.05.04 08:01:36.243,1.34019,1.3403,1.12,1.50
2015.05.04 08:01:36.764,1.3402,1.34032,1.87,3.00
2015.05.04 08:01:37.488,1.3402,1.34032,2.25,2.62
2015.05.04 08:01:37.901,1.34023,1.34032,1.00,3.37
2015.05.04 08:01:38.003,1.34023,1.34035,1.12,2.25
2015.05.04 08:01:38.771,1.34024,1.34034,1.87,1.37
2015.05.04 08:01:38.822,1.34027,1.34034,1.00,1.37
2015.05.04 08:01:38.873,1.34027,1.34035,1.00,1.37
2015.05.04 08:01:38.975,1.34027,1.34038,1.12,1.37
2015.05.04 08:01:40.320,1.34027,1.34039,3.00,1.00
2015.05.04 08:01:40.422,1.34027,1.3404,1.50,1.75
2015.05.04 08:01:40.923,1.34027,1.34037,1.50,1.37
2015.05.04 08:01:41.232,1.34025,1.34036,1.12,2.25
2015.05.04 08:01:41.334,1.34023,1.34034,1.87,1.00
2015.05.04 08:01:42.380,1.3402,1.34034,2.62,2.62
2015.05.04 08:01:42.743,1.3402,1.34031,2.25,1.00
2015.05.04 08:01:48.396,1.3402,1.34031,1.12,1.50
2015.05.04 08:01:48.919,1.34021,1.34031,1.00,1.50
2015.05.04 08:01:49.841,1.34022,1.34031,1.00,1.50
2015.05.04 08:01:50.396,1.34023,1.34032,1.50,1.37
2015.05.04 08:01:50.498,1.34024,1.34036,1.12,1.50
2015.05.04 08:01:50.650,1.34024,1.34036,1.00,1.50
2015.05.04 08:01:50.953,1.34022,1.34035,1.50,2.25
2015.05.04 08:01:51.797,1.34021,1.34034,1.87,1.50
2015.05.04 08:01:52.000,1.34022,1.34034,1.12,2.25
2015.05.04 08:01:52.518,1.34021,1.3403,1.00,1.00
2015.05.04 08:01:53.775,1.34021,1.34031,1.00,1.00
2015.05.04 08:01:56.107,1.34024,1.34031,1.00,1.00
2015.05.04 08:01:56.265,1.34025,1.34034,1.50,1.12
2015.05.04 08:01:56.368,1.34025,1.34036,1.50,1.00
2015.05.04 08:01:57.431,1.34025,1.34038,1.50,2.62
2015.05.04 08:01:57.634,1.34027,1.34038,1.00,1.50
2015.05.04 08:01:58.808,1.34026,1.34039,1.50,2.25
2015.05.04 08:02:00.415,1.34026,1.34039,1.00,2.62
2015.05.04 08:02:00.943,1.34026,1.34039,1.00,3.74
2015.05.04 08:02:01.452,1.34025,1.34037,1.12,2.25
2015.05.04 08:02:02.621,1.34025,1.34037,1.00,1.87
2015.05.04 08:02:03.305,1.34025,1.34037,1.12,2.62
2015.05.04 08:02:03.759,1.34025,1.34037,1.00,2.25
2015.05.04 08:02:08.081,1.34024,1.34037,1.12,1.50
2015.05.04 08:02:08.625,1.34024,1.34037,1.37,1.50
2015.05.04 08:02:09.302,1.34025,1.34037,1.12,1.37
2015.05.04 08:02:09.990,1.34024,1.34037,1.00,2.25
2015.05.04 08:02:10.700,1.34024,1.34037,1.00,3.00
2015.05.04 08:02:11.403,1.34024,1.34037,1.00,2.25
2015.05.04 08:02:11.904,1.34024,1.34036,1.00,1.00
2015.05.04 08:02:12.455,1.34024,1.34037,1.00,1.87
2015.05.04 08:02:12.797,1.34021,1.34029,2.25,3.00
2015.05.04 08:02:12.949,1.34015,1.34025,1.00,1.00
2015.05.04 08:02:13.001,1.34014,1.34026,1.87,1.50
2015.05.04 08:02:13.438,1.34012,1.34022,1.00,1.00
2015.05.04 08:02:13.489,1.34011,1.34019,1.00,1.00
2015.05.04 08:02:13.844,1.34008,1.34011,1.50,1.50
2015.05.04 08:02:13.896,1.34002,1.3401,2.25,1.00
2015.05.04 08:02:13.997,1.33998,1.34009,2.62,1.12
2015.05.04 08:02:14.048,1.33996,1.34008,1.87,1.87
2015.05.04 08:02:14.354,1.33993,1.34005,1.50,1.00
2015.05.04 08:02:14.456,1.33993,1.34004,1.12,1.00
2015.05.04 08:02:15.945,1.33991,1.34005,3.00,1.00
2015.05.04 08:02:16.466,1.33991,1.34005,4.12,1.50
2015.05.04 08:02:20.914,1.33992,1.34005,2.25,1.50
2015.05.04 08:02:21.419,1.33994,1.34005,1.00,1.00
2015.05.04 08:02:21.934,1.33993,1.34005,2.70,1.00
2015.05.04 08:02:22.654,1.33995,1.34008,2.62,1.00
2015.05.04 08:02:22.705,1.33998,1.34008,1.00,1.00
2015.05.04 08:02:24.588,1.33997,1.34008,1.00,1.12
2015.05.04 08:02:24.895,1.34,1.34009,1.00,1.50
2015.05.04 08:02:25.148,1.34,1.34012,1.12,1.00
2015.05.04 08:02:25.351,1.34001,1.34014,1.12,1.12
2015.05.04 08:02:26.301,1.34,1.34013,2.62,1.00
2015.05.04 08:02:26.352,1.34,1.34011,1.00,1.00
2015.05.04 08:02:26.605,1.33991,1.34004,1.00,1.50
2015.05.04 08:02:26.807,1.33989,1.34002,2.25,1.00
2015.05.04 08:02:27.052,1.3399,1.33999,1.12,1.12
2015.05.04 08:02:27.103,1.33986,1.33997,3.00,1.00
2015.05.04 08:02:27.206,1.33986,1.33995,2.25,1.00
2015.05.04 08:02:27.359,1.33981,1.33994,3.00,1.87
2015.05.04 08:02:27.561,1.33979,1.33991,3.00,1.00
2015.05.04 08:02:27.959,1.33977,1.3399,3.37,1.87
2015.05.04 08:02:28.506,1.33977,1.33988,2.62,1.50
2015.05.04 08:02:29.060,1.3398,1.33988,1.00,1.00
2015.05.04 08:02:29.263,1.33981,1.33993,2.70,1.12
2015.05.04 08:02:29.415,1.33985,1.33993,1.00,1.00
2015.05.04 08:02:29.668,1.33986,1.34,1.12,1.50
2015.05.04 08:02:29.820,1.33988,1.34001,1.00,3.00
2015.05.04 08:02:30.167,1.33991,1.34003,1.00,1.75
2015.05.04 08:02:30.915,1.3399,1.33992,1.00,1.50
2015.05.04 08:02:30.966,1.33986,1.33991,1.12,1.50
2015.05.04 08:02:31.017,1.3398,1.3399,1.75,1.00
2015.05.04 08:02:31.119,1.33979,1.33989,1.50,3.00
2015.05.04 08:02:31.170,1.33979,1.33987,1.00,1.12
2015.05.04 08:02:31.474,1.33981,1.33989,1.00,1.87
2015.05.04 08:02:31.525,1.33979,1.33989,1.12,1.87
2015.05.04 08:02:32.071,1.33979,1.33988,1.12,1.00
2015.05.04 08:02:32.273,1.33981,1.33989,1.00,1.00
2015.05.04 08:02:32.324,1.33981,1.33991,1.00,1.12
2015.05.04 08:02:32.577,1.33981,1.33991,1.37,1.00
2015.05.04 08:02:32.845,1.33985,1.33998,1.00,1.75
2015.05.04 08:02:33.351,1.33985,1.33998,1.12,3.07
2015.05.04 08:02:33.946,1.33985,1.33998,1.00,3.07
2015.05.04 08:02:34.149,1.33988,1.33998,1.00,3.32
2015.05.04 08:02:34.757,1.33988,1.33998,1.00,3.70
2015.05.04 08:02:35.287,1.33987,1.33996,1.00,1.50
2015.05.04 08:02:35.389,1.33985,1.33996,1.87,1.50
2015.05.04 08:02:35.894,1.33983,1.33996,3.00,1.50
2015.05.04 08:02:36.400,1.33983,1.33995,1.87,1.00
2015.05.04 08:02:36.856,1.33985,1.33997,1.87,1.00
2015.05.04 08:02:36.957,1.33985,1.33998,1.37,1.00
2015.05.04 08:02:37.320,1.33987,1.33993,1.12,1.00
2015.05.04 08:02:37.422,1.33988,1.33996,1.00,1.00
2015.05.04 08:02:37.474,1.33986,1.33997,1.00,2.25
2015.05.04 08:02:37.727,1.33987,1.33999,1.50,2.25
2015.05.04 08:02:38.081,1.33988,1.33999,1.50,1.12
2015.05.04 08:02:38.337,1.33985,1.33998,3.75,1.00
2015.05.04 08:02:38.489,1.33985,1.33995,3.00,1.00
2015.05.04 08:02:38.793,1.33987,1.33993,1.00,1.00
2015.05.04 08:02:38.894,1.33985,1.33993,1.00,1.00
2015.05.04 08:02:39.046,1.33985,1.33996,1.00,1.87
2015.05.04 08:02:39.663,1.33982,1.33996,1.50,1.50
2015.05.04 08:02:39.765,1.33981,1.33995,1.50,1.37
2015.05.04 08:02:40.068,1.3398,1.33991,1.12,1.00
2015.05.04 08:02:40.378,1.33978,1.33989,2.62,1.00
2015.05.04 08:02:41.283,1.3398,1.33989,1.00,1.00
2015.05.04 08:02:41.934,1.3398,1.33982,1.00,1.00
2015.05.04 08:02:41.985,1.33977,1.33982,1.10,1.00
2015.05.04 08:02:42.036,1.33978,1.33985,1.00,1.87
2015.05.04 08:02:42.087,1.33978,1.33989,1.87,1.00
2015.05.04 08:02:42.339,1.3398,1.33991,1.00,1.87
2015.05.04 08:02:42.902,1.3398,1.33991,1.00,1.87
2015.05.04 08:02:43.436,1.3398,1.33991,1.50,1.50
2015.05.04 08:02:44.129,1.3398,1.33991,1.87,1.50
2015.05.04 08:02:44.685,1.33981,1.33991,1.00,1.50
2015.05.04 08:02:45.189,1.33981,1.33991,1.00,1.50
2015.05.04 08:02:45.846,1.3398,1.33991,2.25,1.00
2015.05.04 08:02:46.399,1.33981,1.33992,1.00,4.12
2015.05.04 08:02:47.103,1.3398,1.33992,3.00,4.12
2015.05.04 08:02:47.614,1.3398,1.33991,1.87,1.00
2015.05.04 08:02:48.043,1.3398,1.33989,2.25,1.00
2015.05.04 08:02:48.346,1.33978,1.33989,1.50,2.62
2015.05.04 08:02:48.650,1.3398,1.3399,1.12,1.12
2015.05.04 08:02:48.955,1.33982,1.3399,1.00,1.12
2015.05.04 08:02:50.919,1.33982,1.3399,1.00,1.00
2015.05.04 08:02:51.173,1.33981,1.33988,1.00,2.62
2015.05.04 08:02:51.223,1.3398,1.33988,1.87,3.00
2015.05.04 08:02:51.375,1.33978,1.33982,1.00,1.00
2015.05.04 08:02:51.528,1.33982,1.33984,1.00,1.12
2015.05.04 08:02:51.630,1.3398,1.33982,1.00,1.00
2015.05.04 08:02:51.782,1.3398,1.33988,1.00,1.12
2015.05.04 08:02:51.883,1.3398,1.3399,1.00,1.50
2015.05.04 08:02:52.389,1.33979,1.33991,1.00,4.87
2015.05.04 08:02:52.931,1.33977,1.3399,2.25,1.12
2015.05.04 08:02:53.134,1.33978,1.3399,1.87,1.00
2015.05.04 08:02:53.823,1.33979,1.3399,1.00,1.00
2015.05.04 08:02:54.334,1.33978,1.3399,1.50,1.00
2015.05.04 08:02:54.878,1.33978,1.33989,1.50,1.00
2015.05.04 08:02:55.291,1.33977,1.33987,1.50,1.37
2015.05.04 08:02:55.443,1.33977,1.33987,1.50,1.50
2015.05.04 08:02:55.645,1.33979,1.3399,1.00,2.70
2015.05.04 08:02:56.170,1.3398,1.3399,1.50,1.12
2015.05.04 08:02:56.675,1.33981,1.33991,1.00,1.87
2015.05.04 08:02:57.516,1.33981,1.33988,1.00,3.37
2015.05.04 08:02:57.718,1.33981,1.33989,1.00,1.00
2015.05.04 08:02:58.227,1.33981,1.33988,1.00,1.00
2015.05.04 08:02:58.764,1.33982,1.33988,1.00,1.00
2015.05.04 08:02:59.251,1.33984,1.33988,1.00,1.00
2015.05.04 08:02:59.772,1.33982,1.33988,1.00,1.00
2015.05.04 08:03:01.531,1.33985,1.33988,1.00,1.00
2015.05.04 08:03:01.632,1.33985,1.3399,1.00,1.00
2015.05.04 08:03:01.734,1.33985,1.33992,1.00,1.00
2015.05.04 08:03:01.937,1.33985,1.33988,1.00,1.00
2015.05.04 08:03:01.988,1.33983,1.33988,1.00,1.00
2015.05.04 08:03:03.356,1.3398,1.33983,4.12,1.37
2015.05.04 08:03:03.407,1.33981,1.33982,1.00,1.12
2015.05.04 08:03:03.458,1.33981,1.33985,1.00,1.50
2015.05.04 08:03:03.509,1.33981,1.33984,1.50,1.00
2015.05.04 08:03:03.611,1.33983,1.33988,1.00,1.00
2015.05.04 08:03:05.175,1.33979,1.33988,1.50,1.00
2015.05.04 08:03:05.698,1.3398,1.33988,1.00,1.00
2015.05.04 08:03:07.054,1.33983,1.33988,1.00,1.00
2015.05.04 08:03:07.156,1.33983,1.3399,1.87,1.00
2015.05.04 08:03:07.207,1.33984,1.33991,1.37,1.00
2015.05.04 08:03:07.511,1.33984,1.33994,1.00,1.00
2015.05.04 08:03:07.814,1.33986,1.33994,1.00,1.00
2015.05.04 08:03:07.971,1.33986,1.33996,1.00,1.12
2015.05.04 08:03:08.279,1.33987,1.33998,1.50,1.87
2015.05.04 08:03:08.532,1.33988,1.34,1.50,1.12
2015.05.04 08:03:09.041,1.33989,1.34,1.00,1.12
2015.05.04 08:03:09.623,1.33989,1.34,1.00,1.50
2015.05.04 08:03:10.251,1.33989,1.34,1.37,1.00
2015.05.04 08:03:10.391,1.33992,1.34,1.50,1.00
2015.05.04 08:03:10.696,1.33996,1.34002,1.00,1.00
2015.05.04 08:03:10.848,1.33999,1.34007,1.00,1.00
2015.05.04 08:03:10.949,1.34,1.34009,1.75,1.00
2015.05.04 08:03:11.475,1.34,1.34009,1.12,1.00
2015.05.04 08:03:11.627,1.33996,1.34007,2.62,1.37
2015.05.04 08:03:11.678,1.33996,1.34006,1.50,1.00
2015.05.04 08:03:11.782,1.33997,1.34001,1.00,1.00
2015.05.04 08:03:11.936,1.33994,1.34001,1.00,1.00
2015.05.04 08:03:11.987,1.33994,1.33997,1.00,1.00
2015.05.04 08:03:12.291,1.33993,1.33999,2.62,1.00
2015.05.04 08:03:12.547,1.33995,1.34002,1.50,1.00
2015.05.04 08:03:12.598,1.33995,1.34003,1.50,1.00
2015.05.04 08:03:12.851,1.33997,1.34005,1.00,1.12
2015.05.04 08:03:12.953,1.33997,1.34005,1.00,1.75
2015.05.04 08:03:13.501,1.33998,1.34005,1.00,2.25
2015.05.04 08:03:14.248,1.33997,1.34,1.50,1.00
2015.05.04 08:03:14.350,1.33996,1.33999,1.00,1.00
2015.05.04 08:03:14.452,1.33994,1.34002,1.00,3.75
2015.05.04 08:03:16.111,1.33995,1.34,1.00,1.12
2015.05.04 08:03:16.162,1.33997,1.34001,1.50,1.50
2015.05.04 08:03:16.465,1.34,1.34002,1.50,1.00
2015.05.04 08:03:16.669,1.33998,1.34001,1.00,1.00
2015.05.04 08:03:16.872,1.33998,1.34,1.37,1.00
2015.05.04 08:03:17.265,1.33995,1.33999,4.12,2.25
2015.05.04 08:03:17.956,1.33995,1.33999,1.00,3.00
2015.05.04 08:03:18.058,1.33992,1.33998,1.00,1.75
2015.05.04 08:03:18.176,1.33991,1.33997,1.50,2.25
2015.05.04 08:03:18.480,1.3399,1.33993,1.00,1.75
2015.05.04 08:03:18.783,1.33989,1.3399,1.00,1.00
2015.05.04 08:03:18.986,1.3399,1.33997,1.00,1.00
2015.05.04 08:03:19.189,1.33991,1.33999,1.00,1.00
2015.05.04 08:03:21.164,1.33991,1.34001,1.50,3.75
2015.05.04 08:03:21.316,1.33991,1.33999,1.00,1.00
2015.05.04 08:03:22.491,1.33989,1.33998,1.00,1.00
2015.05.04 08:03:24.001,1.33994,1.33998,1.00,1.00
2015.05.04 08:03:24.102,1.33992,1.33997,1.00,1.00
2015.05.04 08:03:24.204,1.3399,1.33998,1.00,1.00
2015.05.04 08:03:26.442,1.3399,1.33999,1.50,1.50
2015.05.04 08:03:27.325,1.3399,1.33998,1.00,1.00
2015.05.04 08:03:27.830,1.33989,1.33998,1.00,1.50
2015.05.04 08:03:28.090,1.3399,1.34001,1.12,1.87
2015.05.04 08:03:28.295,1.33993,1.34001,1.00,1.12
2015.05.04 08:03:28.601,1.33994,1.34002,4.50,1.00
2015.05.04 08:03:28.905,1.33998,1.34002,1.00,1.00
2015.05.04 08:03:28.956,1.33996,1.34002,1.87,1.00
2015.05.04 08:03:29.057,1.33997,1.34002,1.50,1.00
2015.05.04 08:03:29.210,1.34002,1.3401,1.12,1.12
2015.05.04 08:03:29.261,1.34002,1.3401,1.87,1.12
2015.05.04 08:03:29.413,1.34005,1.34013,1.00,1.00
2015.05.04 08:03:29.919,1.34006,1.34015,1.12,2.25
2015.05.04 08:03:30.100,1.34006,1.34016,1.12,3.75
2015.05.04 08:03:30.608,1.34006,1.34014,1.00,1.00
2015.05.04 08:03:30.965,1.34007,1.34015,1.87,1.37
2015.05.04 08:03:31.117,1.34006,1.34016,1.00,1.37
2015.05.04 08:03:31.204,1.34006,1.34015,1.00,1.37
2015.05.04 08:03:31.714,1.34005,1.34015,1.12,1.37
2015.05.04 08:03:32.169,1.34004,1.34006,3.00,1.50
2015.05.04 08:03:32.304,1.34002,1.34005,1.87,1.50
2015.05.04 08:03:32.356,1.34004,1.34009,1.00,1.00
2015.05.04 08:03:32.458,1.34007,1.34012,1.00,1.37
2015.05.04 08:03:32.766,1.34003,1.34007,1.37,1.37
2015.05.04 08:03:32.969,1.34002,1.34008,1.00,5.25
2015.05.04 08:03:33.379,1.34003,1.34009,1.00,2.25
2015.05.04 08:03:33.480,1.34003,1.3401,1.00,1.50
2015.05.04 08:03:34.020,1.34003,1.3401,1.00,2.25
2015.05.04 08:03:34.539,1.34003,1.34009,1.50,1.87
2015.05.04 08:03:34.594,1.34003,1.3401,1.50,1.00
2015.05.04 08:03:35.162,1.34003,1.3401,1.50,1.87
2015.05.04 08:03:35.213,1.34006,1.3401,1.00,2.25
2015.05.04 08:03:35.507,1.34006,1.34011,1.00,1.00
2015.05.04 08:03:36.015,1.34006,1.34011,1.00,2.25
2015.05.04 08:03:36.277,1.34004,1.34007,2.25,1.87
2015.05.04 08:03:36.328,1.34004,1.34006,1.50,1.87
2015.05.04 08:03:36.379,1.34001,1.34005,1.00,1.50
2015.05.04 08:03:36.430,1.34002,1.34003,1.00,1.00
2015.05.04 08:03:36.721,1.33999,1.34003,1.50,1.87
2015.05.04 08:03:36.822,1.34002,1.34004,1.00,1.87
2015.05.04 08:03:37.127,1.34,1.34003,2.50,1.50
2015.05.04 08:03:37.228,1.34001,1.34003,1.00,1.00
2015.05.04 08:03:37.633,1.34002,1.34004,1.00,1.50
2015.05.04 08:03:37.835,1.34003,1.3401,1.00,1.50
2015.05.04 08:03:37.988,1.34003,1.34011,1.00,1.87
2015.05.04 08:03:38.089,1.34005,1.3401,1.00,1.00
2015.05.04 08:03:38.595,1.34007,1.34011,1.00,1.00
2015.05.04 08:03:38.898,1.34007,1.34013,1.00,1.50
2015.05.04 08:03:38.949,1.34005,1.34013,1.12,1.50
2015.05.04 08:03:39.304,1.34005,1.34011,1.00,1.12
2015.05.04 08:03:39.843,1.34005,1.34011,1.00,3.37
2015.05.04 08:03:40.291,1.34003,1.34011,1.87,1.12
2015.05.04 08:03:40.393,1.34005,1.34011,1.00,1.87
2015.05.04 08:03:40.698,1.34003,1.3401,1.12,1.50
2015.05.04 08:03:41.052,1.34002,1.34009,1.87,2.25
2015.05.04 08:03:41.559,1.34001,1.34007,1.12,1.87
2015.05.04 08:03:41.927,1.34,1.34008,1.87,1.00
2015.05.04 08:03:42.532,1.34,1.34009,1.50,1.50
2015.05.04 08:03:43.066,1.34,1.34008,1.87,1.00
2015.05.04 08:03:43.650,1.34002,1.34008,1.00,1.87
2015.05.04 08:03:44.189,1.34002,1.3401,1.00,3.75
2015.05.04 08:03:44.707,1.34002,1.34009,1.00,2.25
2015.05.04 08:03:45.215,1.34002,1.34009,1.00,1.00
2015.05.04 08:03:45.775,1.34002,1.34009,1.00,2.25
2015.05.04 08:03:46.572,1.34002,1.3401,1.00,1.12
2015.05.04 08:03:47.280,1.34002,1.3401,1.00,3.00
2015.05.04 08:03:47.807,1.34002,1.34008,1.00,2.25
2015.05.04 08:03:48.324,1.34002,1.34009,1.00,2.62
2015.05.04 08:03:48.847,1.34002,1.34009,1.00,1.00
2015.05.04 08:03:48.949,1.34,1.34009,1.12,2.25
2015.05.04 08:03:49.488,1.33999,1.34008,2.25,2.25
2015.05.04 08:03:49.727,1.34002,1.34008,1.00,1.87
2015.05.04 08:03:49.828,1.34002,1.3401,1.00,1.87
2015.05.04 08:03:50.390,1.34003,1.3401,1.00,1.50
2015.05.04 08:03:51.196,1.34005,1.3401,1.00,1.87
2015.05.04 08:03:51.297,1.34003,1.3401,1.00,1.50
2015.05.04 08:03:51.499,1.34001,1.3401,1.12,1.12
2015.05.04 08:03:51.710,1.34001,1.34009,1.00,2.25
2015.05.04 08:03:52.246,1.33999,1.34009,1.87,2.62
2015.05.04 08:03:52.794,1.33999,1.34008,1.50,1.00
2015.05.04 08:03:53.097,1.34,1.34007,1.00,1.87
2015.05.04 08:03:53.521,1.34,1.34008,1.00,1.00
2015.05.04 08:03:53.760,1.34,1.34007,1.00,1.37
2015.05.04 08:03:54.015,1.33991,1.34,1.12,1.37
2015.05.04 08:03:54.067,1.3399,1.34,2.25,1.37
2015.05.04 08:03:54.578,1.33985,1.33993,1.00,1.12
2015.05.04 08:03:54.680,1.33987,1.33993,1.00,1.87
2015.05.04 08:03:54.984,1.33985,1.33993,1.00,1.12
2015.05.04 08:03:55.491,1.33985,1.33993,1.00,1.37
2015.05.04 08:03:55.836,1.33987,1.33994,1.00,2.25
2015.05.04 08:03:58.139,1.33987,1.33994,1.00,1.37
2015.05.04 08:03:59.411,1.33986,1.33994,1.00,1.37
2015.05.04 08:04:00.024,1.33987,1.33995,1.00,1.50
2015.05.04 08:04:00.277,1.33989,1.33996,1.00,1.50
2015.05.04 08:04:00.622,1.33995,1.33996,1.00,1.12
2015.05.04 08:04:00.674,1.33995,1.34,1.00,1.50
2015.05.04 08:04:01.036,1.33996,1.34002,1.50,1.37
2015.05.04 08:04:01.548,1.33999,1.34002,1.00,1.37
2015.05.04 08:04:01.753,1.33997,1.34002,1.87,1.37
2015.05.04 08:04:02.057,1.33998,1.34005,1.00,1.37
2015.05.04 08:04:02.583,1.33997,1.34005,1.50,1.37
2015.05.04 08:04:02.684,1.33995,1.34005,1.00,3.37
2015.05.04 08:04:02.771,1.33994,1.34003,1.37,1.37
2015.05.04 08:04:02.824,1.33992,1.34,1.10,1.50
2015.05.04 08:04:02.876,1.33987,1.33994,3.37,1.37
2015.05.04 08:04:02.977,1.33983,1.33994,4.12,1.37
2015.05.04 08:04:03.029,1.33983,1.33993,1.50,1.12
2015.05.04 08:04:03.080,1.33984,1.33993,1.00,1.50
2015.05.04 08:04:03.590,1.33983,1.33992,1.00,1.37
2015.05.04 08:04:04.090,1.33983,1.33991,1.00,1.37
2015.05.04 08:04:04.411,1.33983,1.33989,1.00,1.37
2015.05.04 08:04:04.998,1.3398,1.33989,1.50,1.37
2015.05.04 08:04:05.200,1.33982,1.33989,1.00,1.37
2015.05.04 08:04:05.834,1.33983,1.33989,1.00,1.37
2015.05.04 08:04:06.272,1.33981,1.33989,1.00,1.37
2015.05.04 08:04:06.373,1.33978,1.33988,3.00,1.37
2015.05.04 08:04:06.577,1.33976,1.33985,1.12,2.62
2015.05.04 08:04:09.265,1.33976,1.33985,1.00,2.62
2015.05.04 08:04:09.734,1.33975,1.33982,1.00,1.37
2015.05.04 08:04:09.786,1.33973,1.33975,1.95,1.12
2015.05.04 08:04:09.889,1.33972,1.33974,1.50,1.00
2015.05.04 08:04:10.041,1.33971,1.33973,1.87,1.00
2015.05.04 08:04:10.143,1.33973,1.33975,1.00,1.87
2015.05.04 08:04:10.446,1.33971,1.33976,1.00,1.50
2015.05.04 08:04:10.598,1.33969,1.33977,1.12,1.20
2015.05.04 08:04:10.699,1.33971,1.33977,1.00,1.12
2015.05.04 08:04:10.812,1.33967,1.33975,2.62,1.37
2015.05.04 08:04:10.914,1.33972,1.33975,1.00,1.12
2015.05.04 08:04:12.000,1.33972,1.33976,1.00,1.37
2015.05.04 08:04:12.147,1.33965,1.33974,1.00,3.00
2015.05.04 08:04:12.198,1.33965,1.3397,1.00,1.00
2015.05.04 08:04:12.249,1.33963,1.3397,2.25,1.87
2015.05.04 08:04:12.351,1.33961,1.3397,3.75,4.50
2015.05.04 08:04:12.654,1.33961,1.33965,1.00,1.12
2015.05.04 08:04:13.162,1.33962,1.33965,1.00,1.12
2015.05.04 08:04:13.213,1.3396,1.33965,3.37,1.12
2015.05.04 08:04:13.315,1.33962,1.33965,1.00,1.12
2015.05.04 08:04:13.517,1.33964,1.33971,1.00,1.37
2015.05.04 08:04:13.972,1.33962,1.33971,1.00,1.87
2015.05.04 08:04:14.174,1.33962,1.3397,1.00,3.62
2015.05.04 08:04:14.276,1.3396,1.33966,1.00,1.50
2015.05.04 08:04:14.327,1.33957,1.33966,1.12,2.87
2015.05.04 08:04:14.530,1.33957,1.33966,1.00,4.50
2015.05.04 08:04:14.733,1.33955,1.33964,1.00,2.25
2015.05.04 08:04:14.886,1.33954,1.3396,1.12,1.00
2015.05.04 08:04:14.988,1.33958,1.3396,1.00,1.00
2015.05.04 08:04:15.089,1.33956,1.33964,1.00,1.37
2015.05.04 08:04:15.191,1.33957,1.33964,1.00,2.50
2015.05.04 08:04:15.293,1.33955,1.33964,2.62,3.25
2015.05.04 08:04:15.749,1.33955,1.33963,1.00,1.12
2015.05.04 08:04:16.075,1.33953,1.33963,1.00,2.12
2015.05.04 08:04:16.278,1.33955,1.33963,1.00,1.00
2015.05.04 08:04:16.480,1.33955,1.33963,1.00,1.87
2015.05.04 08:04:16.824,1.33955,1.33963,1.00,1.37
2015.05.04 08:04:17.330,1.33954,1.33963,1.00,3.37
2015.05.04 08:04:18.251,1.33958,1.33963,1.00,1.12
2015.05.04 08:04:18.505,1.33959,1.33965,1.00,1.50
2015.05.04 08:04:18.657,1.33957,1.33965,1.12,1.12
2015.05.04 08:04:18.809,1.33959,1.33965,1.50,1.12
2015.05.04 08:04:19.134,1.33961,1.33965,1.00,1.12
2015.05.04 08:04:19.442,1.33963,1.33965,1.00,1.00
2015.05.04 08:04:19.543,1.33963,1.33971,1.00,1.50
2015.05.04 08:04:20.061,1.33964,1.33973,1.12,1.87
2015.05.04 08:04:20.520,1.33964,1.33973,1.37,1.37
2015.05.04 08:04:21.989,1.33966,1.33975,1.12,1.37
2015.05.04 08:04:22.875,1.33965,1.33974,2.32,1.37
2015.05.04 08:04:24.941,1.33965,1.33975,3.75,1.37
2015.05.04 08:04:27.918,1.33966,1.33975,1.50,1.37
2015.05.04 08:04:28.622,1.33967,1.33971,1.00,1.50
2015.05.04 08:04:28.825,1.3396,1.33965,1.12,1.00
2015.05.04 08:04:29.079,1.3396,1.33961,1.00,1.00
2015.05.04 08:04:29.501,1.3396,1.33964,1.00,1.50
2015.05.04 08:04:30.132,1.33959,1.33964,1.00,1.00
2015.05.04 08:04:30.536,1.33959,1.33961,1.00,1.00
2015.05.04 08:04:31.157,1.33957,1.3396,1.00,1.00
2015.05.04 08:04:31.476,1.33957,1.33961,1.00,3.00
2015.05.04 08:04:32.882,1.33955,1.33959,1.00,1.00
2015.05.04 08:04:33.257,1.33956,1.33959,1.00,1.00
2015.05.04 08:04:35.957,1.33957,1.3396,1.00,1.00
2015.05.04 08:04:36.110,1.3396,1.33963,1.00,1.00
2015.05.04 08:04:36.414,1.33958,1.33963,1.00,1.12
2015.05.04 08:04:36.928,1.33959,1.33963,1.00,1.12
2015.05.04 08:04:37.221,1.33958,1.3396,1.00,1.00
2015.05.04 08:04:37.726,1.33958,1.33963,1.00,1.12
2015.05.04 08:04:37.827,1.33957,1.33961,1.00,2.25
2015.05.04 08:04:37.878,1.33954,1.3396,1.00,1.00
2015.05.04 08:04:37.929,1.33954,1.33958,1.00,1.00
2015.05.04 08:04:38.436,1.33954,1.33959,1.00,1.00
2015.05.04 08:04:38.982,1.33954,1.3396,1.00,1.50
2015.05.04 08:04:39.384,1.33955,1.3396,1.00,1.37
2015.05.04 08:04:39.904,1.33954,1.3396,1.00,3.00
2015.05.04 08:04:40.409,1.33955,1.3396,1.00,3.75
2015.05.04 08:04:41.270,1.33954,1.3396,1.00,2.62
2015.05.04 08:04:41.473,1.33951,1.33959,1.00,1.37
2015.05.04 08:04:41.624,1.33951,1.33956,1.00,1.00
2015.05.04 08:04:41.928,1.3395,1.33955,1.00,1.37
2015.05.04 08:04:42.250,1.33952,1.33955,1.00,1.37
2015.05.04 08:04:42.757,1.33951,1.33955,1.00,1.37
2015.05.04 08:04:43.229,1.33953,1.33955,1.00,1.12
2015.05.04 08:04:43.370,1.33953,1.3396,1.00,1.12
2015.05.04 08:04:44.380,1.33953,1.33963,1.00,1.50
2015.05.04 08:04:44.770,1.33953,1.33963,1.37,2.25
2015.05.04 08:04:45.136,1.33954,1.33963,1.00,1.87
2015.05.04 08:04:45.237,1.3395,1.33961,2.62,1.37
2015.05.04 08:04:45.440,1.33951,1.33959,1.00,1.37
2015.05.04 08:04:45.945,1.3395,1.33959,1.00,1.37
2015.05.04 08:04:46.551,1.3395,1.33959,1.00,1.37
2015.05.04 08:04:46.653,1.33951,1.33959,1.00,1.37
2015.05.04 08:04:47.751,1.3395,1.3396,1.00,1.50
2015.05.04 08:04:49.837,1.33948,1.33955,2.25,1.37
2015.05.04 08:04:50.141,1.33947,1.33955,1.00,1.50
2015.05.04 08:04:50.444,1.33949,1.33955,1.00,1.37
2015.05.04 08:04:50.675,1.33949,1.33955,1.00,1.37
2015.05.04 08:04:51.185,1.33948,1.33955,1.00,1.37
2015.05.04 08:04:52.492,1.33949,1.33956,1.00,1.37
2015.05.04 08:04:53.799,1.33945,1.33951,3.82,1.37
2015.05.04 08:04:53.906,1.33945,1.3395,1.10,1.12
2015.05.04 08:04:53.957,1.33942,1.33944,1.50,1.00
2015.05.04 08:04:54.059,1.33939,1.33943,2.25,1.87
2015.05.04 08:04:54.116,1.33938,1.3394,2.70,1.00
2015.05.04 08:04:54.218,1.33935,1.33939,1.00,1.50
2015.05.04 08:04:54.269,1.33929,1.33941,3.00,1.50
2015.05.04 08:04:54.472,1.3393,1.33938,1.00,1.37
2015.05.04 08:04:54.573,1.33928,1.33938,1.00,1.37
2015.05.04 08:04:54.775,1.33926,1.33938,4.20,1.37
2015.05.04 08:04:55.140,1.33926,1.33935,4.12,1.37
2015.05.04 08:04:55.600,1.33926,1.33935,1.87,1.37
2015.05.04 08:04:55.959,1.33926,1.33936,1.87,1.37
2015.05.04 08:04:56.094,1.33927,1.33935,1.00,1.50
2015.05.04 08:04:56.197,1.33924,1.33934,2.25,1.87
2015.05.04 08:04:56.248,1.33924,1.33932,1.12,1.75
2015.05.04 08:04:56.300,1.33922,1.33931,3.00,1.12
2015.05.04 08:04:56.553,1.3392,1.33928,1.87,1.12
2015.05.04 08:04:56.655,1.33923,1.33927,1.00,1.00
2015.05.04 08:04:57.009,1.3392,1.3393,1.87,3.00
2015.05.04 08:04:57.216,1.3392,1.3393,1.12,2.62
2015.05.04 08:04:57.267,1.33918,1.33928,1.00,1.50
2015.05.04 08:04:57.419,1.33922,1.33928,1.00,2.47
2015.05.04 08:04:57.623,1.33923,1.3393,1.87,2.32
2015.05.04 08:04:57.674,1.33925,1.3393,1.00,1.87
2015.05.04 08:04:57.725,1.33926,1.33931,1.00,1.12
2015.05.04 08:04:57.826,1.33926,1.33935,1.00,1.50
2015.05.04 08:04:57.985,1.33926,1.33935,1.00,1.37
2015.05.04 08:04:58.187,1.33926,1.33936,1.50,1.50
2015.05.04 08:04:58.900,1.33926,1.33935,1.50,1.00
2015.05.04 08:04:59.413,1.33926,1.33936,3.75,1.12
2015.05.04 08:04:59.933,1.33932,1.33936,1.00,3.37
2015.05.04 08:05:00.366,1.33931,1.33936,1.00,1.50
2015.05.04 08:05:00.518,1.33932,1.33936,1.00,1.37
2015.05.04 08:05:00.569,1.3393,1.33936,1.00,1.37
2015.05.04 08:05:00.620,1.3393,1.33936,1.00,1.37
2015.05.04 08:05:00.721,1.33931,1.33936,1.00,1.87
2015.05.04 08:05:01.235,1.33931,1.33936,1.00,2.25
2015.05.04 08:05:02.172,1.33925,1.33935,4.50,1.37
2015.05.04 08:05:02.273,1.33931,1.33935,1.00,1.37
2015.05.04 08:05:02.934,1.33929,1.33935,1.00,1.37
2015.05.04 08:05:03.554,1.33928,1.33936,1.00,3.00
2015.05.04 08:05:03.606,1.33928,1.33936,1.00,3.37
2015.05.04 08:05:03.753,1.33925,1.33934,1.50,1.37
2015.05.04 08:05:03.906,1.33924,1.3393,1.00,1.37
2015.05.04 08:05:04.414,1.33927,1.3393,1.00,1.87
2015.05.04 08:05:04.773,1.33927,1.3393,1.00,1.00
2015.05.04 08:05:04.874,1.33927,1.33932,1.00,1.87
2015.05.04 08:05:05.391,1.33926,1.33932,1.00,2.62
2015.05.04 08:05:05.695,1.33923,1.33932,1.50,3.00
2015.05.04 08:05:05.766,1.33923,1.33925,1.00,1.37
2015.05.04 08:05:05.818,1.33925,1.33927,1.00,1.00
2015.05.04 08:05:05.870,1.33925,1.33927,1.50,1.00
2015.05.04 08:05:05.971,1.33929,1.33932,1.00,1.50
2015.05.04 08:05:06.023,1.33928,1.3393,1.00,1.00
2015.05.04 08:05:06.452,1.3393,1.33936,1.00,1.37
2015.05.04 08:05:06.504,1.33927,1.33936,1.00,1.37
2015.05.04 08:05:06.605,1.3393,1.33935,1.00,1.00
2015.05.04 08:05:06.918,1.33928,1.33935,1.00,1.50
2015.05.04 08:05:06.969,1.33926,1.33935,1.00,1.37
2015.05.04 08:05:07.766,1.33924,1.33936,2.25,1.37
2015.05.04 08:05:08.374,1.33926,1.33935,1.00,1.37
2015.05.04 08:05:08.689,1.33928,1.33936,1.00,1.37
2015.05.04 08:05:09.764,1.33929,1.33936,4.12,1.37
2015.05.04 08:05:09.815,1.33933,1.33936,1.00,1.37
2015.05.04 08:05:09.917,1.33933,1.33935,1.12,1.00
2015.05.04 08:05:09.968,1.33933,1.33941,1.12,1.87
2015.05.04 08:05:10.434,1.33934,1.3394,1.00,1.12
2015.05.04 08:05:10.940,1.33933,1.33945,1.87,3.00
2015.05.04 08:05:11.041,1.33934,1.33945,1.37,2.62
2015.05.04 08:05:11.556,1.33935,1.33945,3.75,1.37
2015.05.04 08:05:11.606,1.33935,1.33945,4.50,1.37
2015.05.04 08:05:12.193,1.33935,1.33945,6.00,1.37
2015.05.04 08:05:12.641,1.33935,1.33946,5.25,1.50
2015.05.04 08:05:12.999,1.33935,1.33944,4.50,1.00
2015.05.04 08:05:14.155,1.33937,1.33944,1.50,1.00
2015.05.04 08:05:14.308,1.33938,1.3395,1.50,3.37
2015.05.04 08:05:14.409,1.33938,1.33947,1.50,1.00
2015.05.04 08:05:16.607,1.33938,1.33949,1.50,1.00
2015.05.04 08:05:17.810,1.33938,1.3395,1.75,3.37
2015.05.04 08:05:18.266,1.33941,1.33953,1.00,1.50
2015.05.04 08:05:18.458,1.3394,1.33952,1.87,1.12
2015.05.04 08:05:18.660,1.3394,1.33952,2.62,1.12
2015.05.04 08:05:18.711,1.3394,1.3395,1.00,1.00
2015.05.04 08:05:18.914,1.33937,1.33948,4.50,1.00
2015.05.04 08:05:19.534,1.33937,1.33946,1.00,1.00
2015.05.04 08:05:19.737,1.33933,1.33944,3.75,1.00
2015.05.04 08:05:19.941,1.33932,1.33942,1.00,1.00
2015.05.04 08:05:20.508,1.3393,1.33941,1.87,1.50
2015.05.04 08:05:20.972,1.3393,1.33943,5.25,1.12
2015.05.04 08:05:21.616,1.3393,1.33942,4.87,1.00
2015.05.04 08:05:21.667,1.3393,1.3394,4.12,1.50
2015.05.04 08:05:21.844,1.33926,1.33935,1.00,1.00
2015.05.04 08:05:22.097,1.33926,1.33937,1.50,1.00
2015.05.04 08:05:22.602,1.33926,1.33938,1.50,1.00
2015.05.04 08:05:23.179,1.33926,1.33938,1.50,1.00
2015.05.04 08:05:23.839,1.33926,1.33938,1.50,1.87
2015.05.04 08:05:24.186,1.33927,1.33936,1.00,1.37
2015.05.04 08:05:25.186,1.33925,1.33935,4.50,1.37
2015.05.04 08:05:26.085,1.33929,1.33935,1.00,1.37
2015.05.04 08:05:26.237,1.33929,1.33935,1.00,1.00
2015.05.04 08:05:26.339,1.33929,1.33939,1.00,1.37
2015.05.04 08:05:26.850,1.33929,1.33939,1.00,1.37
2015.05.04 08:05:28.046,1.33931,1.33941,1.00,2.62
2015.05.04 08:05:28.364,1.33932,1.3394,2.62,1.37
2015.05.04 08:05:29.353,1.33932,1.3394,1.87,1.87
2015.05.04 08:05:29.605,1.33929,1.33939,2.62,1.87
2015.05.04 08:05:30.122,1.3393,1.33937,1.12,1.00
2015.05.04 08:05:31.049,1.33931,1.33937,1.00,1.00
2015.05.04 08:05:31.555,1.33932,1.3394,1.00,2.62
2015.05.04 08:05:32.093,1.33929,1.33939,1.37,1.87
2015.05.04 08:05:32.464,1.33929,1.33939,1.50,2.62
2015.05.04 08:05:33.009,1.33929,1.33939,1.37,2.62
2015.05.04 08:05:33.766,1.33929,1.33939,1.12,1.87
2015.05.04 08:05:34.924,1.33929,1.33939,1.50,1.87
2015.05.04 08:05:35.481,1.33929,1.33936,1.50,1.00
2015.05.04 08:05:35.633,1.33927,1.33935,1.50,1.50
2015.05.04 08:05:35.734,1.33929,1.33935,1.00,2.25
2015.05.04 08:05:36.241,1.33928,1.33934,1.00,1.00
2015.05.04 08:05:37.045,1.33928,1.33935,1.00,1.00
2015.05.04 08:05:37.578,1.33928,1.33934,1.00,1.00
2015.05.04 08:05:37.823,1.33928,1.33936,1.00,1.00
2015.05.04 08:05:39.016,1.33928,1.33937,1.12,1.50
2015.05.04 08:05:39.559,1.33929,1.33937,1.12,1.00
2015.05.04 08:05:40.071,1.3393,1.33937,1.00,1.00
2015.05.04 08:05:41.342,1.33929,1.33937,1.50,1.00
2015.05.04 08:05:41.393,1.33935,1.33938,1.00,1.50
2015.05.04 08:05:42.200,1.33937,1.33939,1.00,1.50
2015.05.04 08:05:42.642,1.33936,1.33937,1.50,1.00
2015.05.04 08:05:43.759,1.33937,1.33938,1.00,1.00
2015.05.04 08:05:45.954,1.33936,1.33937,1.00,1.00
2015.05.04 08:05:46.639,1.33935,1.33937,1.00,1.00
2015.05.04 08:05:47.925,1.33936,1.33938,1.00,1.00
2015.05.04 08:05:48.533,1.33935,1.33938,1.00,1.00
2015.05.04 08:05:49.079,1.33934,1.33938,1.50,1.00
2015.05.04 08:05:49.697,1.33935,1.33938,1.00,1.00
2015.05.04 08:05:50.420,1.33934,1.33938,2.25,1.00
2015.05.04 08:05:50.835,1.33932,1.33935,1.00,1.50
2015.05.04 08:05:50.987,1.33911,1.3392,1.00,4.87
2015.05.04 08:05:51.089,1.33911,1.33918,2.62,5.25
2015.05.04 08:05:51.140,1.3391,1.33918,2.62,5.62
2015.05.04 08:05:51.220,1.33902,1.33905,1.00,1.00
2015.05.04 08:05:51.271,1.33901,1.33904,1.12,1.00
2015.05.04 08:05:51.373,1.33898,1.33902,1.50,1.00
2015.05.04 08:05:51.628,1.33898,1.339,1.50,1.00
2015.05.04 08:05:51.832,1.33897,1.33904,4.08,3.75
2015.05.04 08:05:52.351,1.33898,1.33902,1.00,1.00
2015.05.04 08:05:52.884,1.33894,1.33901,1.27,1.00
2015.05.04 08:05:53.115,1.33894,1.33898,1.00,1.00
2015.05.04 08:05:53.166,1.3389,1.33898,2.66,1.00
2015.05.04 08:05:53.420,1.3389,1.33896,1.12,1.00
2015.05.04 08:05:53.949,1.33888,1.33896,2.25,1.00
2015.05.04 08:05:54.453,1.33888,1.33896,1.87,1.00
2015.05.04 08:05:54.900,1.33888,1.33896,1.00,1.00
2015.05.04 08:05:55.552,1.33888,1.33897,1.00,1.00
2015.05.04 08:05:55.704,1.33888,1.33897,1.37,1.00
2015.05.04 08:05:56.210,1.33887,1.33896,2.62,1.00
2015.05.04 08:05:56.631,1.33888,1.33895,1.00,1.00
2015.05.04 08:05:56.849,1.33886,1.33893,1.50,1.00
2015.05.04 08:05:57.152,1.33885,1.33895,3.00,1.97
2015.05.04 08:05:57.253,1.33887,1.33895,1.00,1.97
2015.05.04 08:05:57.729,1.33886,1.33896,1.00,1.12
2015.05.04 08:05:57.970,1.33885,1.33894,1.87,1.00
2015.05.04 08:05:58.476,1.33885,1.33895,1.37,1.50
2015.05.04 08:05:59.023,1.33884,1.33896,3.00,1.87
2015.05.04 08:05:59.529,1.33884,1.33895,3.00,1.00
2015.05.04 08:06:00.036,1.33884,1.33895,3.37,1.00
2015.05.04 08:06:00.086,1.33887,1.33895,1.00,1.00
2015.05.04 08:06:00.391,1.33887,1.33892,1.00,1.00
2015.05.04 08:06:00.707,1.33886,1.33888,1.00,1.00
2015.05.04 08:06:00.860,1.33884,1.33888,1.00,1.00
2015.05.04 08:06:01.370,1.33884,1.33889,1.00,1.00
2015.05.04 08:06:01.918,1.33884,1.33888,1.00,1.50
2015.05.04 08:06:02.171,1.33883,1.3389,1.00,1.87
2015.05.04 08:06:02.223,1.33884,1.33886,1.00,1.12
2015.05.04 08:06:02.325,1.33881,1.33886,1.12,1.00
2015.05.04 08:06:02.528,1.33879,1.33888,1.50,1.00
2015.05.04 08:06:02.934,1.33878,1.33884,2.25,1.00
2015.05.04 08:06:03.035,1.33878,1.33884,1.00,1.12
2015.05.04 08:06:03.137,1.33878,1.33881,1.00,1.00
2015.05.04 08:06:03.239,1.33875,1.3388,1.00,1.00
2015.05.04 08:06:03.341,1.33875,1.33883,1.12,1.50
2015.05.04 08:06:03.449,1.33875,1.3388,1.12,1.00
2015.05.04 08:06:03.770,1.33872,1.33873,1.00,1.00
2015.05.04 08:06:03.821,1.3387,1.33872,1.00,1.00
2015.05.04 08:06:04.315,1.33871,1.33874,1.00,1.00
2015.05.04 08:06:04.569,1.33867,1.33871,1.37,1.00
2015.05.04 08:06:04.620,1.33865,1.33871,1.50,1.00
2015.05.04 08:06:04.671,1.33863,1.33866,1.87,1.50
2015.05.04 08:06:04.874,1.33858,1.3386,1.00,1.50
2015.05.04 08:06:04.925,1.33854,1.33856,1.00,1.00
2015.05.04 08:06:04.976,1.33853,1.33855,1.00,1.00
2015.05.04 08:06:05.027,1.3385,1.33855,1.87,1.00
2015.05.04 08:06:05.351,1.33851,1.33858,1.50,1.87
2015.05.04 08:06:05.513,1.33856,1.33858,1.00,1.00
2015.05.04 08:06:05.564,1.33856,1.33861,1.00,2.25
2015.05.04 08:06:05.666,1.33856,1.33858,1.00,1.00
2015.05.04 08:06:06.172,1.3385,1.33855,1.00,1.00
2015.05.04 08:06:06.375,1.33851,1.33853,1.00,1.00
2015.05.04 08:06:06.786,1.3385,1.33851,1.00,1.00
2015.05.04 08:06:06.837,1.3385,1.33852,1.00,1.00
2015.05.04 08:06:07.040,1.33844,1.33847,1.95,1.00
2015.05.04 08:06:07.192,1.33841,1.33845,1.00,1.50
2015.05.04 08:06:07.244,1.3384,1.33841,1.00,1.00
2015.05.04 08:06:07.566,1.33838,1.33839,1.00,1.00
2015.05.04 08:06:07.872,1.3384,1.33842,1.00,1.00
2015.05.04 08:06:08.025,1.33837,1.33842,1.00,1.00
2015.05.04 08:06:08.177,1.33835,1.33839,1.00,1.00
2015.05.04 08:06:08.697,1.33836,1.33841,1.00,1.00
2015.05.04 08:06:08.799,1.33836,1.33843,1.00,1.50
2015.05.04 08:06:08.951,1.33836,1.33839,1.00,1.00
2015.05.04 08:06:09.053,1.33834,1.3384,1.00,1.00
2015.05.04 08:06:09.255,1.33833,1.33837,1.00,1.00
2015.05.04 08:06:09.357,1.33831,1.33837,1.00,1.00
2015.05.04 08:06:09.600,1.33827,1.33837,5.62,1.00
2015.05.04 08:06:09.803,1.33829,1.33837,1.00,1.50
2015.05.04 08:06:10.106,1.33831,1.33838,1.00,1.00
2015.05.04 08:06:10.426,1.33838,1.3384,1.00,1.00
2015.05.04 08:06:10.477,1.33836,1.33841,1.00,1.00
2015.05.04 08:06:10.528,1.33836,1.33845,1.00,2.25
2015.05.04 08:06:10.578,1.33835,1.33841,1.50,1.00
2015.05.04 08:06:10.832,1.33833,1.3384,1.57,1.37
2015.05.04 08:06:10.883,1.33835,1.33841,1.00,2.25
2015.05.04 08:06:10.984,1.33832,1.33838,1.12,1.00
2015.05.04 08:06:11.035,1.33831,1.33838,1.50,1.00
2015.05.04 08:06:11.636,1.33834,1.33838,1.00,1.00
2015.05.04 08:06:11.789,1.33838,1.33841,1.00,1.37
2015.05.04 08:06:11.992,1.33839,1.33844,1.00,1.05
2015.05.04 08:06:12.144,1.33835,1.33843,3.00,1.05
2015.05.04 08:06:12.250,1.33833,1.33841,1.50,1.80
2015.05.04 08:06:12.554,1.33835,1.33842,2.25,1.05
2015.05.04 08:06:12.706,1.33837,1.33846,1.00,1.80
2015.05.04 08:06:12.757,1.33839,1.33846,1.00,1.80
2015.05.04 08:06:12.859,1.33836,1.33845,1.00,1.00
2015.05.04 08:06:13.011,1.33838,1.33845,1.00,1.00
2015.05.04 08:06:13.138,1.33835,1.33845,1.00,1.00
2015.05.04 08:06:13.240,1.33837,1.33847,1.00,1.87
2015.05.04 08:06:13.902,1.33837,1.33847,1.50,1.37
2015.05.04 08:06:14.206,1.3385,1.33851,1.00,1.00
2015.05.04 08:06:14.257,1.3385,1.33857,1.50,1.87
2015.05.04 08:06:14.359,1.33847,1.33859,3.75,1.00
2015.05.04 08:06:14.410,1.33847,1.33857,1.37,1.00
2015.05.04 08:06:14.715,1.33843,1.33849,1.37,1.00
2015.05.04 08:06:15.234,1.33843,1.33849,1.37,1.37
2015.05.04 08:06:15.639,1.33843,1.33849,1.00,1.37
2015.05.04 08:06:15.993,1.33845,1.33849,1.00,1.37
2015.05.04 08:06:16.146,1.33841,1.33849,1.37,1.37
2015.05.04 08:06:16.975,1.33847,1.3385,1.00,1.37
2015.05.04 08:06:17.076,1.33845,1.33851,1.00,1.87
2015.05.04 08:06:17.178,1.33847,1.3385,1.00,1.00
2015.05.04 08:06:17.280,1.33847,1.33853,1.00,1.12
2015.05.04 08:06:17.533,1.33849,1.33853,1.00,1.37
2015.05.04 08:06:17.634,1.33845,1.33853,1.37,1.37
2015.05.04 08:06:17.736,1.33845,1.33855,1.12,1.37
2015.05.04 08:06:18.096,1.33845,1.33854,1.12,1.37
2015.05.04 08:06:18.399,1.33843,1.33853,1.12,1.87
2015.05.04 08:06:18.500,1.33842,1.33853,1.47,1.87
2015.05.04 08:06:19.609,1.33844,1.33854,1.00,1.00
2015.05.04 08:06:19.761,1.33848,1.33854,1.00,1.00
2015.05.04 08:06:19.964,1.33843,1.33854,1.12,3.00
2015.05.04 08:06:20.368,1.33843,1.33851,1.12,1.00
2015.05.04 08:06:20.564,1.33843,1.33853,1.00,1.12
2015.05.04 08:06:20.929,1.33841,1.33851,1.00,1.00
2015.05.04 08:06:21.434,1.3384,1.33851,1.87,1.12
2015.05.04 08:06:21.850,1.33841,1.33854,2.25,2.62
2015.05.04 08:06:22.356,1.33842,1.33852,1.37,1.37
2015.05.04 08:06:22.709,1.33845,1.33853,1.87,1.37
2015.05.04 08:06:22.811,1.33845,1.33855,1.87,1.87
2015.05.04 08:06:23.115,1.33846,1.33856,1.00,1.37
2015.05.04 08:06:23.368,1.33846,1.33856,1.00,1.87
2015.05.04 08:06:23.721,1.33845,1.33855,1.00,1.37
2015.05.04 08:06:23.772,1.33844,1.33856,2.70,1.87
2015.05.04 08:06:23.873,1.33846,1.33855,1.00,1.12
2015.05.04 08:06:24.429,1.3385,1.33855,1.00,1.12
2015.05.04 08:06:24.531,1.33847,1.33855,1.37,1.12
2015.05.04 08:06:24.789,1.33848,1.33856,1.00,1.87
2015.05.04 08:06:24.941,1.33844,1.33855,1.37,2.25
2015.05.04 08:06:24.992,1.33844,1.33854,1.37,1.87
2015.05.04 08:06:25.295,1.33847,1.33851,1.00,1.37
2015.05.04 08:06:25.447,1.33842,1.33855,1.12,3.00
2015.05.04 08:06:25.862,1.33842,1.33851,1.12,1.37
2015.05.04 08:06:26.166,1.33844,1.3385,1.00,1.37
2015.05.04 08:06:27.089,1.33845,1.33851,1.00,2.62
2015.05.04 08:06:27.393,1.33845,1.33849,1.00,1.00
2015.05.04 08:06:27.545,1.33845,1.33851,1.00,1.00
2015.05.04 08:06:27.696,1.33845,1.33854,1.87,3.75
2015.05.04 08:06:28.211,1.33845,1.33854,1.87,1.00
2015.05.04 08:06:28.515,1.33845,1.33851,1.87,1.00
2015.05.04 08:06:28.566,1.33845,1.33855,1.00,1.87
2015.05.04 08:06:28.618,1.33848,1.33855,1.00,1.12
2015.05.04 08:06:28.921,1.3385,1.33856,1.00,1.37
2015.05.04 08:06:29.429,1.33849,1.33855,1.00,1.00
2015.05.04 08:06:29.479,1.33849,1.33858,1.00,1.12
2015.05.04 08:06:30.251,1.33848,1.33859,1.00,2.25
2015.05.04 08:06:30.494,1.3385,1.33859,1.00,3.00
2015.05.04 08:06:32.076,1.33852,1.3386,1.00,1.37
2015.05.04 08:06:32.178,1.33851,1.33861,1.00,1.37
2015.05.04 08:06:32.229,1.33854,1.33861,1.00,1.37
2015.05.04 08:06:32.759,1.33854,1.3386,1.00,1.37
2015.05.04 08:06:33.763,1.33852,1.3386,1.87,1.37
2015.05.04 08:06:34.264,1.33852,1.3386,2.25,1.37
2015.05.04 08:06:34.411,1.33852,1.33861,1.37,1.37
2015.05.04 08:06:35.319,1.33851,1.33861,1.37,1.37
2015.05.04 08:06:35.833,1.33852,1.3386,1.87,1.12
2015.05.04 08:06:36.092,1.33854,1.3386,1.00,1.12
2015.05.04 08:06:36.398,1.33858,1.3386,1.00,1.12
2015.05.04 08:06:36.500,1.33858,1.33868,1.00,1.87
2015.05.04 08:06:36.602,1.3386,1.3387,1.50,2.25
2015.05.04 08:06:36.939,1.33861,1.3387,1.00,1.50
2015.05.04 08:06:38.884,1.3386,1.33868,1.10,1.12
2015.05.04 08:06:39.219,1.3386,1.33868,1.00,1.87
2015.05.04 08:06:39.322,1.33857,1.33867,1.00,1.37
2015.05.04 08:06:39.424,1.33855,1.33866,3.75,2.62
2015.05.04 08:06:39.475,1.33855,1.33864,3.00,1.37
2015.05.04 08:06:39.629,1.33851,1.33862,1.50,2.62
2015.05.04 08:06:39.731,1.33849,1.33861,3.37,1.37
2015.05.04 08:06:40.044,1.33847,1.33856,1.37,1.37
2015.05.04 08:06:40.859,1.33845,1.33855,3.00,1.12
2015.05.04 08:06:41.233,1.33848,1.33855,1.37,1.87
2015.05.04 08:06:41.942,1.33846,1.33855,1.50,1.12
2015.05.04 08:06:42.443,1.33848,1.33856,1.00,1.00
2015.05.04 08:06:42.746,1.33851,1.33861,1.50,1.37
2015.05.04 08:06:43.078,1.33849,1.33859,3.37,2.62
2015.05.04 08:06:43.128,1.3385,1.33859,1.00,3.00
2015.05.04 08:06:43.646,1.33847,1.33857,1.87,1.00
2015.05.04 08:06:43.698,1.33847,1.33857,1.12,2.25
2015.05.04 08:06:43.900,1.33846,1.33856,1.87,1.00
2015.05.04 08:06:44.411,1.33847,1.33857,1.37,1.50
2015.05.04 08:06:44.920,1.33846,1.33856,2.62,1.00
2015.05.04 08:06:45.355,1.33846,1.33856,1.50,1.50
2015.05.04 08:06:45.884,1.33846,1.33855,1.00,1.50
2015.05.04 08:06:46.409,1.33845,1.33855,1.00,1.50
2015.05.04 08:06:46.933,1.33846,1.33856,1.87,1.00
2015.05.04 08:06:47.463,1.33847,1.33854,2.25,1.00
2015.05.04 08:06:47.615,1.33848,1.33857,1.50,1.87
2015.05.04 08:06:47.735,1.33849,1.33855,1.00,1.00
2015.05.04 08:06:47.887,1.33848,1.33857,1.50,1.12
2015.05.04 08:06:48.090,1.33848,1.33857,1.50,1.37
2015.05.04 08:06:48.191,1.33847,1.33855,1.87,1.00
2015.05.04 08:06:48.343,1.33847,1.33855,1.50,1.00
2015.05.04 08:06:48.979,1.33847,1.33856,1.50,1.00
2015.05.04 08:06:49.333,1.33847,1.33856,1.12,1.00
2015.05.04 08:06:49.535,1.33849,1.33857,1.00,2.25
2015.05.04 08:06:49.838,1.33853,1.33857,1.00,1.12
2015.05.04 08:06:49.951,1.33851,1.3386,1.00,1.87
2015.05.04 08:06:51.290,1.33851,1.3386,1.87,1.37
2015.05.04 08:06:51.442,1.33852,1.3386,1.37,1.12
2015.05.04 08:06:51.947,1.33852,1.3386,1.37,1.87
2015.05.04 08:06:52.569,1.33851,1.3386,1.37,1.87
2015.05.04 08:06:53.082,1.33851,1.3386,1.00,1.87
2015.05.04 08:06:54.642,1.33852,1.33861,1.00,1.37
2015.05.04 08:06:55.147,1.33851,1.3386,1.50,1.12
2015.05.04 08:06:55.806,1.33851,1.3386,2.25,1.37
2015.05.04 08:06:55.956,1.3385,1.33857,1.50,1.00
2015.05.04 08:06:56.108,1.33847,1.33856,1.12,1.00
2015.05.04 08:06:56.615,1.33847,1.33857,1.00,1.00
2015.05.04 08:06:57.339,1.33847,1.33856,1.00,1.00
2015.05.04 08:06:57.648,1.33845,1.33856,8.62,1.75
2015.05.04 08:06:57.800,1.33845,1.33853,3.00,3.00
2015.05.04 08:06:57.902,1.33843,1.33853,1.57,1.37
2015.05.04 08:06:58.054,1.33843,1.3385,1.50,1.37
2015.05.04 08:06:58.256,1.33843,1.33853,2.25,1.00
2015.05.04 08:06:58.358,1.33845,1.33855,1.12,1.50
2015.05.04 08:06:58.877,1.33845,1.33855,2.25,1.00
2015.05.04 08:06:59.226,1.33847,1.33855,1.00,1.00
2015.05.04 08:06:59.531,1.3385,1.3386,1.00,3.37
2015.05.04 08:07:00.000,1.33847,1.33858,1.37,1.37
2015.05.04 08:07:00.205,1.33846,1.33856,1.00,1.37
2015.05.04 08:07:00.711,1.33845,1.33856,1.00,1.37
2015.05.04 08:07:01.065,1.33845,1.33854,1.00,1.12
2015.05.04 08:07:01.166,1.33842,1.33854,3.82,1.87
2015.05.04 08:07:01.229,1.33842,1.33854,3.82,2.62
2015.05.04 08:07:01.534,1.33843,1.3385,1.00,1.87
2015.05.04 08:07:01.889,1.33841,1.33851,1.50,1.87
2015.05.04 08:07:02.255,1.33843,1.3385,1.00,2.62
2015.05.04 08:07:02.509,1.33841,1.33846,1.50,1.37
2015.05.04 08:07:02.560,1.33839,1.33847,1.00,1.37
2015.05.04 08:07:02.662,1.33836,1.33845,1.10,1.37
2015.05.04 08:07:02.763,1.33834,1.33843,1.50,1.00
2015.05.04 08:07:02.865,1.33834,1.33847,1.87,3.75
2015.05.04 08:07:03.085,1.33835,1.33844,1.37,1.00
2015.05.04 08:07:03.619,1.33835,1.33843,1.00,1.00
2015.05.04 08:07:03.721,1.33831,1.33843,1.57,3.37
2015.05.04 08:07:04.096,1.33831,1.33841,1.37,1.00
2015.05.04 08:07:04.400,1.33824,1.33827,2.62,1.00
2015.05.04 08:07:04.451,1.33822,1.33825,3.37,1.00
2015.05.04 08:07:04.654,1.33823,1.33827,1.50,1.37
2015.05.04 08:07:04.705,1.33816,1.33827,1.12,1.50
2015.05.04 08:07:04.972,1.33817,1.33824,1.00,1.00
2015.05.04 08:07:05.226,1.33814,1.33823,1.12,1.37
2015.05.04 08:07:05.732,1.33815,1.33823,1.00,1.37
2015.05.04 08:07:05.849,1.33815,1.33823,1.00,1.37
2015.05.04 08:07:06.357,1.33813,1.33821,1.37,1.37
2015.05.04 08:07:06.861,1.33816,1.3382,1.00,1.12
2015.05.04 08:07:06.912,1.33816,1.33826,1.00,1.87
2015.05.04 08:07:07.418,1.33815,1.33827,1.00,1.87
2015.05.04 08:07:07.931,1.33816,1.33827,1.37,1.37
2015.05.04 08:07:08.695,1.33818,1.33828,1.00,1.37
2015.05.04 08:07:09.544,1.33818,1.3383,1.87,4.50
2015.05.04 08:07:09.847,1.33818,1.3383,2.62,3.75
2015.05.04 08:07:10.183,1.3383,1.33835,1.00,1.37
2015.05.04 08:07:10.234,1.33833,1.33838,1.00,1.37
2015.05.04 08:07:10.336,1.3383,1.3384,1.87,2.62
2015.05.04 08:07:10.387,1.33831,1.3384,1.37,2.62
2015.05.04 08:07:10.438,1.33832,1.3384,1.50,1.50
2015.05.04 08:07:10.590,1.33833,1.33842,1.50,2.25
2015.05.04 08:07:10.876,1.33837,1.33846,3.82,1.00
2015.05.04 08:07:10.928,1.33839,1.33846,1.87,1.00
2015.05.04 08:07:11.030,1.3384,1.33845,1.10,1.00
2015.05.04 08:07:11.436,1.33839,1.33847,2.62,1.00
2015.05.04 08:07:11.487,1.33842,1.33848,1.00,1.00
2015.05.04 08:07:11.539,1.33842,1.3385,1.00,3.75
2015.05.04 08:07:11.591,1.33844,1.3385,1.00,3.75
2015.05.04 08:07:11.785,1.33841,1.3385,1.00,3.00
2015.05.04 08:07:11.886,1.33843,1.33849,1.00,1.50
2015.05.04 08:07:12.404,1.33841,1.3385,1.12,2.25
2015.05.04 08:07:12.975,1.3384,1.33849,3.00,1.50
2015.05.04 08:07:13.509,1.3384,1.3385,1.37,3.00
2015.05.04 08:07:14.554,1.3384,1.33849,1.12,1.50
2015.05.04 08:07:15.669,1.33842,1.33849,1.00,2.62
2015.05.04 08:07:16.374,1.33842,1.33852,1.00,1.87
2015.05.04 08:07:16.900,1.33843,1.33855,1.10,4.12
2015.05.04 08:07:17.411,1.33843,1.33855,1.20,2.62
2015.05.04 08:07:17.521,1.33845,1.33855,1.00,1.75
2015.05.04 08:07:17.825,1.33846,1.33855,1.00,1.50
2015.05.04 08:07:18.078,1.3385,1.33857,1.50,1.33
2015.05.04 08:07:18.180,1.33851,1.3386,1.00,1.50
2015.05.04 08:07:18.281,1.33852,1.33862,1.00,1.12
2015.05.04 08:07:18.879,1.33851,1.33862,1.00,1.12
2015.05.04 08:07:19.284,1.33851,1.3386,1.00,1.00
2015.05.04 08:07:19.587,1.33848,1.33853,1.00,1.12
2015.05.04 08:07:19.929,1.33851,1.33855,1.00,1.12
2015.05.04 08:07:20.435,1.3385,1.33855,1.50,1.12
2015.05.04 08:07:20.739,1.3385,1.33858,1.00,1.87
2015.05.04 08:07:21.240,1.3385,1.3386,1.87,3.00
2015.05.04 08:07:21.646,1.33852,1.33859,1.00,1.37
2015.05.04 08:07:21.899,1.33848,1.33858,1.12,1.87
2015.05.04 08:07:22.076,1.33847,1.33854,1.00,1.12
2015.05.04 08:07:22.382,1.33849,1.33855,1.00,1.50
2015.05.04 08:07:22.584,1.33849,1.33858,1.00,1.50
2015.05.04 08:07:23.698,1.33848,1.33859,1.20,1.37
2015.05.04 08:07:24.098,1.33848,1.3386,1.87,4.87
2015.05.04 08:07:24.885,1.33847,1.33858,3.37,1.00
2015.05.04 08:07:25.390,1.33848,1.3386,1.10,2.62
2015.05.04 08:07:25.910,1.33848,1.33857,1.57,1.00
2015.05.04 08:07:26.810,1.33848,1.33858,1.47,2.25
2015.05.04 08:07:27.333,1.33848,1.33856,1.37,1.50
2015.05.04 08:07:27.916,1.33848,1.33856,1.00,1.00
2015.05.04 08:07:28.170,1.33846,1.33856,3.07,1.00
2015.05.04 08:07:28.272,1.33849,1.33856,1.00,1.00
2015.05.04 08:07:28.439,1.33849,1.33859,1.00,1.87
2015.05.04 08:07:28.591,1.33849,1.33859,1.00,1.50
2015.05.04 08:07:28.910,1.33848,1.33859,1.00,3.00
2015.05.04 08:07:30.703,1.33847,1.33859,1.00,4.87
2015.05.04 08:07:31.265,1.33847,1.33857,1.00,1.37
2015.05.04 08:07:31.776,1.33848,1.33857,1.00,1.37
2015.05.04 08:07:32.186,1.3385,1.33857,1.00,1.37
2015.05.04 08:07:32.338,1.33846,1.33857,1.12,1.37
2015.05.04 08:07:32.440,1.33846,1.33857,1.20,1.37
2015.05.04 08:07:32.743,1.33844,1.33853,1.10,1.37
2015.05.04 08:07:33.249,1.33843,1.3385,1.87,1.37
2015.05.04 08:07:34.323,1.33843,1.33851,1.50,1.37
2015.05.04 08:07:34.892,1.33843,1.3385,1.50,1.37
2015.05.04 08:07:35.631,1.33843,1.33851,1.50,1.37
2015.05.04 08:07:35.978,1.33844,1.3385,1.47,1.37
2015.05.04 08:07:36.410,1.33845,1.33855,2.25,2.62
2015.05.04 08:07:36.870,1.33848,1.33856,1.00,1.37
2015.05.04 08:07:37.173,1.33848,1.33856,1.20,1.37
2015.05.04 08:07:37.325,1.33849,1.33859,1.12,1.87
2015.05.04 08:07:38.150,1.33849,1.3386,1.12,1.87
2015.05.04 08:07:38.568,1.33852,1.3386,1.00,1.12
2015.05.04 08:07:38.654,1.33852,1.33863,1.87,2.25
2015.05.04 08:07:38.706,1.33854,1.33863,1.37,1.12
2015.05.04 08:07:39.212,1.33855,1.33866,3.37,1.37
2015.05.04 08:07:39.263,1.33855,1.33866,3.37,1.00
2015.05.04 08:07:39.314,1.33855,1.33866,4.12,1.00
2015.05.04 08:07:39.847,1.33856,1.33866,1.12,1.00
2015.05.04 08:07:40.458,1.33856,1.33866,1.12,1.00
2015.05.04 08:07:41.008,1.33855,1.33865,1.87,1.00
2015.05.04 08:07:42.698,1.33855,1.33865,1.10,1.12
2015.05.04 08:07:42.749,1.33855,1.33865,1.10,1.50
2015.05.04 08:07:47.793,1.33854,1.33866,1.87,1.87
2015.05.04 08:07:53.267,1.33855,1.33865,1.12,1.00
2015.05.04 08:07:55.814,1.33854,1.33865,1.12,1.50
2015.05.04 08:07:56.408,1.33854,1.33865,1.12,2.62
2015.05.04 08:07:56.941,1.33854,1.33865,1.12,2.25
2015.05.04 08:07:57.730,1.33854,1.33865,1.12,2.25
2015.05.04 08:07:59.320,1.33852,1.33864,1.75,1.12
2015.05.04 08:07:59.421,1.33852,1.33864,1.10,1.50
2015.05.04 08:08:00.092,1.33853,1.33865,1.00,2.62
2015.05.04 08:08:00.631,1.33853,1.33864,1.00,1.12
2015.05.04 08:08:00.733,1.33853,1.3386,1.00,1.12
2015.05.04 08:08:01.208,1.3385,1.33861,1.50,1.12
2015.05.04 08:08:01.741,1.3385,1.3386,2.62,1.12
2015.05.04 08:08:01.793,1.3385,1.3386,3.00,1.12
2015.05.04 08:08:02.118,1.33851,1.33862,1.37,1.50
2015.05.04 08:08:02.220,1.33851,1.33862,1.37,1.12
2015.05.04 08:08:03.123,1.33853,1.33864,1.47,1.00
2015.05.04 08:08:03.875,1.33853,1.33863,1.95,1.00
2015.05.04 08:08:04.382,1.33853,1.33864,1.85,1.00
2015.05.04 08:08:05.428,1.33855,1.33863,1.00,1.37
2015.05.04 08:08:05.581,1.3385,1.3386,1.50,1.00
2015.05.04 08:08:06.123,1.33846,1.33859,1.87,3.00
2015.05.04 08:08:06.226,1.33845,1.33857,3.45,1.12
2015.05.04 08:08:06.277,1.33845,1.33855,3.45,1.00
2015.05.04 08:08:07.422,1.33845,1.33855,1.00,1.00
2015.05.04 08:08:07.937,1.33844,1.33855,1.00,1.00
2015.05.04 08:08:08.464,1.33843,1.33855,3.00,1.00
2015.05.04 08:08:09.091,1.33844,1.33855,1.00,1.00
2015.05.04 08:08:09.824,1.33843,1.33855,1.87,1.00
2015.05.04 08:08:10.399,1.33844,1.33855,1.00,1.00
2015.05.04 08:08:11.099,1.33843,1.33855,1.12,1.00
2015.05.04 08:08:11.640,1.33844,1.33855,1.00,1.00
2015.05.04 08:08:12.240,1.33843,1.33855,1.12,1.00
2015.05.04 08:08:12.757,1.33844,1.33855,1.00,1.00
2015.05.04 08:08:13.068,1.33841,1.33853,1.20,1.00
2015.05.04 08:08:13.572,1.33841,1.33853,1.57,1.87
2015.05.04 08:08:13.675,1.3384,1.3385,1.12,1.00
2015.05.04 08:08:14.220,1.3384,1.3385,1.87,1.00
2015.05.04 08:08:14.892,1.33839,1.3385,2.62,1.00
2015.05.04 08:08:15.241,1.33838,1.33849,1.12,1.50
2015.05.04 08:08:15.767,1.33837,1.33849,1.12,3.75
2015.05.04 08:08:16.454,1.33836,1.33849,1.50,3.37
2015.05.04 08:08:16.505,1.33836,1.33846,1.50,1.00
2015.05.04 08:08:17.268,1.33836,1.33846,1.12,2.25
2015.05.04 08:08:17.573,1.33831,1.33843,1.50,1.37
2015.05.04 08:08:17.864,1.3383,1.33841,1.20,1.50
2015.05.04 08:08:17.965,1.33828,1.33836,3.00,1.00
2015.05.04 08:08:18.016,1.33825,1.33836,1.50,1.00
2015.05.04 08:08:18.118,1.33824,1.33835,1.20,1.00
2015.05.04 08:08:18.168,1.33824,1.33833,1.20,1.12
2015.05.04 08:08:18.695,1.33824,1.33833,1.10,1.37
2015.05.04 08:08:19.683,1.33821,1.33829,2.62,1.00
2015.05.04 08:08:19.887,1.33816,1.33826,1.75,1.12
2015.05.04 08:08:19.940,1.33816,1.33824,1.75,1.00
2015.05.04 08:08:19.991,1.33815,1.33824,1.37,1.00
2015.05.04 08:08:20.042,1.33815,1.33821,1.00,1.00
2015.05.04 08:08:20.094,1.33812,1.33821,3.37,1.00
2015.05.04 08:08:20.349,1.33812,1.33819,2.25,1.00
2015.05.04 08:08:20.608,1.33812,1.33821,1.00,1.00
2015.05.04 08:08:20.660,1.3381,1.33821,2.70,1.00
2015.05.04 08:08:20.809,1.33811,1.33818,1.00,1.00
2015.05.04 08:08:20.912,1.3381,1.33821,4.95,2.25
2015.05.04 08:08:21.178,1.33811,1.33821,1.12,1.50
2015.05.04 08:08:21.696,1.33811,1.3382,1.12,1.00
2015.05.04 08:08:22.343,1.33812,1.33821,1.50,1.50
2015.05.04 08:08:22.647,1.33814,1.3382,1.00,1.37
2015.05.04 08:08:23.249,1.33814,1.33818,1.00,1.12
2015.05.04 08:08:23.300,1.3381,1.33818,1.12,1.50
2015.05.04 08:08:23.351,1.33807,1.33815,1.87,1.12
2015.05.04 08:08:23.402,1.33807,1.33815,1.12,1.50
2015.05.04 08:08:23.503,1.33809,1.33815,1.00,1.50
2015.05.04 08:08:24.015,1.33808,1.33815,1.00,1.50
2015.05.04 08:08:24.606,1.33807,1.33815,1.00,1.50
2015.05.04 08:08:24.910,1.33808,1.33815,1.00,1.75
2015.05.04 08:08:25.143,1.33806,1.33816,1.00,4.87
2015.05.04 08:08:25.448,1.33805,1.33814,3.37,2.25
2015.05.04 08:08:25.500,1.33802,1.33812,1.87,1.37
2015.05.04 08:08:25.551,1.33802,1.3381,1.12,1.37
2015.05.04 08:08:25.602,1.338,1.33809,1.87,1.37
2015.05.04 08:08:25.654,1.338,1.33804,1.87,1.37
2015.05.04 08:08:25.809,1.33791,1.33799,1.10,1.00
2015.05.04 08:08:25.906,1.33795,1.33799,1.00,1.50
2015.05.04 08:08:26.008,1.33792,1.33799,1.00,1.00
2015.05.04 08:08:26.211,1.33793,1.33802,1.00,1.00
2015.05.04 08:08:26.313,1.33795,1.33804,1.00,2.62
2015.05.04 08:08:26.515,1.33796,1.33806,1.00,3.75
2015.05.04 08:08:26.567,1.33796,1.33803,1.00,1.00
2015.05.04 08:08:26.669,1.33794,1.33803,1.10,1.00
2015.05.04 08:08:26.737,1.33794,1.33803,1.00,1.75
2015.05.04 08:08:26.788,1.33791,1.33804,1.50,4.50
2015.05.04 08:08:26.839,1.33791,1.33804,1.37,3.00
2015.05.04 08:08:26.941,1.3379,1.33803,6.00,1.00
2015.05.04 08:08:27.475,1.33791,1.33804,1.50,1.00
2015.05.04 08:08:27.905,1.33798,1.33804,1.00,1.00
2015.05.04 08:08:28.210,1.33801,1.33804,1.50,1.00
2015.05.04 08:08:28.514,1.33808,1.33813,1.00,2.25
2015.05.04 08:08:29.188,1.33806,1.33813,1.50,2.25
2015.05.04 08:08:29.390,1.33809,1.33813,1.00,2.25
2015.05.04 08:08:29.492,1.33812,1.33818,1.00,1.50
2015.05.04 08:08:30.179,1.33813,1.33818,1.00,1.00
2015.05.04 08:08:30.281,1.33815,1.33818,1.00,1.00
2015.05.04 08:08:30.382,1.33815,1.33825,1.00,1.12
2015.05.04 08:08:30.484,1.33813,1.33823,1.87,1.00
2015.05.04 08:08:30.788,1.33813,1.3382,1.00,1.00
2015.05.04 08:08:30.913,1.33813,1.33822,1.00,1.00
2015.05.04 08:08:31.393,1.33818,1.33823,1.37,1.00
2015.05.04 08:08:31.494,1.33818,1.33825,1.37,1.12
2015.05.04 08:08:31.956,1.3382,1.33829,1.87,1.00
2015.05.04 08:08:32.553,1.3382,1.33828,1.87,1.00
2015.05.04 08:08:33.095,1.3382,1.33829,2.25,1.00
2015.05.04 08:08:33.249,1.3382,1.33829,1.12,1.00
2015.05.04 08:08:34.060,1.3382,1.33834,3.75,1.87
2015.05.04 08:08:34.110,1.33823,1.33834,1.00,1.50
2015.05.04 08:08:34.328,1.33824,1.33835,1.12,1.00
2015.05.04 08:08:34.379,1.33826,1.33835,1.00,1.00
2015.05.04 08:08:34.682,1.33829,1.33837,1.37,1.00
2015.05.04 08:08:35.036,1.33831,1.33838,1.37,1.12
2015.05.04 08:08:35.352,1.33831,1.3384,1.37,1.00
2015.05.04 08:08:35.858,1.33831,1.33841,1.37,1.00
2015.05.04 08:08:36.010,1.3383,1.33841,5.25,1.00
2015.05.04 08:08:36.263,1.33833,1.33843,1.12,1.00
2015.05.04 08:08:36.356,1.33833,1.33845,2.25,5.25
2015.05.04 08:08:36.712,1.33835,1.33839,1.00,1.00
2015.05.04 08:08:36.763,1.33833,1.33839,1.00,1.00
2015.05.04 08:08:36.814,1.33833,1.33836,1.00,1.00
2015.05.04 08:08:36.916,1.33829,1.33834,1.50,1.00
2015.05.04 08:08:37.170,1.33829,1.33832,1.37,1.00
2015.05.04 08:08:37.221,1.33828,1.33832,1.12,1.00
2015.05.04 08:08:37.374,1.33825,1.3383,1.95,1.00
2015.05.04 08:08:38.201,1.33825,1.33829,1.50,1.00
2015.05.04 08:08:38.513,1.33825,1.33827,1.12,1.00
2015.05.04 08:08:39.331,1.33822,1.33827,1.75,1.00
2015.05.04 08:08:39.634,1.33822,1.33827,1.00,1.00
2015.05.04 08:08:40.106,1.33821,1.3383,2.25,1.50
2015.05.04 08:08:40.208,1.33821,1.33827,1.87,1.00
2015.05.04 08:08:40.309,1.33821,1.3383,1.87,1.50
2015.05.04 08:08:40.786,1.3382,1.33828,2.25,1.00
2015.05.04 08:08:41.681,1.3382,1.33827,1.12,1.00
2015.05.04 08:08:42.208,1.33819,1.33827,1.12,1.00
2015.05.04 08:08:42.718,1.3382,1.33827,1.12,1.00
2015.05.04 08:08:44.710,1.3382,1.33825,1.12,1.00
2015.05.04 08:08:45.165,1.33817,1.33824,1.87,1.00
2015.05.04 08:08:45.418,1.33817,1.33822,1.57,1.00
2015.05.04 08:08:45.940,1.33815,1.33822,4.87,1.00
2015.05.04 08:08:46.470,1.33814,1.33823,1.12,1.50
2015.05.04 08:08:46.773,1.33814,1.3382,1.00,1.00
2015.05.04 08:08:47.239,1.3381,1.33819,1.87,1.00
2015.05.04 08:08:47.290,1.3381,1.33816,1.12,1.00
2015.05.04 08:08:47.442,1.33809,1.33816,1.00,1.00
2015.05.04 08:08:47.955,1.33808,1.33815,1.75,1.00
2015.05.04 08:08:48.871,1.33809,1.33815,1.00,1.00
2015.05.04 08:08:49.475,1.33808,1.33815,1.75,1.00
2015.05.04 08:08:50.028,1.33808,1.33816,1.75,1.00
2015.05.04 08:08:50.575,1.33809,1.33816,1.00,1.00
2015.05.04 08:08:50.778,1.33808,1.33813,1.37,1.12
2015.05.04 08:08:50.880,1.33805,1.3381,1.00,1.00
2015.05.04 08:08:50.931,1.338,1.33809,1.87,1.00
2015.05.04 08:08:51.032,1.33799,1.33809,1.00,2.25
2015.05.04 08:08:51.113,1.33798,1.33806,1.87,1.00
2015.05.04 08:08:51.215,1.33795,1.33807,2.25,2.25
2015.05.04 08:08:51.720,1.33799,1.33808,1.00,2.25
2015.05.04 08:08:52.030,1.33795,1.33805,2.62,1.00
2015.05.04 08:08:52.535,1.33795,1.33805,2.25,2.62
2015.05.04 08:08:53.051,1.33796,1.33804,1.12,1.00
2015.05.04 08:08:53.203,1.33796,1.33807,1.50,1.00
2015.05.04 08:08:53.706,1.33796,1.33808,1.50,1.12
2015.05.04 08:08:54.127,1.33799,1.33809,1.00,1.87
2015.05.04 08:08:54.672,1.338,1.33809,1.00,1.12
2015.05.04 08:08:54.829,1.33798,1.33809,1.10,1.12
2015.05.04 08:08:55.357,1.33798,1.33809,1.87,1.12
2015.05.04 08:08:55.509,1.33799,1.3381,1.50,1.37
2015.05.04 08:08:56.030,1.33801,1.3381,1.12,1.00
2015.05.04 08:08:56.216,1.33801,1.33812,1.12,1.00
2015.05.04 08:08:56.721,1.33802,1.33812,1.00,1.12
2015.05.04 08:08:57.140,1.33802,1.3381,1.00,1.00
2015.05.04 08:08:57.544,1.338,1.3381,1.95,1.12
2015.05.04 08:08:57.866,1.33802,1.33811,1.00,2.62
2015.05.04 08:08:58.493,1.33802,1.33811,1.00,2.62
2015.05.04 08:08:58.822,1.33805,1.33815,1.00,1.37
2015.05.04 08:08:59.328,1.33805,1.33815,1.00,2.25
2015.05.04 08:09:00.600,1.33805,1.33812,1.12,1.00
2015.05.04 08:09:00.805,1.33803,1.33811,1.00,1.12
2015.05.04 08:09:00.907,1.338,1.33811,1.47,2.25
2015.05.04 08:09:01.421,1.33801,1.33811,1.12,2.25
2015.05.04 08:09:01.724,1.33804,1.33811,1.00,1.50
2015.05.04 08:09:02.245,1.33804,1.33812,1.00,1.12
2015.05.04 08:09:02.392,1.33801,1.33812,1.00,1.50
2015.05.04 08:09:02.899,1.33801,1.33811,1.00,1.00
2015.05.04 08:09:03.051,1.33802,1.33811,1.37,1.00
2015.05.04 08:09:03.562,1.33802,1.33812,1.50,1.37
2015.05.04 08:09:04.068,1.33802,1.33812,3.00,1.37
2015.05.04 08:09:04.582,1.33803,1.33811,1.00,1.87
2015.05.04 08:09:05.088,1.33803,1.33812,1.00,1.50
2015.05.04 08:09:05.607,1.33801,1.33812,2.62,1.50
2015.05.04 08:09:05.810,1.33801,1.3381,1.00,1.12
2015.05.04 08:09:06.215,1.338,1.33813,3.75,3.75
2015.05.04 08:09:06.723,1.33801,1.33813,4.12,3.37
2015.05.04 08:09:07.044,1.33804,1.33813,1.00,1.37
2015.05.04 08:09:07.146,1.33804,1.33814,1.12,2.62
2015.05.04 08:09:07.247,1.33808,1.33814,1.00,2.62
2015.05.04 08:09:07.836,1.33808,1.33816,1.12,3.75
2015.05.04 08:09:07.887,1.33811,1.33816,1.00,1.50
2015.05.04 08:09:07.938,1.33811,1.33818,1.00,1.12
2015.05.04 08:09:08.343,1.33813,1.33821,1.00,2.25
2015.05.04 08:09:08.647,1.33813,1.33821,1.87,2.25
2015.05.04 08:09:08.902,1.33813,1.33821,2.25,2.25
2015.05.04 08:09:10.270,1.3381,1.33821,1.37,2.62
2015.05.04 08:09:10.738,1.33811,1.33821,1.50,1.37
2015.05.04 08:09:11.244,1.33812,1.33822,1.12,1.75
2015.05.04 08:09:13.180,1.33813,1.33822,1.00,1.00
2015.05.04 08:09:13.281,1.33813,1.33824,1.00,1.00
2015.05.04 08:09:13.663,1.33813,1.33826,1.00,1.12
2015.05.04 08:09:14.172,1.33813,1.33826,1.87,1.12
2015.05.04 08:09:14.729,1.33813,1.33826,1.87,1.12
2015.05.04 08:09:14.928,1.33815,1.33829,1.87,3.37
2015.05.04 08:09:15.081,1.3382,1.3383,1.37,2.25
2015.05.04 08:09:15.183,1.33819,1.33831,1.50,6.75
2015.05.04 08:09:16.041,1.3382,1.33833,3.37,2.62
2015.05.04 08:09:16.396,1.33824,1.33836,1.37,3.00
2015.05.04 08:09:17.159,1.33825,1.33836,2.25,1.50
2015.05.04 08:09:18.157,1.33825,1.33837,4.50,1.12
2015.05.04 08:09:18.301,1.33825,1.33838,1.37,2.25
2015.05.04 08:09:19.153,1.33825,1.33838,1.87,1.50
2015.05.04 08:09:21.289,1.33825,1.33838,4.12,1.37
2015.05.04 08:09:21.542,1.3383,1.3384,1.50,3.37
2015.05.04 08:09:22.206,1.33831,1.33841,1.50,1.37
2015.05.04 08:09:22.409,1.33831,1.33844,3.00,2.62
2015.05.04 08:09:22.511,1.33833,1.33843,1.00,1.87
2015.05.04 08:09:23.082,1.33832,1.33844,2.62,1.87
2015.05.04 08:09:23.418,1.33834,1.33844,1.00,1.75
2015.05.04 08:09:23.771,1.33836,1.33845,1.12,2.25
2015.05.04 08:09:23.973,1.33836,1.33847,1.50,1.00
2015.05.04 08:09:24.075,1.33836,1.33847,1.87,1.00
2015.05.04 08:09:24.405,1.33841,1.33851,2.62,2.25
2015.05.04 08:09:24.722,1.33849,1.33857,1.00,1.00
2015.05.04 08:09:24.823,1.33847,1.3386,1.37,5.25
2015.05.04 08:09:25.028,1.3385,1.3386,1.37,1.00
2015.05.04 08:09:25.180,1.33848,1.33859,3.75,1.50
2015.05.04 08:09:25.496,1.33846,1.33857,1.87,1.00
2015.05.04 08:09:26.591,1.33847,1.33858,1.00,1.00
2015.05.04 08:09:27.144,1.33849,1.3386,1.87,1.00
2015.05.04 08:09:27.549,1.33848,1.33858,1.12,1.00
2015.05.04 08:09:27.887,1.33846,1.33854,1.12,1.00
2015.05.04 08:09:28.399,1.33847,1.33853,1.00,1.00
2015.05.04 08:09:29.181,1.33846,1.33853,1.00,1.00
2015.05.04 08:09:29.703,1.33845,1.33853,1.87,1.00
2015.05.04 08:09:30.006,1.33843,1.33849,2.25,1.00
2015.05.04 08:09:30.057,1.3384,1.33847,3.75,1.00
2015.05.04 08:09:30.294,1.33837,1.33847,1.10,1.37
2015.05.04 08:09:30.799,1.33836,1.33845,1.87,1.00
2015.05.04 08:09:31.358,1.33837,1.33847,1.12,1.50
2015.05.04 08:09:31.738,1.33836,1.33848,1.12,1.87
2015.05.04 08:09:32.346,1.33839,1.33848,1.00,1.12
2015.05.04 08:09:32.888,1.33838,1.33848,1.75,1.00
2015.05.04 08:09:33.091,1.33839,1.33851,1.37,3.37
2015.05.04 08:09:33.598,1.33841,1.33851,1.12,2.25
2015.05.04 08:09:34.103,1.3384,1.33851,1.50,2.25
2015.05.04 08:09:34.811,1.33839,1.3385,1.95,1.00
2015.05.04 08:09:35.064,1.33838,1.33848,1.50,1.12
2015.05.04 08:09:35.178,1.33838,1.33848,1.10,1.87
2015.05.04 08:09:35.229,1.33835,1.33846,1.95,1.12
2015.05.04 08:09:35.584,1.33834,1.33844,1.50,1.00
2015.05.04 08:09:35.635,1.33833,1.33844,1.37,3.00
2015.05.04 08:09:35.788,1.33832,1.33842,1.12,1.00
2015.05.04 08:09:36.164,1.3383,1.3384,4.12,1.00
2015.05.04 08:09:36.394,1.3383,1.33839,1.50,1.00
2015.05.04 08:09:36.445,1.33829,1.33837,1.37,1.00
2015.05.04 08:09:36.749,1.33825,1.33832,1.37,1.00
2015.05.04 08:09:37.041,1.33822,1.3383,1.00,1.00
2015.05.04 08:09:37.092,1.33822,1.33832,1.00,1.12
2015.05.04 08:09:37.195,1.33821,1.3383,1.00,1.00
2015.05.04 08:09:37.499,1.33822,1.33831,1.00,3.75
2015.05.04 08:09:37.549,1.33822,1.33831,1.00,2.25
2015.05.04 08:09:37.601,1.3382,1.33824,1.12,1.00
2015.05.04 08:09:37.753,1.33814,1.33822,1.00,1.12
2015.05.04 08:09:38.163,1.33814,1.33821,1.00,1.37
2015.05.04 08:09:38.467,1.33812,1.33821,1.00,1.37
2015.05.04 08:09:38.620,1.3381,1.33821,3.75,1.37
2015.05.04 08:09:38.824,1.33814,1.33821,1.00,1.00
2015.05.04 08:09:39.026,1.33814,1.33823,1.00,1.00
2015.05.04 08:09:39.529,1.33814,1.33824,1.87,1.00
2015.05.04 08:09:40.140,1.33814,1.33824,1.00,1.00
2015.05.04 08:09:40.653,1.33814,1.33824,1.37,1.12
2015.05.04 08:09:41.113,1.33815,1.33822,1.12,1.00
2015.05.04 08:09:41.165,1.33812,1.33822,1.00,1.00
2015.05.04 08:09:41.620,1.3381,1.33821,2.25,1.00
2015.05.04 08:09:42.126,1.33811,1.33821,1.12,1.50
2015.05.04 08:09:42.228,1.33813,1.33821,1.00,1.50
2015.05.04 08:09:42.408,1.33813,1.33824,1.00,1.50
2015.05.04 08:09:42.510,1.33813,1.33821,1.00,1.00
2015.05.04 08:09:42.763,1.33811,1.33821,2.62,1.00
2015.05.04 08:09:43.572,1.33813,1.33824,1.00,2.25
2015.05.04 08:09:43.673,1.33815,1.33824,1.00,1.50
2015.05.04 08:09:44.281,1.33815,1.33826,3.00,2.25
2015.05.04 08:09:44.825,1.33815,1.33826,3.75,1.00
2015.05.04 08:09:45.128,1.33817,1.33826,1.50,1.00
2015.05.04 08:09:45.583,1.33817,1.33828,3.00,1.00
2015.05.04 08:09:46.119,1.33819,1.33828,1.00,1.00
2015.05.04 08:09:46.271,1.33817,1.33826,2.25,1.00
2015.05.04 08:09:46.322,1.33816,1.33826,1.12,1.50
2015.05.04 08:09:46.373,1.33815,1.33824,1.87,1.00
2015.05.04 08:09:46.679,1.33811,1.33815,1.50,1.00
2015.05.04 08:09:46.730,1.33808,1.33815,1.50,1.00
2015.05.04 08:09:46.782,1.33808,1.33813,1.50,1.00
2015.05.04 08:09:47.011,1.33803,1.33813,1.00,1.87
2015.05.04 08:09:47.519,1.33804,1.33814,1.37,1.50
2015.05.04 08:09:47.822,1.33808,1.33816,1.12,1.50
2015.05.04 08:09:47.924,1.33808,1.33818,1.50,1.00
2015.05.04 08:09:47.975,1.33808,1.33814,2.25,1.00
2015.05.04 08:09:48.077,1.3381,1.33817,1.00,1.00
2015.05.04 08:09:48.129,1.3381,1.33813,1.00,1.00
2015.05.04 08:09:48.230,1.3381,1.33819,1.00,1.50
2015.05.04 08:09:48.584,1.33808,1.33819,1.50,1.50
2015.05.04 08:09:48.894,1.33807,1.33819,1.75,1.50
2015.05.04 08:09:49.203,1.3381,1.33817,1.00,1.00
2015.05.04 08:09:49.730,1.33807,1.33816,1.87,1.00
2015.05.04 08:09:49.781,1.33807,1.33818,1.87,1.12
2015.05.04 08:09:49.832,1.33807,1.33818,1.50,1.12
2015.05.04 08:09:50.327,1.33805,1.33817,5.62,1.00
2015.05.04 08:09:50.911,1.33809,1.33817,1.00,1.00
2015.05.04 08:09:51.012,1.33806,1.33817,1.12,1.00
2015.05.04 08:09:51.265,1.33807,1.33819,1.87,2.62
2015.05.04 08:09:51.367,1.3381,1.3382,2.62,1.00
2015.05.04 08:09:51.870,1.3381,1.33822,1.87,2.25
2015.05.04 08:09:52.527,1.3381,1.3382,2.62,1.00
2015.05.04 08:09:53.523,1.3381,1.33818,1.12,1.00
2015.05.04 08:09:54.573,1.33809,1.33818,1.12,1.12
2015.05.04 08:09:55.502,1.33808,1.33818,2.25,1.12
2015.05.04 08:09:56.032,1.33808,1.33818,1.87,1.12
2015.05.04 08:09:56.799,1.33808,1.33816,1.37,1.00
2015.05.04 08:09:56.850,1.33806,1.33816,3.75,1.00
2015.05.04 08:09:57.392,1.33807,1.33817,1.00,1.12
2015.05.04 08:09:58.066,1.33806,1.33817,1.00,1.00
2015.05.04 08:09:59.128,1.33807,1.33819,1.00,1.87
2015.05.04 08:09:59.483,1.33809,1.3382,1.12,1.87
2015.05.04 08:09:59.534,1.33809,1.33821,1.12,2.25
2015.05.04 08:09:59.686,1.3381,1.33821,2.62,1.00
2015.05.04 08:10:00.008,1.33812,1.33819,1.00,1.00
2015.05.04 08:10:00.059,1.3381,1.33819,3.37,1.00
2015.05.04 08:10:00.110,1.3381,1.33817,1.00,1.50
2015.05.04 08:10:00.616,1.33809,1.3382,1.87,2.25
2015.05.04 08:10:00.935,1.3381,1.33818,1.00,1.50
2015.05.04 08:10:01.522,1.3381,1.33819,1.00,1.87
2015.05.04 08:10:02.030,1.33809,1.33818,1.00,1.50
2015.05.04 08:10:02.490,1.33807,1.33819,1.87,6.00
2015.05.04 08:10:02.830,1.33807,1.33819,1.00,5.25
2015.05.04 08:10:03.354,1.33807,1.33819,1.50,4.12
2015.05.04 08:10:03.658,1.33812,1.33819,1.00,1.50
2015.05.04 08:10:03.886,1.33809,1.33819,1.50,2.25
2015.05.04 08:10:04.399,1.33811,1.33819,1.00,1.00
2015.05.04 08:10:04.803,1.33809,1.33823,4.47,3.00
2015.05.04 08:10:04.905,1.33811,1.33822,1.00,1.12
2015.05.04 08:10:05.451,1.33811,1.33821,1.00,1.00
2015.05.04 08:10:05.959,1.33811,1.33823,1.37,2.62
2015.05.04 08:10:06.530,1.3381,1.33823,3.75,2.02
2015.05.04 08:10:07.089,1.33809,1.33818,10.50,1.50
2015.05.04 08:10:07.394,1.33809,1.33815,1.37,1.00
2015.05.04 08:10:07.445,1.33807,1.33815,1.50,1.00
2015.05.04 08:10:07.951,1.33806,1.33815,1.00,1.00
2015.05.04 08:10:09.414,1.33804,1.33815,10.12,1.00
2015.05.04 08:10:10.120,1.33805,1.33815,2.62,1.50
2015.05.04 08:10:10.731,1.33804,1.33815,5.62,1.00
2015.05.04 08:10:11.143,1.33807,1.33817,1.00,1.50
2015.05.04 08:10:11.447,1.33809,1.33817,1.37,1.12
2015.05.04 08:10:11.651,1.33806,1.33817,2.25,1.00
2015.05.04 08:10:11.803,1.33806,1.33815,1.00,1.00
2015.05.04 08:10:12.105,1.33802,1.33812,1.00,2.25
2015.05.04 08:10:12.612,1.33802,1.3381,1.00,1.00
2015.05.04 08:10:12.777,1.338,1.3381,4.12,1.00
2015.05.04 08:10:12.929,1.33802,1.3381,1.00,1.00
2015.05.04 08:10:13.233,1.33802,1.33813,1.00,1.37
2015.05.04 08:10:13.707,1.33805,1.33813,1.00,1.37
2015.05.04 08:10:13.758,1.33806,1.33814,1.00,1.00
2015.05.04 08:10:13.860,1.33807,1.33818,2.25,1.00
2015.05.04 08:10:14.406,1.33809,1.33819,1.12,1.00
2015.05.04 08:10:14.938,1.33808,1.33819,2.25,1.00
2015.05.04 08:10:15.049,1.33808,1.33819,1.00,1.00
2015.05.04 08:10:15.208,1.33806,1.33818,1.00,1.50
2015.05.04 08:10:15.870,1.33807,1.33818,1.00,1.50
2015.05.04 08:10:16.444,1.33806,1.33815,1.50,1.00
2015.05.04 08:10:16.747,1.33806,1.33817,1.37,1.00
2015.05.04 08:10:16.849,1.33806,1.33815,2.62,1.00
2015.05.04 08:10:17.383,1.33805,1.33815,9.37,1.00
2015.05.04 08:10:17.945,1.33805,1.33815,4.87,1.00
2015.05.04 08:10:18.246,1.33808,1.33815,1.37,1.00
2015.05.04 08:10:18.545,1.33806,1.33818,3.75,3.37
2015.05.04 08:10:20.073,1.33808,1.33816,1.00,1.00
2015.05.04 08:10:20.528,1.33807,1.33817,1.50,1.37
2015.05.04 08:10:20.785,1.3381,1.33818,1.37,1.87
2015.05.04 08:10:21.139,1.33809,1.33821,2.62,1.87
2015.05.04 08:10:21.695,1.3381,1.33821,2.25,1.00
2015.05.04 08:10:22.004,1.33809,1.3382,1.87,2.25
2015.05.04 08:10:26.168,1.33808,1.33817,1.50,2.62
2015.05.04 08:10:26.472,1.33817,1.3382,1.00,1.00
2015.05.04 08:10:26.573,1.33813,1.3382,2.25,1.00
2015.05.04 08:10:26.877,1.33812,1.3382,1.00,1.00
2015.05.04 08:10:27.030,1.3381,1.3382,1.00,1.00
2015.05.04 08:10:27.182,1.33808,1.33817,2.25,1.00
2015.05.04 08:10:27.487,1.33813,1.3382,1.00,1.50
2015.05.04 08:10:27.537,1.33809,1.33819,1.12,1.00
2015.05.04 08:10:28.159,1.33809,1.33819,2.25,1.37
2015.05.04 08:10:28.522,1.33812,1.33819,1.00,1.37
2015.05.04 08:10:28.573,1.33812,1.3382,1.00,2.62
2015.05.04 08:10:29.112,1.33811,1.33821,1.00,2.62
2015.05.04 08:10:29.163,1.33809,1.3382,1.12,3.00
2015.05.04 08:10:29.365,1.3381,1.33817,1.00,1.00
2015.05.04 08:10:29.467,1.33808,1.33817,1.00,1.50
2015.05.04 08:10:29.987,1.33806,1.33817,1.50,1.50
2015.05.04 08:10:30.492,1.33806,1.33817,1.00,2.62
2015.05.04 08:10:31.168,1.33806,1.33817,1.00,3.75
2015.05.04 08:10:32.266,1.33806,1.33817,1.00,2.25
2015.05.04 08:10:32.795,1.33806,1.33814,1.00,1.00
2015.05.04 08:10:33.369,1.33806,1.33815,1.00,1.00
2015.05.04 08:10:33.922,1.33807,1.33817,1.00,3.37
2015.05.04 08:10:34.444,1.33807,1.33817,1.87,1.50
2015.05.04 08:10:34.977,1.33807,1.33816,2.25,1.12
2015.05.04 08:10:35.324,1.3381,1.33816,1.00,1.12
2015.05.04 08:10:35.374,1.33808,1.33816,1.00,1.12
2015.05.04 08:10:35.425,1.33807,1.33819,1.87,1.12
2015.05.04 08:10:35.476,1.33809,1.3382,1.00,2.62
2015.05.04 08:10:36.012,1.33809,1.3382,1.00,1.87
2015.05.04 08:10:36.214,1.33807,1.3382,2.25,1.00
2015.05.04 08:10:36.517,1.33816,1.3382,1.00,1.12
2015.05.04 08:10:36.836,1.33821,1.33822,1.00,1.00
2015.05.04 08:10:37.139,1.33822,1.33824,1.00,4.12
2015.05.04 08:10:37.443,1.33821,1.33823,1.00,2.62
2015.05.04 08:10:38.946,1.33822,1.33823,1.00,1.27
2015.05.04 08:10:39.277,1.33825,1.33828,1.00,1.95
2015.05.04 08:10:39.329,1.33826,1.3383,1.37,2.55
2015.05.04 08:10:39.633,1.33835,1.33837,1.00,1.50
2015.05.04 08:10:39.685,1.33837,1.3384,1.00,3.00
2015.05.04 08:10:39.777,1.33841,1.33842,1.00,3.75
2015.05.04 08:10:39.980,1.3385,1.33853,1.50,2.25
2015.05.04 08:10:40.032,1.33851,1.33853,1.00,2.25
2015.05.04 08:10:40.083,1.33856,1.33857,1.00,2.25
2015.05.04 08:10:40.185,1.33859,1.33864,1.00,2.25
2015.05.04 08:10:40.287,1.33861,1.33863,1.00,1.00
2015.05.04 08:10:40.635,1.33857,1.33859,1.50,1.00
2015.05.04 08:10:40.787,1.33859,1.3386,1.00,1.12
2015.05.04 08:10:41.301,1.33858,1.33861,1.00,2.62
2015.05.04 08:10:41.605,1.3386,1.33862,1.00,1.87
2015.05.04 08:10:41.758,1.33861,1.33863,1.00,1.37
2015.05.04 08:10:41.910,1.33855,1.33862,1.00,1.00
2015.05.04 08:10:41.960,1.33853,1.3386,1.50,3.00
2015.05.04 08:10:42.264,1.3385,1.33851,1.00,1.00
2015.05.04 08:10:42.467,1.33847,1.33851,1.00,1.00
2015.05.04 08:10:42.975,1.33846,1.33851,1.00,1.00
2015.05.04 08:10:43.026,1.33844,1.33849,2.62,1.00
2015.05.04 08:10:43.178,1.33841,1.33846,1.00,1.00
2015.05.04 08:10:43.279,1.33839,1.33843,1.12,1.00
2015.05.04 08:10:43.841,1.33838,1.33843,1.00,1.00
2015.05.04 08:10:43.993,1.33838,1.33846,1.00,4.12
2015.05.04 08:10:44.500,1.33838,1.33844,1.00,1.50
2015.05.04 08:10:45.112,1.33837,1.33844,1.00,1.50
2015.05.04 08:10:47.420,1.3384,1.33845,1.50,1.00
2015.05.04 08:10:47.734,1.33842,1.33847,1.00,1.50
2015.05.04 08:10:48.257,1.33842,1.33846,1.00,1.12
2015.05.04 08:10:48.619,1.33842,1.33849,1.00,1.00
2015.05.04 08:10:49.097,1.3384,1.33844,1.00,1.00
2015.05.04 08:10:49.401,1.33836,1.33837,1.00,1.50
2015.05.04 08:10:49.452,1.33834,1.33837,1.00,1.50
2015.05.04 08:10:49.890,1.33832,1.33838,1.00,2.25
2015.05.04 08:10:50.396,1.33831,1.33837,1.00,2.62
2015.05.04 08:10:50.498,1.33829,1.33837,1.00,1.12
2015.05.04 08:10:51.031,1.33828,1.33837,1.50,1.50
2015.05.04 08:10:51.132,1.33828,1.33837,1.50,2.62
2015.05.04 08:10:51.638,1.33829,1.33838,1.00,1.87
2015.05.04 08:10:52.141,1.33828,1.33838,1.50,1.50
2015.05.04 08:10:52.598,1.3383,1.33837,1.00,1.12
2015.05.04 08:10:53.200,1.33829,1.33837,1.00,1.12
2015.05.04 08:10:53.797,1.3383,1.33837,1.00,1.12
2015.05.04 08:10:56.331,1.33828,1.33837,1.50,2.25
2015.05.04 08:10:56.534,1.33828,1.33834,1.00,1.00
2015.05.04 08:10:56.837,1.3382,1.33826,1.50,1.00
2015.05.04 08:10:57.184,1.33812,1.33817,1.00,1.00
2015.05.04 08:10:57.438,1.33807,1.33814,1.00,1.50
2015.05.04 08:10:57.539,1.33809,1.33814,1.00,1.00
2015.05.04 08:10:58.098,1.33808,1.33814,1.00,1.00
2015.05.04 08:10:59.468,1.33808,1.33816,1.00,1.50
2015.05.04 08:11:00.221,1.33809,1.33816,1.00,1.00
2015.05.04 08:11:00.409,1.33813,1.33816,1.00,1.00
2015.05.04 08:11:00.511,1.33809,1.33816,1.50,1.00
2015.05.04 08:11:00.865,1.33809,1.33818,1.00,1.50
2015.05.04 08:11:01.376,1.3381,1.33818,1.12,1.00
2015.05.04 08:11:01.626,1.33811,1.3382,1.00,2.25
2015.05.04 08:11:02.148,1.33809,1.33819,1.50,1.00
2015.05.04 08:11:02.439,1.33812,1.33815,1.00,1.00
2015.05.04 08:11:02.897,1.3381,1.33815,1.50,1.87
2015.05.04 08:11:03.100,1.33808,1.33815,2.25,1.50
2015.05.04 08:11:03.252,1.3381,1.33814,1.00,1.50
2015.05.04 08:11:03.354,1.33808,1.33814,1.50,1.00
2015.05.04 08:11:03.860,1.33807,1.33815,1.00,2.62
2015.05.04 08:11:05.001,1.33805,1.33815,3.00,1.87
2015.05.04 08:11:05.547,1.3381,1.33815,1.00,1.00
2015.05.04 08:11:05.953,1.3381,1.33819,1.00,1.37
2015.05.04 08:11:06.355,1.3381,1.3382,1.50,1.87
2015.05.04 08:11:06.609,1.33812,1.33821,1.50,2.62
2015.05.04 08:11:06.913,1.33817,1.33825,1.00,1.12
2015.05.04 08:11:07.439,1.33822,1.33826,1.00,1.12
2015.05.04 08:11:07.541,1.3382,1.33828,1.00,1.50
2015.05.04 08:11:07.693,1.3382,1.3383,1.12,1.12
2015.05.04 08:11:08.299,1.3382,1.33831,1.00,1.12
2015.05.04 08:11:08.826,1.3382,1.33831,2.25,1.37
2015.05.04 08:11:09.230,1.33823,1.33831,1.00,1.00
2015.05.04 08:11:09.534,1.33824,1.33831,1.50,1.00
2015.05.04 08:11:09.968,1.33824,1.33833,1.50,1.87
2015.05.04 08:11:10.561,1.33823,1.33833,2.62,1.00
2015.05.04 08:11:11.094,1.33824,1.33833,1.50,1.00
2015.05.04 08:11:11.619,1.33823,1.33833,2.62,1.00
2015.05.04 08:11:11.957,1.33824,1.33837,2.25,3.82
2015.05.04 08:11:12.059,1.33825,1.33837,1.37,2.25
2015.05.04 08:11:13.078,1.33824,1.33837,2.25,1.50
2015.05.04 08:11:14.203,1.33825,1.33836,1.50,1.00
2015.05.04 08:11:15.018,1.33827,1.33837,1.50,1.50
2015.05.04 08:11:15.538,1.33829,1.33838,1.00,1.00
2015.05.04 08:11:16.020,1.33829,1.3384,1.37,1.50
2015.05.04 08:11:17.027,1.33829,1.3384,1.12,1.87
2015.05.04 08:11:17.565,1.33829,1.3384,1.37,1.00
2015.05.04 08:11:18.031,1.3383,1.33843,1.87,1.50
2015.05.04 08:11:18.133,1.33833,1.33843,1.00,1.00
2015.05.04 08:11:18.585,1.33833,1.33845,1.87,1.00
2015.05.04 08:11:22.086,1.33834,1.33845,1.12,1.12
2015.05.04 08:11:22.238,1.33834,1.33845,4.50,1.00
2015.05.04 08:11:23.095,1.33836,1.33845,1.50,1.00
2015.05.04 08:11:24.389,1.33837,1.33846,1.87,1.00
2015.05.04 08:11:24.919,1.33837,1.33846,1.00,1.00
2015.05.04 08:11:25.353,1.33836,1.33843,1.50,1.00
2015.05.04 08:11:25.404,1.33833,1.33843,2.62,1.50
2015.05.04 08:11:25.506,1.33834,1.33843,1.50,1.50
2015.05.04 08:11:25.910,1.33834,1.33845,3.00,4.12
2015.05.04 08:11:25.961,1.33834,1.33843,2.62,1.00
2015.05.04 08:11:26.269,1.33835,1.33846,1.50,1.87
2015.05.04 08:11:26.356,1.33835,1.33846,1.87,1.87
2015.05.04 08:11:26.870,1.33835,1.33846,1.12,1.50
2015.05.04 08:11:27.602,1.33835,1.33846,1.75,1.50
2015.05.04 08:11:28.128,1.33835,1.33846,1.87,1.50
2015.05.04 08:11:28.675,1.33835,1.33846,1.12,1.50
2015.05.04 08:11:29.177,1.33835,1.33846,1.75,1.50
2015.05.04 08:11:29.680,1.33835,1.33846,1.75,1.50
2015.05.04 08:11:30.191,1.33835,1.33846,1.75,1.12
2015.05.04 08:11:30.635,1.33839,1.33847,1.87,2.25
2015.05.04 08:11:31.183,1.33839,1.33848,1.00,3.00
2015.05.04 08:11:31.510,1.33839,1.33849,4.12,1.00
2015.05.04 08:11:33.227,1.33841,1.33851,1.00,1.00
2015.05.04 08:11:33.740,1.3384,1.33851,1.00,2.25
2015.05.04 08:11:34.518,1.3384,1.33851,1.00,3.37
2015.05.04 08:11:35.120,1.33839,1.33851,2.62,2.62
2015.05.04 08:11:35.272,1.33839,1.33848,2.25,1.00
2015.05.04 08:11:35.775,1.33839,1.33848,1.12,1.00
2015.05.04 08:11:36.291,1.33839,1.33848,2.25,1.00
2015.05.04 08:11:36.807,1.33839,1.33848,1.00,1.00
2015.05.04 08:11:37.587,1.33839,1.33848,1.87,1.00
2015.05.04 08:11:38.146,1.33839,1.33848,1.00,1.00
2015.05.04 08:11:39.006,1.33839,1.33844,1.87,1.00
2015.05.04 08:11:39.107,1.33836,1.33843,1.37,1.00
2015.05.04 08:11:39.158,1.33835,1.3384,1.00,1.00
2015.05.04 08:11:39.333,1.33831,1.33839,3.00,1.00
2015.05.04 08:11:39.435,1.33831,1.33838,2.62,1.50
2015.05.04 08:11:39.943,1.33831,1.33838,2.62,1.00
2015.05.04 08:11:40.273,1.33831,1.33841,2.25,2.62
2015.05.04 08:11:41.045,1.33831,1.33841,2.25,2.62
2015.05.04 08:11:41.555,1.33831,1.33841,2.62,1.87
2015.05.04 08:11:42.170,1.33831,1.33841,2.25,2.62
2015.05.04 08:11:42.708,1.33831,1.3384,2.25,1.00
2015.05.04 08:11:43.076,1.33831,1.3384,2.25,1.75
2015.05.04 08:11:43.278,1.33829,1.3384,1.50,1.75
2015.05.04 08:11:43.875,1.33829,1.3384,1.87,1.12
2015.05.04 08:11:44.377,1.3383,1.33838,1.87,1.50
2015.05.04 08:11:44.478,1.3383,1.33839,1.00,5.62
2015.05.04 08:11:44.580,1.33829,1.33839,1.87,1.00
2015.05.04 08:11:44.634,1.33829,1.33837,1.87,1.00
2015.05.04 08:11:44.961,1.33828,1.33834,1.00,1.12
2015.05.04 08:11:45.214,1.33829,1.33837,1.00,1.37
2015.05.04 08:11:45.740,1.33829,1.33837,1.00,1.00
2015.05.04 08:11:46.256,1.33828,1.33837,1.00,1.00
2015.05.04 08:11:47.708,1.33826,1.33837,1.50,2.62
2015.05.04 08:11:47.809,1.33825,1.33829,2.25,1.00
2015.05.04 08:11:48.315,1.33825,1.33829,1.12,1.00
2015.05.04 08:11:48.830,1.33825,1.33829,1.87,1.00
2015.05.04 08:11:49.345,1.33825,1.33829,1.50,1.00
2015.05.04 08:11:50.041,1.33826,1.33827,1.00,1.00
2015.05.04 08:11:50.548,1.33826,1.33828,1.50,1.00
2015.05.04 08:11:51.141,1.33829,1.3383,1.00,2.25
2015.05.04 08:11:51.459,1.33827,1.33828,1.50,1.00
2015.05.04 08:11:51.510,1.33827,1.33831,1.87,1.50
2015.05.04 08:11:51.561,1.3383,1.33831,1.12,1.50
2015.05.04 08:11:51.714,1.33837,1.33838,1.00,1.00
2015.05.04 08:11:51.867,1.33838,1.3384,1.12,1.50
2015.05.04 08:11:52.407,1.33839,1.3384,1.00,1.00
2015.05.04 08:11:52.918,1.33839,1.3384,1.00,1.00
2015.05.04 08:11:54.273,1.33839,1.33842,1.00,1.00
2015.05.04 08:11:54.324,1.33841,1.33842,1.12,1.00
2015.05.04 08:11:55.097,1.33842,1.33843,1.00,1.00
2015.05.04 08:11:57.406,1.33843,1.33844,1.00,1.00
2015.05.04 08:11:58.219,1.33843,1.33845,1.00,1.50
2015.05.04 08:11:58.967,1.33842,1.33845,1.00,1.00
2015.05.04 08:12:00.129,1.33842,1.33846,1.00,1.00
2015.05.04 08:12:00.730,1.33842,1.33845,1.00,1.00
2015.05.04 08:12:00.932,1.33844,1.33846,1.00,1.00
2015.05.04 08:12:01.236,1.33842,1.33844,1.00,1.00
2015.05.04 08:12:03.464,1.3384,1.33842,1.37,1.00
2015.05.04 08:12:05.899,1.33839,1.33842,1.00,1.00
2015.05.04 08:12:05.950,1.33839,1.33841,1.00,1.00
2015.05.04 08:12:06.001,1.33835,1.33838,1.00,1.00
2015.05.04 08:12:06.052,1.33833,1.33835,1.87,1.00
2015.05.04 08:12:06.103,1.33831,1.33834,1.50,1.00
2015.05.04 08:12:06.514,1.33832,1.33835,1.00,1.00
2015.05.04 08:12:07.020,1.33832,1.33836,1.12,1.00
2015.05.04 08:12:07.222,1.33832,1.33834,1.12,1.00
2015.05.04 08:12:08.092,1.3383,1.33833,1.00,1.00
2015.05.04 08:12:08.244,1.33829,1.33832,2.25,1.00
2015.05.04 08:12:08.346,1.33828,1.3383,1.00,1.00
2015.05.04 08:12:08.741,1.33826,1.33827,1.00,1.00
2015.05.04 08:12:09.046,1.33825,1.33827,1.00,1.00
2015.05.04 08:12:09.299,1.33822,1.33827,1.00,1.00
2015.05.04 08:12:09.350,1.33821,1.33824,1.50,1.00
2015.05.04 08:12:09.503,1.33819,1.33822,1.00,1.00
2015.05.04 08:12:09.657,1.33818,1.3382,1.00,1.00
2015.05.04 08:12:09.962,1.33816,1.33817,1.00,1.00
2015.05.04 08:12:10.929,1.33817,1.3382,1.00,2.25
2015.05.04 08:12:11.031,1.33818,1.3382,1.00,1.00
2015.05.04 08:12:11.234,1.33822,1.33825,1.12,2.62
2015.05.04 08:12:11.336,1.3382,1.33828,1.16,1.00
2015.05.04 08:12:11.539,1.33822,1.33832,1.16,1.00
2015.05.04 08:12:11.641,1.33822,1.3383,1.16,1.00
2015.05.04 08:12:12.161,1.33822,1.33829,1.16,1.00
2015.05.04 08:12:12.668,1.33821,1.33829,1.46,1.00
2015.05.04 08:12:13.618,1.33824,1.33827,1.54,1.00
2015.05.04 08:12:13.720,1.33821,1.33826,1.54,1.00
2015.05.04 08:12:13.923,1.33821,1.33824,1.00,1.00
2015.05.04 08:12:14.238,1.33816,1.33819,3.00,1.00
2015.05.04 08:12:14.340,1.33815,1.33817,1.12,1.00
2015.05.04 08:12:14.441,1.33812,1.33816,2.62,1.00
2015.05.04 08:12:14.589,1.33812,1.33814,2.25,1.00
2015.05.04 08:12:14.896,1.33812,1.33814,1.00,1.00
2015.05.04 08:12:15.790,1.33811,1.33814,1.50,1.00
2015.05.04 08:12:15.905,1.33812,1.33813,1.00,1.00
2015.05.04 08:12:16.332,1.33811,1.33813,1.50,1.00
2015.05.04 08:12:17.397,1.33813,1.33814,1.00,1.00
2015.05.04 08:12:18.768,1.33816,1.33818,1.00,3.00
2015.05.04 08:12:19.185,1.33813,1.33814,1.00,1.00
2015.05.04 08:12:19.236,1.33813,1.33816,1.00,3.00
2015.05.04 08:12:19.388,1.33813,1.33817,1.50,1.00
2015.05.04 08:12:19.590,1.33813,1.33817,1.12,1.00
2015.05.04 08:12:19.843,1.33813,1.33815,1.12,1.00
2015.05.04 08:12:19.936,1.33811,1.33816,4.12,1.00
2015.05.04 08:12:20.038,1.33811,1.33813,2.25,1.00
2015.05.04 08:12:20.646,1.33811,1.33813,1.00,1.00
2015.05.04 08:12:21.003,1.33813,1.33814,1.00,1.00
2015.05.04 08:12:21.510,1.33814,1.33815,1.00,1.50
2015.05.04 08:12:22.611,1.33814,1.33815,1.50,1.00
2015.05.04 08:12:22.662,1.33816,1.33818,1.00,1.50
2015.05.04 08:12:22.966,1.33817,1.3382,1.00,1.50
2015.05.04 08:12:23.542,1.33817,1.33821,1.00,1.50
2015.05.04 08:12:23.846,1.33816,1.33819,1.50,1.00
2015.05.04 08:12:24.352,1.33817,1.33818,1.00,1.00
2015.05.04 08:12:24.932,1.33817,1.3382,1.00,1.00
2015.05.04 08:12:25.878,1.33818,1.3382,1.00,1.00
2015.05.04 08:12:26.030,1.33816,1.33821,1.00,1.00
2015.05.04 08:12:26.139,1.33813,1.33816,2.25,1.00
2015.05.04 08:12:26.454,1.33809,1.33811,1.00,1.00
2015.05.04 08:12:26.657,1.33807,1.3381,1.00,1.50
2015.05.04 08:12:26.860,1.33806,1.33808,1.50,1.00
2015.05.04 08:12:27.109,1.33804,1.33807,1.50,1.00
2015.05.04 08:12:27.160,1.33804,1.33805,1.50,1.00
2015.05.04 08:12:27.472,1.33804,1.33807,1.00,1.00
2015.05.04 08:12:27.523,1.33806,1.33807,1.00,1.00
2015.05.04 08:12:27.574,1.33806,1.3381,1.00,1.00
2015.05.04 08:12:27.675,1.33806,1.33808,1.00,1.00
2015.05.04 08:12:27.827,1.33804,1.33808,1.50,1.50
2015.05.04 08:12:27.979,1.33806,1.33808,1.00,1.00
2015.05.04 08:12:28.652,1.33807,1.33809,1.00,1.50
2015.05.04 08:12:29.200,1.33807,1.33808,1.00,1.00
2015.05.04 08:12:29.704,1.33808,1.3381,1.62,1.50
2015.05.04 08:12:29.957,1.33808,1.33812,1.37,1.50
2015.05.04 08:12:30.505,1.3381,1.33812,1.12,1.00
2015.05.04 08:12:30.760,1.33809,1.33814,1.69,1.00
2015.05.04 08:12:30.810,1.3381,1.33814,1.37,1.50
2015.05.04 08:12:30.962,1.33809,1.33814,2.44,1.00
2015.05.04 08:12:31.468,1.3381,1.33814,1.12,1.00
2015.05.04 08:12:32.144,1.3381,1.33815,1.69,1.00
2015.05.04 08:12:32.600,1.33813,1.33815,1.37,1.00
2015.05.04 08:12:32.751,1.33813,1.33818,1.37,1.50
2015.05.04 08:12:33.268,1.33813,1.33814,1.31,1.00
2015.05.04 08:12:33.521,1.3381,1.33815,2.06,1.00
2015.05.04 08:12:33.673,1.3381,1.33817,1.00,1.00
2015.05.04 08:12:34.028,1.33808,1.33817,2.25,1.00
2015.05.04 08:12:34.502,1.33809,1.33817,1.62,1.50
2015.05.04 08:12:34.654,1.33812,1.3382,1.12,1.12
2015.05.04 08:12:35.160,1.33811,1.3382,1.69,1.12
2015.05.04 08:12:35.593,1.3381,1.33818,1.12,1.00
2015.05.04 08:12:35.644,1.33808,1.33818,3.75,1.50
2015.05.04 08:12:36.015,1.3381,1.33818,1.12,1.87
2015.05.04 08:12:36.520,1.33809,1.33818,1.69,1.87
2015.05.04 08:12:36.830,1.33808,1.33814,1.00,1.00
2015.05.04 08:12:37.348,1.33808,1.33815,1.00,1.50
2015.05.04 08:12:37.865,1.33808,1.33814,1.00,1.00
2015.05.04 08:12:38.585,1.33808,1.3381,1.00,2.25
2015.05.04 08:12:38.637,1.33805,1.33807,3.37,1.00
2015.05.04 08:12:38.688,1.33805,1.33806,1.00,1.50
2015.05.04 08:12:38.739,1.338,1.33802,2.47,1.00
2015.05.04 08:12:38.891,1.338,1.33801,1.00,1.00
2015.05.04 08:12:38.992,1.33798,1.33802,1.00,1.00
2015.05.04 08:12:39.500,1.33796,1.33803,1.37,1.50
2015.05.04 08:12:40.028,1.33796,1.33804,1.50,1.50
2015.05.04 08:12:40.553,1.33796,1.33804,1.50,1.50
2015.05.04 08:12:40.655,1.33796,1.33802,1.12,1.00
2015.05.04 08:12:40.806,1.33794,1.33802,3.00,1.00
2015.05.04 08:12:40.857,1.33794,1.33799,3.00,1.50
2015.05.04 08:12:41.363,1.33792,1.33801,1.37,1.50
2015.05.04 08:12:42.481,1.33794,1.33801,1.37,1.00
2015.05.04 08:12:43.688,1.33794,1.33801,1.50,1.00
2015.05.04 08:12:44.194,1.33793,1.33801,1.12,1.00
2015.05.04 08:12:44.791,1.33793,1.33801,1.37,1.00
2015.05.04 08:12:45.972,1.33794,1.33797,1.12,1.00
2015.05.04 08:12:46.075,1.33791,1.338,1.12,1.50
2015.05.04 08:12:46.176,1.3379,1.33798,2.62,1.00
2015.05.04 08:12:46.329,1.33789,1.33796,1.00,1.00
2015.05.04 08:12:46.481,1.33786,1.33793,1.87,1.50
2015.05.04 08:12:46.815,1.33785,1.33789,1.12,1.00
2015.05.04 08:12:46.925,1.33785,1.33792,4.12,1.50
2015.05.04 08:12:47.448,1.33786,1.33793,1.10,1.00
2015.05.04 08:12:48.043,1.33786,1.33792,1.20,1.00
2015.05.04 08:12:48.562,1.33785,1.3379,3.07,1.00
2015.05.04 08:12:48.896,1.33781,1.33784,1.37,1.00
2015.05.04 08:12:49.203,1.33781,1.33785,1.37,1.00
2015.05.04 08:12:49.456,1.3378,1.33787,1.50,1.00
2015.05.04 08:12:49.507,1.3378,1.33786,1.50,1.00
2015.05.04 08:12:49.993,1.3378,1.33788,1.87,1.00
2015.05.04 08:12:50.399,1.33782,1.33788,1.12,1.00
2015.05.04 08:12:50.702,1.33785,1.33789,1.00,1.00
2015.05.04 08:12:51.054,1.33787,1.33788,1.00,1.00
2015.05.04 08:12:51.156,1.33782,1.33788,3.37,1.00
2015.05.04 08:12:51.308,1.33782,1.33788,1.50,1.00
2015.05.04 08:12:51.840,1.33782,1.33786,2.62,1.00
2015.05.04 08:12:52.345,1.33781,1.33786,2.62,1.00
2015.05.04 08:12:52.699,1.33784,1.33787,1.00,1.50
2015.05.04 08:12:53.202,1.33784,1.33786,1.00,1.00
2015.05.04 08:12:53.601,1.33783,1.33784,1.00,1.00
2015.05.04 08:12:53.905,1.33781,1.33784,1.00,1.00
2015.05.04 08:12:54.006,1.33781,1.33786,1.00,1.50
2015.05.04 08:12:54.108,1.33785,1.33787,1.00,1.00
2015.05.04 08:12:54.209,1.33785,1.33789,1.00,1.00
2015.05.04 08:12:54.512,1.33785,1.33787,1.00,1.00
2015.05.04 08:12:54.832,1.33787,1.3379,1.50,1.12
2015.05.04 08:12:54.883,1.33789,1.33791,1.00,1.87
2015.05.04 08:12:54.934,1.33788,1.33791,1.00,1.87
2015.05.04 08:12:54.984,1.33786,1.33791,1.00,1.37
2015.05.04 08:12:55.491,1.33788,1.33792,1.00,1.50
2015.05.04 08:12:55.592,1.3379,1.33792,1.00,1.50
2015.05.04 08:12:55.643,1.33791,1.33793,1.00,1.50
2015.05.04 08:12:55.744,1.3379,1.33793,1.00,1.00
2015.05.04 08:12:56.269,1.3379,1.33792,1.00,1.00
2015.05.04 08:12:56.724,1.33789,1.33791,1.50,1.00
2015.05.04 08:12:56.826,1.3379,1.33794,1.00,1.00
2015.05.04 08:12:57.131,1.33792,1.33794,1.50,1.37
2015.05.04 08:12:57.235,1.33791,1.33795,1.00,1.00
2015.05.04 08:12:57.337,1.33787,1.33793,1.00,1.00
2015.05.04 08:12:57.438,1.33789,1.33794,1.00,1.00
2015.05.04 08:12:57.742,1.33791,1.33792,1.00,1.00
2015.05.04 08:12:57.935,1.33792,1.33794,1.00,1.00
2015.05.04 08:12:58.037,1.33792,1.33796,1.00,1.00
2015.05.04 08:12:58.391,1.33794,1.33797,1.00,1.00
2015.05.04 08:12:58.493,1.33794,1.33798,1.50,1.00
2015.05.04 08:12:58.595,1.33795,1.338,2.25,1.00
2015.05.04 08:12:58.797,1.33795,1.33802,1.50,1.00
2015.05.04 08:12:59.034,1.33796,1.338,1.50,1.00
2015.05.04 08:12:59.236,1.33796,1.33805,2.25,1.50
2015.05.04 08:13:00.025,1.33797,1.33805,2.25,1.37
2015.05.04 08:13:00.129,1.33799,1.33807,1.00,1.37
2015.05.04 08:13:00.230,1.33799,1.33808,1.00,1.87
2015.05.04 08:13:00.534,1.33803,1.33808,1.00,1.87
2015.05.04 08:13:00.902,1.338,1.33809,3.75,3.37
2015.05.04 08:13:01.004,1.33802,1.33809,1.00,2.62
2015.05.04 08:13:01.106,1.338,1.33809,1.50,2.62
2015.05.04 08:13:01.443,1.33802,1.33809,1.00,4.12
2015.05.04 08:13:02.010,1.33801,1.33809,1.00,4.12
2015.05.04 08:13:02.162,1.33799,1.33808,2.62,1.12
2015.05.04 08:13:02.264,1.33804,1.33808,1.00,1.12
2015.05.04 08:13:02.428,1.33809,1.33814,1.00,1.00
2015.05.04 08:13:02.479,1.33809,1.33817,1.50,1.00
2015.05.04 08:13:02.592,1.33812,1.33819,1.37,1.00
2015.05.04 08:13:02.644,1.33812,1.33821,1.37,1.12
2015.05.04 08:13:02.695,1.33814,1.33821,1.37,1.12
2015.05.04 08:13:02.797,1.33813,1.33824,1.37,4.87
2015.05.04 08:13:03.404,1.33814,1.33825,1.00,3.00
2015.05.04 08:13:03.987,1.33812,1.33825,1.75,1.87
2015.05.04 08:13:04.038,1.33812,1.33823,1.00,1.37
2015.05.04 08:13:04.291,1.33811,1.33817,1.12,1.00
2015.05.04 08:13:04.392,1.33809,1.33817,1.12,1.50
2015.05.04 08:13:04.544,1.33808,1.33815,1.37,1.00
2015.05.04 08:13:05.078,1.33809,1.33816,1.00,1.00
2015.05.04 08:13:05.179,1.33809,1.33819,1.00,1.00
2015.05.04 08:13:05.331,1.33809,1.33819,1.37,1.00
2015.05.04 08:13:05.849,1.3381,1.33816,1.37,1.50
2015.05.04 08:13:06.355,1.33808,1.33816,1.12,1.50
2015.05.04 08:13:07.339,1.33808,1.33816,1.37,1.50
2015.05.04 08:13:07.642,1.3381,1.33818,1.12,2.25
2015.05.04 08:13:07.946,1.33807,1.33816,3.37,1.12
2015.05.04 08:13:08.199,1.33804,1.33815,2.25,4.12
2015.05.04 08:13:08.250,1.33804,1.33812,2.62,1.00
2015.05.04 08:13:08.562,1.33805,1.33811,1.00,1.87
