2008.05.15 17:00:00.139,1.61945,1.61965,3.50,0.80
2008.05.15 17:00:00.226,1.61945,1.61965,2.80,0.80
2008.05.15 17:00:00.314,1.6194,1.61965,0.80,3.20
2008.05.15 17:00:00.434,1.61945,1.61965,0.80,3.20
2008.05.15 17:00:00.556,1.61955,1.6197,0.90,0.60
2008.05.15 17:00:00.677,1.6196,1.6197,0.80,0.60
2008.05.15 17:00:00.797,1.61955,1.6197,0.80,0.60
2008.05.15 17:00:00.918,1.61955,1.61975,0.80,4.80
2008.05.15 17:00:01.169,1.61955,1.61975,0.80,0.80
2008.05.15 17:00:01.288,1.6195,1.61975,0.90,0.80
2008.05.15 17:00:01.628,1.61945,1.61965,3.50,0.50
2008.05.15 17:00:01.968,1.61945,1.61965,1.60,0.50
2008.05.15 17:00:02.586,1.6194,1.61965,0.80,1.60
2008.05.15 17:00:02.758,1.61935,1.6196,4.10,0.80
2008.05.15 17:00:02.919,1.61935,1.6196,3.20,0.80
2008.05.15 17:00:03.081,1.61925,1.61945,4.00,0.80
2008.05.15 17:00:03.241,1.61925,1.61945,0.80,1.60
2008.05.15 17:00:03.404,1.6192,1.6194,1.90,0.80
2008.05.15 17:00:03.665,1.61915,1.6194,0.80,0.80
2008.05.15 17:00:03.935,1.6191,1.61935,0.80,1.60
2008.05.15 17:00:04.197,1.61905,1.6193,2.70,0.80
2008.05.15 17:00:04.458,1.6191,1.61935,0.80,1.20
2008.05.15 17:00:04.674,1.6191,1.61935,0.80,0.80
2008.05.15 17:00:04.891,1.61905,1.6193,2.70,0.80
2008.05.15 17:00:05.108,1.6191,1.6193,1.90,0.80
2008.05.15 17:00:05.323,1.61905,1.6193,0.80,0.80
2008.05.15 17:00:05.539,1.6191,1.61935,0.80,6.00
2008.05.15 17:00:05.760,1.6191,1.6193,0.80,0.80
2008.05.15 17:00:06.201,1.61905,1.61925,1.90,0.80
2008.05.15 17:00:06.423,1.61895,1.61915,3.60,0.80
2008.05.15 17:00:06.578,1.61895,1.61915,2.80,0.80
2008.05.15 17:00:06.734,1.61895,1.6191,0.20,0.80
2008.05.15 17:00:06.890,1.6189,1.6191,0.90,0.80
2008.05.15 17:00:07.045,1.61885,1.61905,3.60,0.80
2008.05.15 17:00:07.202,1.61885,1.61905,1.70,0.80
2008.05.15 17:00:07.358,1.61885,1.61905,3.60,0.80
2008.05.15 17:00:07.570,1.61895,1.61915,0.80,6.80
2008.05.15 17:00:07.792,1.61885,1.61905,1.60,0.80
2008.05.15 17:00:08.004,1.61895,1.61915,2.40,4.10
2008.05.15 17:00:08.217,1.61905,1.61915,0.80,0.20
2008.05.15 17:00:08.428,1.61905,1.61925,0.80,4.90
2008.05.15 17:00:08.613,1.619,1.61925,0.90,0.80
2008.05.15 17:00:08.797,1.61905,1.61925,0.20,0.80
2008.05.15 17:00:08.987,1.61905,1.61925,0.90,0.80
2008.05.15 17:00:09.550,1.61905,1.6193,0.90,0.80
2008.05.15 17:00:09.810,1.61905,1.61925,0.90,0.80
2008.05.15 17:00:10.337,1.61905,1.61925,0.20,0.80
2008.05.15 17:00:10.454,1.61905,1.61925,0.90,0.80
2008.05.15 17:00:10.680,1.619,1.61925,2.80,0.80
2008.05.15 17:00:10.789,1.619,1.61925,0.80,0.80
2008.05.15 17:00:10.908,1.619,1.61925,2.70,0.80
2008.05.15 17:00:11.237,1.619,1.61925,0.80,0.80
2008.05.15 17:00:11.515,1.61905,1.61925,0.80,0.80
2008.05.15 17:00:12.428,1.61905,1.61925,0.80,2.40
2008.05.15 17:00:12.919,1.619,1.6192,0.80,0.80
2008.05.15 17:00:13.129,1.61895,1.6192,0.90,0.80
2008.05.15 17:00:13.296,1.61895,1.6192,0.80,0.80
2008.05.15 17:00:13.445,1.6189,1.61915,2.80,0.80
2008.05.15 17:00:13.668,1.61895,1.61915,0.80,0.80
2008.05.15 17:00:13.803,1.61895,1.61915,0.90,0.80
2008.05.15 17:00:14.214,1.61905,1.6192,0.80,0.60
2008.05.15 17:00:14.532,1.619,1.6192,2.20,0.80
2008.05.15 17:00:14.835,1.619,1.61925,0.80,0.80
2008.05.15 17:00:15.139,1.619,1.6192,0.80,0.80
2008.05.15 17:00:15.328,1.61905,1.61925,2.80,0.80
2008.05.15 17:00:15.494,1.61915,1.61935,0.80,4.80
2008.05.15 17:00:15.669,1.61915,1.6194,0.80,1.30
2008.05.15 17:00:15.846,1.61915,1.61935,3.50,0.80
2008.05.15 17:00:16.022,1.61925,1.61945,0.80,1.60
2008.05.15 17:00:16.199,1.61925,1.61945,0.80,0.80
2008.05.15 17:00:16.441,1.61935,1.61955,0.80,5.20
2008.05.15 17:00:16.683,1.61935,1.6196,0.80,0.80
2008.05.15 17:00:16.923,1.61935,1.6196,2.70,0.80
2008.05.15 17:00:17.286,1.61935,1.6196,1.70,0.80
2008.05.15 17:00:17.411,1.61935,1.6196,2.50,0.80
2008.05.15 17:00:17.536,1.6194,1.6196,0.80,0.80
2008.05.15 17:00:17.661,1.6194,1.6196,0.90,0.80
2008.05.15 17:00:17.787,1.6194,1.61965,0.90,1.20
2008.05.15 17:00:18.037,1.61945,1.61965,0.80,0.50
2008.05.15 17:00:18.934,1.6195,1.61965,0.80,0.50
2008.05.15 17:00:19.192,1.61945,1.61965,2.70,0.50
2008.05.15 17:00:19.318,1.61945,1.61965,0.80,0.50
2008.05.15 17:00:19.765,1.61945,1.6197,0.80,1.30
2008.05.15 17:00:21.040,1.6195,1.6197,0.80,0.50
2008.05.15 17:00:21.509,1.6195,1.6197,0.80,1.30
2008.05.15 17:00:22.674,1.6195,1.6197,0.80,0.50
2008.05.15 17:00:22.745,1.6195,1.61975,0.80,2.80
2008.05.15 17:00:23.953,1.6195,1.6197,0.80,1.30
2008.05.15 17:00:26.818,1.6195,1.6197,0.80,0.50
2008.05.15 17:00:26.879,1.6195,1.61975,0.80,5.20
2008.05.15 17:00:26.977,1.6195,1.61975,0.80,4.40
2008.05.15 17:00:27.028,1.6195,1.61975,0.80,1.20
2008.05.15 17:00:27.508,1.6195,1.61975,0.80,2.80
2008.05.15 17:00:27.611,1.6195,1.61975,0.80,4.40
2008.05.15 17:00:27.671,1.61945,1.6197,5.20,0.80
2008.05.15 17:00:27.698,1.61945,1.6197,4.40,0.80
2008.05.15 17:00:27.754,1.61945,1.6197,4.40,1.30
2008.05.15 17:00:28.641,1.61945,1.6197,5.20,1.30
2008.05.15 17:00:28.710,1.6195,1.6197,0.80,0.50
2008.05.15 17:00:28.765,1.6195,1.61975,0.80,11.00
2008.05.15 17:00:28.819,1.6195,1.61975,0.80,5.40
2008.05.15 17:00:28.876,1.6195,1.61975,0.80,5.20
2008.05.15 17:00:28.937,1.6195,1.61975,0.80,1.20
2008.05.15 17:00:29.327,1.6195,1.61975,0.90,1.20
2008.05.15 17:00:29.929,1.61955,1.61975,0.80,0.60
2008.05.15 17:00:30.009,1.61955,1.6198,2.70,1.80
2008.05.15 17:00:30.188,1.6196,1.6198,0.80,1.80
2008.05.15 17:00:30.268,1.6196,1.61975,0.80,0.60
2008.05.15 17:00:30.443,1.6196,1.61975,0.90,0.60
2008.05.15 17:00:30.525,1.6196,1.6198,0.20,0.80
2008.05.15 17:00:30.696,1.61965,1.6198,1.90,0.80
2008.05.15 17:00:30.930,1.61965,1.6198,1.90,1.30
2008.05.15 17:00:31.086,1.6196,1.6198,0.80,0.50
2008.05.15 17:00:31.396,1.61955,1.6198,2.70,1.30
2008.05.15 17:00:31.596,1.61955,1.6198,3.50,1.30
2008.05.15 17:00:31.751,1.6196,1.6198,0.20,0.80
2008.05.15 17:00:32.708,1.6196,1.6198,0.90,0.80
2008.05.15 17:00:32.859,1.6196,1.6198,0.80,1.30
2008.05.15 17:00:33.020,1.6196,1.61985,0.90,11.60
2008.05.15 17:00:33.180,1.61965,1.61985,0.80,6.00
2008.05.15 17:00:33.341,1.61965,1.6199,3.50,0.80
2008.05.15 17:00:33.512,1.61975,1.61995,0.80,5.00
2008.05.15 17:00:33.672,1.61975,1.61995,2.70,2.00
2008.05.15 17:00:33.832,1.61975,1.61995,1.90,1.60
2008.05.15 17:00:34.085,1.61975,1.61995,2.70,1.60
2008.05.15 17:00:34.336,1.6198,1.61995,0.20,0.80
2008.05.15 17:00:34.588,1.61975,1.61995,3.60,0.80
2008.05.15 17:00:35.035,1.61975,1.62,4.40,1.30
2008.05.15 17:00:35.247,1.61985,1.62,0.80,1.30
2008.05.15 17:00:35.448,1.61985,1.62005,2.70,10.00
2008.05.15 17:00:35.648,1.61985,1.62005,2.70,0.80
2008.05.15 17:00:36.316,1.61995,1.62005,0.80,0.80
2008.05.15 17:00:36.552,1.61995,1.6201,0.80,0.80
2008.05.15 17:00:37.183,1.6199,1.6201,0.20,0.80
2008.05.15 17:00:37.677,1.61985,1.62,5.90,1.30
2008.05.15 17:00:37.842,1.61985,1.62,2.70,1.30
2008.05.15 17:00:38.242,1.61985,1.62005,0.80,6.80
2008.05.15 17:00:38.476,1.6199,1.62,0.20,0.80
2008.05.15 17:00:38.711,1.6199,1.62005,0.20,0.60
2008.05.15 17:00:38.946,1.6199,1.6201,0.20,1.30
2008.05.15 17:00:39.101,1.6199,1.62005,0.20,1.60
2008.05.15 17:00:39.534,1.6199,1.62,0.20,0.80
2008.05.15 17:00:39.680,1.61985,1.61995,1.90,0.80
2008.05.15 17:00:39.826,1.61985,1.62,1.90,1.30
2008.05.15 17:00:39.971,1.61975,1.61995,1.90,0.80
2008.05.15 17:00:40.227,1.61975,1.61995,2.00,0.80
2008.05.15 17:00:40.482,1.61975,1.62,2.80,1.80
2008.05.15 17:00:40.739,1.61975,1.62,2.70,1.30
2008.05.15 17:00:40.994,1.61975,1.61995,2.70,0.80
2008.05.15 17:00:41.148,1.61975,1.61995,1.90,0.80
2008.05.15 17:00:41.313,1.61975,1.6199,1.90,0.50
2008.05.15 17:00:41.468,1.61975,1.61985,1.90,0.80
2008.05.15 17:00:41.777,1.61965,1.61985,3.50,0.80
2008.05.15 17:00:44.579,1.61965,1.61985,2.70,0.80
2008.05.15 17:00:44.899,1.61965,1.61985,1.90,0.80
2008.05.15 17:00:45.320,1.61965,1.6199,2.70,1.30
2008.05.15 17:00:45.423,1.6197,1.6199,0.20,0.80
2008.05.15 17:00:45.805,1.61975,1.6199,1.90,0.80
2008.05.15 17:00:45.886,1.61975,1.6199,2.70,0.80
2008.05.15 17:00:45.965,1.61975,1.61995,3.50,0.60
2008.05.15 17:00:46.047,1.61975,1.62,3.60,1.80
2008.05.15 17:00:46.218,1.6198,1.62,0.20,1.30
2008.05.15 17:00:46.285,1.6198,1.62,0.40,0.80
2008.05.15 17:00:46.596,1.61985,1.62005,0.20,1.20
2008.05.15 17:00:46.822,1.6199,1.62,0.20,0.80
2008.05.15 17:00:47.048,1.6198,1.61995,0.20,0.80
2008.05.15 17:00:47.286,1.61975,1.6199,2.00,0.80
2008.05.15 17:00:47.512,1.61975,1.6199,1.90,0.80
2008.05.15 17:00:48.186,1.61965,1.61985,2.70,0.80
2008.05.15 17:00:48.634,1.61975,1.61985,1.90,0.80
2008.05.15 17:00:49.439,1.61975,1.6199,1.90,0.80
2008.05.15 17:00:49.607,1.61975,1.6199,1.90,1.20
2008.05.15 17:00:49.804,1.61965,1.6198,2.00,0.80
2008.05.15 17:00:50.192,1.61965,1.6198,0.20,0.80
2008.05.15 17:00:50.387,1.6196,1.6198,0.90,0.80
2008.05.15 17:00:50.581,1.6196,1.6198,0.20,0.80
2008.05.15 17:00:50.781,1.6196,1.61975,0.20,0.80
2008.05.15 17:00:50.953,1.61955,1.61975,1.90,0.80
2008.05.15 17:00:53.155,1.61955,1.6197,1.90,0.80
2008.05.15 17:00:53.486,1.61955,1.61975,1.90,0.80
2008.05.15 17:00:53.825,1.6195,1.61975,0.80,1.20
2008.05.15 17:00:53.957,1.6195,1.61975,0.80,2.80
2008.05.15 17:00:53.995,1.6195,1.6197,0.80,0.80
2008.05.15 17:00:54.207,1.61945,1.6197,2.70,0.80
2008.05.15 17:00:54.426,1.61945,1.61965,1.90,0.80
2008.05.15 17:00:54.657,1.61945,1.61965,2.00,0.80
2008.05.15 17:00:57.145,1.6195,1.6197,0.80,0.50
2008.05.15 17:00:57.176,1.6195,1.61975,0.90,10.60
2008.05.15 17:00:57.237,1.6195,1.61975,0.90,5.00
2008.05.15 17:00:57.269,1.6195,1.61975,0.90,1.80
2008.05.15 17:00:57.334,1.6195,1.61975,0.90,1.20
2008.05.15 17:00:57.406,1.61955,1.61975,0.80,1.20
2008.05.15 17:00:57.473,1.6196,1.61975,0.20,1.20
2008.05.15 17:00:57.688,1.61965,1.61975,0.80,0.60
2008.05.15 17:00:57.944,1.61965,1.61985,2.70,0.80
2008.05.15 17:00:58.214,1.61975,1.61985,1.90,0.80
2008.05.15 17:00:59.011,1.61975,1.6199,1.90,1.30
2008.05.15 17:00:59.512,1.61975,1.61995,2.70,6.80
2008.05.15 17:00:59.662,1.61975,1.6199,2.00,0.80
2008.05.15 17:00:59.806,1.61975,1.6199,1.90,0.80
2008.05.15 17:01:09.241,1.61975,1.61985,1.90,0.80
2008.05.15 17:01:09.497,1.61965,1.61975,2.40,0.80
2008.05.15 17:01:09.747,1.6196,1.61975,0.20,1.60
2008.05.15 17:01:09.874,1.61955,1.61975,1.90,3.20
2008.05.15 17:01:10.099,1.61955,1.6197,1.90,1.30
2008.05.15 17:01:10.337,1.61945,1.61965,2.70,1.60
2008.05.15 17:01:10.552,1.61945,1.6196,1.90,0.80
2008.05.15 17:01:10.778,1.6194,1.61955,0.20,3.20
2008.05.15 17:01:10.985,1.61935,1.61945,1.90,0.80
2008.05.15 17:01:11.191,1.61935,1.6195,1.90,1.30
2008.05.15 17:01:11.397,1.61925,1.6195,2.80,1.30
2008.05.15 17:01:11.858,1.61925,1.61945,2.00,0.80
2008.05.15 17:01:12.087,1.61925,1.61945,1.90,0.80
2008.05.15 17:01:12.669,1.61925,1.61945,2.70,0.80
2008.05.15 17:01:12.785,1.6193,1.61945,0.20,0.80
2008.05.15 17:01:13.189,1.61935,1.61945,1.90,0.80
2008.05.15 17:01:13.286,1.61935,1.6194,1.90,0.80
2008.05.15 17:01:13.476,1.6192,1.6194,0.20,0.80
2008.05.15 17:01:13.666,1.61925,1.6193,1.90,0.80
2008.05.15 17:01:13.950,1.61915,1.6193,1.90,0.80
2008.05.15 17:01:14.220,1.61915,1.61925,1.90,0.80
2008.05.15 17:01:14.759,1.61905,1.61925,1.90,0.80
2008.05.15 17:01:15.029,1.61905,1.61925,1.90,2.40
2008.05.15 17:01:15.478,1.61905,1.6192,1.90,1.30
2008.05.15 17:01:15.776,1.619,1.6192,0.80,1.30
2008.05.15 17:01:16.076,1.61905,1.6192,1.90,1.30
2008.05.15 17:01:16.490,1.61905,1.61915,1.90,0.80
2008.05.15 17:01:16.668,1.61895,1.61915,2.80,0.80
2008.05.15 17:01:17.708,1.61895,1.6192,2.80,1.30
2008.05.15 17:01:18.321,1.619,1.6192,0.80,1.30
2008.05.15 17:01:18.368,1.619,1.6192,0.90,0.80
2008.05.15 17:01:18.421,1.619,1.61925,0.90,7.60
2008.05.15 17:01:18.514,1.61905,1.61925,1.90,7.60
2008.05.15 17:01:18.622,1.61905,1.6192,1.90,0.80
2008.05.15 17:01:18.945,1.61905,1.61925,1.90,7.60
2008.05.15 17:01:19.023,1.619,1.61925,0.90,7.60
2008.05.15 17:01:19.276,1.61905,1.61925,1.90,7.60
2008.05.15 17:01:21.285,1.61905,1.6192,1.90,0.80
2008.05.15 17:01:22.468,1.61905,1.61925,1.90,7.60
2008.05.15 17:01:22.520,1.61905,1.61925,1.90,6.00
2008.05.15 17:01:22.617,1.61905,1.61925,1.90,5.20
2008.05.15 17:01:22.903,1.61905,1.61925,2.70,5.20
2008.05.15 17:01:23.080,1.61905,1.61925,2.70,1.20
2008.05.15 17:01:23.110,1.61905,1.61925,2.70,0.80
2008.05.15 17:01:23.288,1.61915,1.61925,1.90,0.80
2008.05.15 17:01:23.595,1.61915,1.61935,1.90,15.60
2008.05.15 17:01:23.801,1.61915,1.61935,5.10,5.20
2008.05.15 17:01:24.008,1.6192,1.61935,0.90,4.40
2008.05.15 17:01:24.215,1.6192,1.61935,2.80,0.60
2008.05.15 17:01:24.424,1.61925,1.61945,1.90,4.80
2008.05.15 17:01:24.630,1.61925,1.61945,1.90,1.60
2008.05.15 17:01:25.051,1.61925,1.6194,1.90,0.80
2008.05.15 17:01:26.705,1.61925,1.61945,1.90,1.20
2008.05.15 17:01:26.831,1.61925,1.6194,1.90,0.80
2008.05.15 17:01:27.867,1.61925,1.61945,1.90,0.80
2008.05.15 17:01:28.836,1.61925,1.61945,1.90,1.60
2008.05.15 17:01:28.957,1.61925,1.6194,1.90,0.80
2008.05.15 17:01:29.202,1.6192,1.6194,0.80,0.80
2008.05.15 17:01:29.455,1.61925,1.6195,2.70,1.90
2008.05.15 17:01:29.976,1.61935,1.6195,1.90,1.30
2008.05.15 17:01:34.317,1.61935,1.61945,1.90,0.60
2008.05.15 17:01:34.407,1.61935,1.61945,1.90,1.20
2008.05.15 17:01:34.498,1.61935,1.6194,1.90,0.80
2008.05.15 17:01:34.678,1.61935,1.61945,1.90,2.00
2008.05.15 17:01:34.770,1.6192,1.61945,2.70,2.00
2008.05.15 17:01:34.859,1.61925,1.61945,0.80,1.20
2008.05.15 17:01:35.038,1.61925,1.6195,2.70,1.30
2008.05.15 17:01:35.405,1.61935,1.6195,1.90,1.30
2008.05.15 17:01:36.205,1.61935,1.6195,1.90,0.80
2008.05.15 17:01:36.519,1.61935,1.6195,1.90,1.30
2008.05.15 17:01:42.976,1.61935,1.61945,1.90,0.80
2008.05.15 17:01:54.424,1.61935,1.6195,1.90,1.30
2008.05.15 17:01:58.996,1.61935,1.61945,1.90,0.80
2008.05.15 17:01:59.665,1.61925,1.61945,1.90,0.80
2008.05.15 17:02:00.187,1.61925,1.61945,5.10,0.80
2008.05.15 17:02:00.274,1.6193,1.61945,0.20,0.80
2008.05.15 17:02:00.358,1.6193,1.6195,0.20,0.80
2008.05.15 17:02:00.528,1.6193,1.61955,0.90,11.60
2008.05.15 17:02:00.624,1.61935,1.61955,1.90,11.60
2008.05.15 17:02:00.713,1.61935,1.6195,1.90,1.30
2008.05.15 17:02:01.049,1.61935,1.61945,1.90,0.80
2008.05.15 17:02:02.403,1.61935,1.6195,1.90,1.30
2008.05.15 17:02:03.122,1.61935,1.61945,1.90,0.80
2008.05.15 17:02:03.469,1.61935,1.6195,1.90,1.30
2008.05.15 17:02:03.528,1.6193,1.6195,0.90,0.80
2008.05.15 17:02:04.014,1.61935,1.6196,2.70,0.80
2008.05.15 17:02:05.713,1.6194,1.6196,0.80,0.80
2008.05.15 17:02:05.788,1.61945,1.6196,1.90,0.80
2008.05.15 17:02:06.951,1.61945,1.61965,2.70,1.60
2008.05.15 17:02:07.436,1.61945,1.6196,1.90,0.80
2008.05.15 17:02:10.606,1.61945,1.61965,1.90,1.60
2008.05.15 17:02:10.757,1.61945,1.61965,1.90,0.80
2008.05.15 17:02:12.373,1.61945,1.61965,2.70,0.80
2008.05.15 17:02:12.642,1.61955,1.61965,1.90,0.80
2008.05.15 17:02:16.106,1.61945,1.61965,2.70,0.80
2008.05.15 17:02:16.945,1.61945,1.6197,2.70,1.30
2008.05.15 17:02:17.150,1.61945,1.6197,2.80,1.30
2008.05.15 17:02:17.208,1.61945,1.6197,3.60,1.30
2008.05.15 17:02:17.389,1.61945,1.6197,2.80,1.30
2008.05.15 17:02:17.869,1.61945,1.61965,2.80,0.80
2008.05.15 17:02:18.098,1.61945,1.61965,2.70,0.80
2008.05.15 17:02:18.173,1.61945,1.61965,2.70,1.60
2008.05.15 17:02:18.485,1.61945,1.61965,1.90,1.60
2008.05.15 17:02:18.926,1.61945,1.6196,1.90,0.80
2008.05.15 17:02:19.652,1.61945,1.61955,1.90,0.80
2008.05.15 17:02:19.799,1.61945,1.61955,1.90,1.60
2008.05.15 17:02:19.943,1.61945,1.6195,1.90,0.80
2008.05.15 17:02:20.089,1.61935,1.6195,1.90,0.80
2008.05.15 17:02:20.206,1.6193,1.61945,0.20,0.80
2008.05.15 17:02:20.323,1.61925,1.61945,6.00,0.80
2008.05.15 17:02:20.437,1.61925,1.61945,6.00,1.60
2008.05.15 17:02:20.563,1.61925,1.61945,1.90,1.60
2008.05.15 17:02:23.503,1.61925,1.61945,2.70,0.80
2008.05.15 17:02:23.607,1.6193,1.6195,0.80,1.10
2008.05.15 17:02:23.682,1.6193,1.6195,0.90,0.50
2008.05.15 17:02:23.758,1.6194,1.6195,0.80,0.50
2008.05.15 17:02:23.907,1.6194,1.61955,0.80,2.10
2008.05.15 17:02:23.992,1.6194,1.6195,0.80,0.80
2008.05.15 17:02:24.057,1.6193,1.6195,0.20,0.80
2008.05.15 17:02:24.131,1.6193,1.61955,0.90,2.60
2008.05.15 17:02:24.281,1.61935,1.61955,1.60,2.00
2008.05.15 17:02:24.440,1.61935,1.6195,1.60,0.80
2008.05.15 17:02:24.896,1.6193,1.6195,0.20,0.80
2008.05.15 17:02:28.364,1.6193,1.6195,0.90,0.80
2008.05.15 17:02:28.731,1.6193,1.6195,0.20,0.80
2008.05.15 17:02:28.988,1.6193,1.61945,0.20,0.80
2008.05.15 17:02:32.391,1.6193,1.6195,0.20,0.80
2008.05.15 17:02:33.815,1.61935,1.6195,0.80,0.80
2008.05.15 17:02:33.916,1.61935,1.61955,2.40,1.20
2008.05.15 17:02:34.216,1.6194,1.6196,0.20,1.20
2008.05.15 17:02:34.415,1.6194,1.6196,0.20,0.80
2008.05.15 17:02:35.128,1.6194,1.61965,0.90,1.80
2008.05.15 17:02:35.250,1.61945,1.61965,2.20,1.80
2008.05.15 17:02:35.387,1.61945,1.61965,2.20,1.20
2008.05.15 17:02:35.515,1.6195,1.61965,0.80,0.60
2008.05.15 17:02:35.771,1.61955,1.61975,0.80,4.20
2008.05.15 17:02:35.942,1.61955,1.61975,0.80,0.60
2008.05.15 17:02:36.122,1.6195,1.61975,2.80,1.20
2008.05.15 17:02:36.282,1.61955,1.61975,1.90,0.80
2008.05.15 17:02:36.453,1.61955,1.61975,2.60,0.80
2008.05.15 17:02:36.628,1.61955,1.6198,3.40,1.30
2008.05.15 17:02:36.797,1.61955,1.6198,2.70,1.30
2008.05.15 17:02:37.196,1.61955,1.61975,1.90,0.80
2008.05.15 17:02:37.705,1.61955,1.61975,4.10,0.80
2008.05.15 17:02:37.905,1.61955,1.6198,4.90,1.30
2008.05.15 17:02:37.971,1.6196,1.6198,0.20,0.80
2008.05.15 17:02:38.042,1.6196,1.61985,0.90,1.80
2008.05.15 17:02:38.137,1.6196,1.61985,0.90,1.20
2008.05.15 17:02:39.947,1.6196,1.6198,0.20,0.80
2008.05.15 17:02:40.030,1.6196,1.61985,0.90,1.20
2008.05.15 17:02:41.538,1.6196,1.61985,3.00,1.20
2008.05.15 17:02:41.824,1.61965,1.61985,3.30,0.80
2008.05.15 17:02:41.919,1.61965,1.6199,4.10,1.30
2008.05.15 17:02:42.061,1.6197,1.6199,0.20,0.80
2008.05.15 17:02:46.254,1.61955,1.61975,5.90,0.80
2008.05.15 17:02:46.422,1.61955,1.61965,5.90,0.80
2008.05.15 17:02:46.505,1.61955,1.61965,1.90,0.80
2008.05.15 17:02:46.623,1.6195,1.61965,0.40,0.80
2008.05.15 17:02:46.646,1.6195,1.6196,0.40,0.80
2008.05.15 17:02:46.675,1.6195,1.6196,0.20,0.80
2008.05.15 17:02:46.748,1.6195,1.61965,0.20,0.80
2008.05.15 17:02:46.880,1.61945,1.61965,11.60,0.80
2008.05.15 17:02:46.905,1.61945,1.61965,11.50,0.80
2008.05.15 17:02:46.918,1.61945,1.61965,8.30,0.80
2008.05.15 17:02:46.962,1.6195,1.61975,0.80,4.20
2008.05.15 17:02:47.048,1.6195,1.61975,0.80,2.60
2008.05.15 17:02:47.365,1.61945,1.61965,6.70,0.80
2008.05.15 17:02:47.650,1.61945,1.61965,3.50,0.80
2008.05.15 17:02:48.935,1.61945,1.6196,2.70,0.80
2008.05.15 17:02:49.166,1.61945,1.6196,0.80,0.80
2008.05.15 17:02:49.528,1.6194,1.6196,1.10,0.80
2008.05.15 17:02:49.648,1.6194,1.6196,0.90,0.80
2008.05.15 17:02:49.777,1.6194,1.6196,0.20,0.80
2008.05.15 17:02:49.887,1.6194,1.6196,0.20,1.20
2008.05.15 17:02:50.008,1.6194,1.61955,0.20,0.80
2008.05.15 17:02:50.551,1.61945,1.61955,0.80,0.80
2008.05.15 17:02:50.737,1.61945,1.61965,1.60,9.20
2008.05.15 17:02:50.922,1.61945,1.61965,3.50,0.80
2008.05.15 17:02:51.474,1.61945,1.61965,4.20,0.80
2008.05.15 17:02:51.638,1.61945,1.61965,4.90,0.80
2008.05.15 17:02:51.804,1.61945,1.61965,5.10,0.80
2008.05.15 17:02:52.670,1.61945,1.6197,5.10,1.30
2008.05.15 17:02:52.710,1.61945,1.6197,9.10,1.30
2008.05.15 17:02:52.759,1.61955,1.6197,0.80,1.30
2008.05.15 17:02:52.859,1.61955,1.6197,0.80,0.50
2008.05.15 17:02:52.985,1.6196,1.61975,0.20,7.60
2008.05.15 17:02:53.026,1.6196,1.61975,0.20,5.20
2008.05.15 17:02:53.243,1.6196,1.61975,0.20,0.80
2008.05.15 17:02:56.748,1.6196,1.6198,0.90,0.60
2008.05.15 17:02:56.828,1.6196,1.61985,0.90,7.60
2008.05.15 17:02:56.909,1.6196,1.6198,0.20,0.80
2008.05.15 17:02:56.988,1.61965,1.6198,0.80,0.80
2008.05.15 17:02:57.069,1.61965,1.6198,2.70,0.80
2008.05.15 17:02:57.149,1.61965,1.61985,2.70,3.20
2008.05.15 17:02:57.229,1.6197,1.61985,0.20,3.20
2008.05.15 17:02:57.710,1.6197,1.61985,0.90,2.40
2008.05.15 17:02:57.906,1.6197,1.6199,0.90,0.80
2008.05.15 17:02:58.110,1.6197,1.61995,0.90,6.60
2008.05.15 17:02:58.305,1.6197,1.6199,0.20,0.80
2008.05.15 17:02:58.500,1.6197,1.61985,0.20,0.80
2008.05.15 17:02:59.420,1.6197,1.61985,0.40,0.80
2008.05.15 17:02:59.624,1.61975,1.6199,1.90,0.80
2008.05.15 17:03:00.586,1.6197,1.6199,1.10,0.80
2008.05.15 17:03:01.002,1.6197,1.6199,0.90,0.80
2008.05.15 17:03:01.082,1.6197,1.6199,0.80,1.30
2008.05.15 17:03:01.163,1.61965,1.6199,8.40,1.80
2008.05.15 17:03:01.247,1.61965,1.6198,6.00,0.80
2008.05.15 17:03:01.326,1.61965,1.6198,1.90,1.30
2008.05.15 17:03:01.485,1.61965,1.61975,1.90,0.80
2008.05.15 17:03:01.564,1.61965,1.6198,1.90,1.30
2008.05.15 17:03:01.644,1.6196,1.6198,0.20,1.30
2008.05.15 17:03:01.724,1.61955,1.6198,14.70,1.30
2008.05.15 17:03:02.019,1.6196,1.6198,0.20,0.80
2008.05.15 17:03:05.146,1.61965,1.6198,0.80,0.80
2008.05.15 17:03:05.464,1.6196,1.6198,0.90,0.80
2008.05.15 17:03:05.671,1.61965,1.6198,1.90,0.80
2008.05.15 17:03:05.870,1.61965,1.6198,0.80,0.80
2008.05.15 17:03:06.149,1.61965,1.61975,0.80,0.80
2008.05.15 17:03:06.203,1.6196,1.61975,0.20,0.80
2008.05.15 17:03:06.222,1.61955,1.61975,13.90,0.80
2008.05.15 17:03:06.447,1.61955,1.6198,14.70,1.30
2008.05.15 17:03:06.500,1.61955,1.6198,14.00,1.30
2008.05.15 17:03:06.683,1.61955,1.6198,13.80,1.30
2008.05.15 17:03:06.879,1.61955,1.61975,12.70,0.60
2008.05.15 17:03:07.073,1.61955,1.61975,11.20,1.20
2008.05.15 17:03:13.228,1.61955,1.61975,12.60,1.20
2008.05.15 17:03:13.324,1.61955,1.61975,13.70,0.80
2008.05.15 17:03:13.404,1.61955,1.6198,14.50,1.30
2008.05.15 17:03:13.514,1.61965,1.6198,1.90,1.30
2008.05.15 17:03:13.824,1.6196,1.6198,0.80,1.30
2008.05.15 17:03:14.344,1.6196,1.6198,1.60,0.50
2008.05.15 17:03:14.549,1.6196,1.61985,1.70,1.20
2008.05.15 17:03:14.594,1.61965,1.61985,0.80,1.20
2008.05.15 17:03:14.682,1.61965,1.61985,1.60,1.20
2008.05.15 17:03:14.762,1.6197,1.61985,0.20,1.20
2008.05.15 17:03:15.062,1.6197,1.61985,0.20,0.80
2008.05.15 17:03:15.984,1.61965,1.6198,1.90,0.80
2008.05.15 17:03:16.493,1.6196,1.6198,1.70,0.80
2008.05.15 17:03:17.226,1.61965,1.6198,3.20,0.80
2008.05.15 17:03:17.329,1.6197,1.6198,0.20,0.80
2008.05.15 17:03:17.547,1.6197,1.61985,0.20,0.80
2008.05.15 17:03:19.880,1.6197,1.6198,0.20,0.80
2008.05.15 17:03:20.175,1.6196,1.6198,1.70,0.80
2008.05.15 17:03:23.365,1.6196,1.61985,1.70,6.00
2008.05.15 17:03:23.478,1.6197,1.61985,0.20,5.20
2008.05.15 17:03:23.587,1.6197,1.61985,0.20,1.20
2008.05.15 17:03:24.422,1.6197,1.61985,0.20,0.60
2008.05.15 17:03:24.837,1.6197,1.6199,0.20,1.30
2008.05.15 17:03:25.150,1.6197,1.61985,0.20,0.80
2008.05.15 17:03:25.291,1.61965,1.61985,1.90,0.80
2008.05.15 17:03:25.509,1.61965,1.61985,0.80,1.20
2008.05.15 17:03:25.924,1.61965,1.6198,0.80,0.80
2008.05.15 17:03:26.395,1.6196,1.6198,0.20,0.80
2008.05.15 17:03:27.201,1.6196,1.6198,0.90,0.80
2008.05.15 17:03:27.335,1.6196,1.6198,1.70,0.80
2008.05.15 17:03:34.363,1.6196,1.61975,0.90,0.80
2008.05.15 17:03:34.635,1.6196,1.61975,0.20,0.80
2008.05.15 17:03:34.980,1.6196,1.6198,0.20,0.80
2008.05.15 17:03:38.653,1.6196,1.61975,0.20,0.80
2008.05.15 17:03:38.849,1.6196,1.6197,0.20,0.80
2008.05.15 17:03:38.979,1.61955,1.6197,1.90,0.80
2008.05.15 17:03:39.029,1.61955,1.61975,1.90,0.80
2008.05.15 17:03:40.458,1.6195,1.61975,0.80,1.20
2008.05.15 17:03:43.068,1.6195,1.61975,0.90,1.20
2008.05.15 17:03:43.618,1.61955,1.61975,0.80,1.20
2008.05.15 17:03:43.824,1.61955,1.61975,2.70,0.80
2008.05.15 17:03:46.484,1.61955,1.61975,3.50,0.80
2008.05.15 17:03:46.603,1.61955,1.6198,3.50,1.30
2008.05.15 17:03:46.698,1.6196,1.6198,0.20,0.80
2008.05.15 17:03:47.852,1.6196,1.6198,0.90,0.80
2008.05.15 17:03:47.971,1.6196,1.6198,0.20,0.80
2008.05.15 17:03:48.481,1.6196,1.6198,0.90,0.80
2008.05.15 17:03:48.937,1.6196,1.61985,0.90,1.20
2008.05.15 17:03:51.168,1.6196,1.61985,0.90,1.80
2008.05.15 17:03:52.384,1.61965,1.61985,0.80,1.80
2008.05.15 17:03:52.432,1.61965,1.61975,0.80,0.80
2008.05.15 17:03:52.531,1.61955,1.61975,6.70,0.80
2008.05.15 17:03:52.609,1.61955,1.61975,7.60,0.80
2008.05.15 17:03:52.665,1.61955,1.6197,7.60,0.80
2008.05.15 17:03:52.710,1.61965,1.6197,1.90,0.80
2008.05.15 17:03:52.893,1.61965,1.6197,1.90,1.30
2008.05.15 17:03:52.938,1.61945,1.6197,7.50,1.30
2008.05.15 17:03:52.982,1.6195,1.6197,0.80,0.50
2008.05.15 17:03:53.176,1.61955,1.6197,0.80,0.50
2008.05.15 17:03:53.450,1.61955,1.6197,1.90,0.50
2008.05.15 17:03:53.661,1.61955,1.6197,1.90,1.30
2008.05.15 17:03:53.881,1.6195,1.6197,0.20,1.30
2008.05.15 17:03:54.100,1.6195,1.6197,0.90,0.50
2008.05.15 17:03:54.650,1.61955,1.6197,0.80,0.50
2008.05.15 17:03:54.805,1.61955,1.61975,1.50,1.20
2008.05.15 17:03:54.962,1.6196,1.61975,0.20,1.20
2008.05.15 17:03:55.270,1.6196,1.61975,0.20,0.80
2008.05.15 17:03:55.426,1.6196,1.6198,0.90,1.20
2008.05.15 17:03:55.581,1.6196,1.61985,0.90,1.30
2008.05.15 17:03:55.676,1.6196,1.61985,0.90,1.20
2008.05.15 17:03:56.157,1.6196,1.61975,0.20,0.80
2008.05.15 17:03:56.937,1.6196,1.6198,0.20,0.80
2008.05.15 17:03:59.383,1.61955,1.6198,11.30,1.30
2008.05.15 17:03:59.482,1.61955,1.6198,7.30,1.30
2008.05.15 17:03:59.781,1.61955,1.61975,10.20,1.20
2008.05.15 17:03:59.897,1.61955,1.61975,8.80,1.20
2008.05.15 17:04:00.024,1.61955,1.61975,9.60,0.60
2008.05.15 17:04:00.138,1.61955,1.61975,9.90,0.60
2008.05.15 17:04:00.636,1.61955,1.61975,9.60,0.60
2008.05.15 17:04:00.752,1.61955,1.61975,2.40,1.20
2008.05.15 17:04:00.867,1.61955,1.61975,1.90,0.80
2008.05.15 17:04:01.115,1.61955,1.61975,0.80,1.20
2008.05.15 17:04:01.501,1.61955,1.61975,1.60,0.60
2008.05.15 17:04:01.873,1.61955,1.6198,6.70,1.80
2008.05.15 17:04:01.952,1.61955,1.61975,5.90,0.80
2008.05.15 17:04:02.128,1.61955,1.61975,4.00,1.20
2008.05.15 17:04:02.430,1.61955,1.61975,4.80,0.60
2008.05.15 17:04:02.968,1.61955,1.61975,2.40,0.60
2008.05.15 17:04:03.067,1.61955,1.61975,6.40,0.60
2008.05.15 17:04:03.106,1.61955,1.61975,8.30,0.60
2008.05.15 17:04:03.184,1.61955,1.61975,10.70,0.60
2008.05.15 17:04:03.987,1.61955,1.61975,9.90,0.60
2008.05.15 17:04:04.197,1.61955,1.61975,10.70,0.60
2008.05.15 17:04:04.301,1.61955,1.61975,6.70,0.60
2008.05.15 17:04:04.407,1.61955,1.61975,6.40,0.60
2008.05.15 17:04:04.615,1.61955,1.61975,5.60,0.60
2008.05.15 17:04:04.720,1.61955,1.6198,5.90,1.80
2008.05.15 17:04:05.139,1.61955,1.6198,3.50,1.80
2008.05.15 17:04:05.213,1.61955,1.61975,1.60,0.60
2008.05.15 17:04:05.289,1.61955,1.61975,0.80,0.60
2008.05.15 17:04:05.437,1.6195,1.61975,1.60,1.20
2008.05.15 17:04:05.667,1.61955,1.61975,2.20,1.20
2008.05.15 17:04:05.963,1.61965,1.61975,0.80,0.60
2008.05.15 17:04:06.038,1.61965,1.61975,1.50,0.60
2008.05.15 17:04:06.317,1.6197,1.61975,0.20,0.60
2008.05.15 17:04:06.447,1.6197,1.61985,0.20,0.80
2008.05.15 17:04:06.729,1.6197,1.6199,0.20,0.80
2008.05.15 17:04:07.383,1.6197,1.6199,0.90,0.80
2008.05.15 17:04:07.881,1.61975,1.6199,1.90,0.80
2008.05.15 17:04:08.006,1.61975,1.61995,2.60,0.80
2008.05.15 17:04:08.557,1.61975,1.61995,1.90,0.80
2008.05.15 17:04:09.306,1.6197,1.61995,3.00,1.20
2008.05.15 17:04:09.843,1.6197,1.61995,2.80,1.20
2008.05.15 17:04:10.029,1.6197,1.6199,2.80,0.80
2008.05.15 17:04:10.398,1.6197,1.6199,0.90,0.80
2008.05.15 17:04:10.896,1.6197,1.61995,0.90,1.20
2008.05.15 17:04:11.045,1.6197,1.6199,0.20,0.80
2008.05.15 17:04:11.498,1.61965,1.6199,9.80,0.80
2008.05.15 17:04:11.807,1.61965,1.6199,6.60,0.80
2008.05.15 17:04:11.962,1.6197,1.6199,0.80,0.80
2008.05.15 17:04:12.425,1.61965,1.6199,3.50,0.80
2008.05.15 17:04:12.570,1.61965,1.6199,6.70,1.90
2008.05.15 17:04:16.924,1.61965,1.61985,5.90,0.80
2008.05.15 17:04:16.987,1.61965,1.61985,1.90,0.80
2008.05.15 17:04:17.033,1.61965,1.61985,1.90,1.30
2008.05.15 17:04:17.269,1.6196,1.61985,0.90,1.80
2008.05.15 17:04:19.109,1.6196,1.61975,0.20,0.80
2008.05.15 17:04:19.217,1.61955,1.61975,14.50,0.80
2008.05.15 17:04:19.266,1.61955,1.61975,11.30,0.80
2008.05.15 17:04:19.299,1.61955,1.61975,9.40,1.20
2008.05.15 17:04:20.141,1.61955,1.61975,9.40,0.60
2008.05.15 17:04:20.211,1.6196,1.61975,0.20,0.60
2008.05.15 17:04:20.350,1.6196,1.6198,0.20,0.80
2008.05.15 17:04:21.294,1.61955,1.6198,11.30,1.30
2008.05.15 17:04:21.347,1.61955,1.61975,9.40,0.60
2008.05.15 17:04:21.518,1.61955,1.61975,9.40,1.20
2008.05.15 17:04:22.099,1.61955,1.61975,9.40,0.60
2008.05.15 17:04:22.290,1.6196,1.61975,0.20,0.60
2008.05.15 17:04:22.375,1.6196,1.6198,0.20,0.80
2008.05.15 17:04:23.149,1.6196,1.61985,0.90,5.80
2008.05.15 17:04:23.446,1.61965,1.61985,1.90,5.30
2008.05.15 17:04:23.885,1.61965,1.61975,1.90,0.80
2008.05.15 17:04:24.170,1.6195,1.61975,1.10,1.20
2008.05.15 17:04:24.265,1.6195,1.6197,0.20,0.80
2008.05.15 17:04:24.639,1.61945,1.6197,7.50,1.30
2008.05.15 17:04:25.014,1.61945,1.6197,7.50,1.80
2008.05.15 17:04:26.159,1.61945,1.6197,9.10,1.80
2008.05.15 17:04:26.361,1.61955,1.6197,0.70,0.60
2008.05.15 17:04:26.562,1.61955,1.61975,2.20,0.60
2008.05.15 17:04:26.935,1.61955,1.61975,5.40,0.60
2008.05.15 17:04:27.051,1.6196,1.6198,0.20,0.80
2008.05.15 17:04:27.508,1.6196,1.61985,0.90,5.20
2008.05.15 17:04:27.834,1.61965,1.61985,0.80,0.60
2008.05.15 17:04:27.994,1.61965,1.6199,2.70,1.90
2008.05.15 17:04:29.364,1.61965,1.61985,2.70,0.80
2008.05.15 17:04:31.295,1.61965,1.61985,3.40,0.80
2008.05.15 17:04:31.384,1.61965,1.6199,3.40,1.90
2008.05.15 17:04:31.428,1.61965,1.6199,4.10,1.90
2008.05.15 17:04:31.474,1.6197,1.6199,0.80,0.50
2008.05.15 17:04:31.684,1.61975,1.61995,0.80,7.40
2008.05.15 17:04:31.810,1.61975,1.61995,0.80,1.20
2008.05.15 17:04:32.038,1.6197,1.61995,2.80,1.20
2008.05.15 17:04:32.257,1.6197,1.61995,0.90,1.20
2008.05.15 17:04:32.493,1.61975,1.61995,0.80,1.20
2008.05.15 17:04:33.141,1.61975,1.61995,1.90,0.80
2008.05.15 17:04:33.355,1.6197,1.61995,2.80,1.20
2008.05.15 17:04:33.570,1.61975,1.61995,0.80,0.60
2008.05.15 17:04:33.999,1.6197,1.61995,2.80,1.20
2008.05.15 17:04:34.238,1.61975,1.61995,0.80,0.60
2008.05.15 17:04:34.358,1.61975,1.62,2.70,1.90
2008.05.15 17:04:34.875,1.61975,1.6199,1.90,0.80
2008.05.15 17:04:35.007,1.61975,1.6199,1.90,0.50
2008.05.15 17:04:35.259,1.61975,1.6199,1.90,1.30
2008.05.15 17:04:35.382,1.61965,1.6199,13.70,1.30
2008.05.15 17:04:35.507,1.6197,1.6199,0.20,0.80
2008.05.15 17:04:35.634,1.6197,1.6199,0.90,0.80
2008.05.15 17:04:35.881,1.6197,1.61995,0.90,1.80
2008.05.15 17:04:36.122,1.61975,1.61995,0.80,1.80
2008.05.15 17:04:36.362,1.6197,1.6199,0.80,0.50
2008.05.15 17:04:36.612,1.6197,1.6199,0.80,1.30
2008.05.15 17:04:37.081,1.61965,1.6199,6.70,1.90
2008.05.15 17:04:37.917,1.61965,1.61985,5.60,0.60
2008.05.15 17:04:38.649,1.6197,1.61985,0.20,0.60
2008.05.15 17:04:38.904,1.61975,1.6199,0.80,0.50
2008.05.15 17:04:38.990,1.6197,1.61995,0.90,1.80
2008.05.15 17:04:39.335,1.6197,1.61995,0.90,1.20
2008.05.15 17:04:39.403,1.61975,1.61995,1.90,0.80
2008.05.15 17:04:39.929,1.61975,1.61995,1.90,1.20
2008.05.15 17:04:40.469,1.61975,1.6199,1.90,0.50
2008.05.15 17:04:40.641,1.61975,1.6199,1.90,1.30
2008.05.15 17:04:40.789,1.61975,1.6199,4.80,1.30
2008.05.15 17:04:40.948,1.61975,1.6199,4.00,1.30
2008.05.15 17:04:41.110,1.61975,1.6199,4.00,0.50
2008.05.15 17:04:41.443,1.61975,1.6199,5.60,0.50
2008.05.15 17:04:41.518,1.61975,1.61995,5.60,4.40
2008.05.15 17:04:41.595,1.61975,1.61995,5.60,1.20
2008.05.15 17:04:41.982,1.61975,1.61995,5.90,1.20
2008.05.15 17:04:43.386,1.61975,1.61995,6.70,1.20
2008.05.15 17:04:43.776,1.61975,1.61995,6.70,0.80
2008.05.15 17:04:47.435,1.61975,1.61995,5.90,0.80
2008.05.15 17:04:47.482,1.61975,1.61995,5.90,4.00
2008.05.15 17:04:47.511,1.61975,1.6199,5.90,0.50
2008.05.15 17:04:47.580,1.61975,1.6199,4.80,0.50
2008.05.15 17:04:47.648,1.61975,1.6199,4.80,1.30
2008.05.15 17:04:47.794,1.61975,1.6199,4.00,1.30
2008.05.15 17:04:48.067,1.61975,1.6199,4.00,0.50
2008.05.15 17:04:48.489,1.61975,1.6199,4.00,1.30
2008.05.15 17:04:48.634,1.61975,1.61985,4.00,0.80
2008.05.15 17:04:49.067,1.61975,1.6199,4.00,1.30
2008.05.15 17:04:49.625,1.61975,1.6199,4.00,1.90
2008.05.15 17:04:49.755,1.6197,1.61985,0.80,0.80
2008.05.15 17:04:49.885,1.61965,1.61985,0.80,1.20
2008.05.15 17:04:50.143,1.61965,1.61985,2.70,0.80
2008.05.15 17:04:50.681,1.61965,1.61985,1.90,0.80
2008.05.15 17:04:50.867,1.61965,1.61985,2.60,0.80
2008.05.15 17:04:50.951,1.61965,1.6198,2.60,0.80
2008.05.15 17:04:51.359,1.61965,1.6198,0.70,0.80
2008.05.15 17:04:52.479,1.6196,1.6198,0.90,0.80
2008.05.15 17:04:53.961,1.61965,1.6198,0.70,0.80
2008.05.15 17:04:56.708,1.61965,1.6198,1.50,0.80
2008.05.15 17:04:56.907,1.61965,1.61985,1.50,1.20
2008.05.15 17:04:56.996,1.61965,1.61985,1.50,5.20
2008.05.15 17:04:57.150,1.61965,1.61985,3.40,4.80
2008.05.15 17:04:57.450,1.61965,1.61985,1.50,5.20
2008.05.15 17:04:57.951,1.61965,1.61985,0.80,5.20
2008.05.15 17:04:58.349,1.6196,1.61985,1.70,5.20
2008.05.15 17:04:58.550,1.6196,1.6198,0.90,0.80
2008.05.15 17:04:58.749,1.6196,1.6198,0.20,0.80
2008.05.15 17:04:59.151,1.61955,1.6198,9.00,1.30
2008.05.15 17:04:59.566,1.61955,1.61975,9.00,0.80
2008.05.15 17:04:59.672,1.61955,1.61975,7.50,0.80
2008.05.15 17:04:59.778,1.61955,1.61975,6.40,1.20
2008.05.15 17:05:00.011,1.61955,1.61975,7.20,1.20
2008.05.15 17:05:00.149,1.61955,1.61975,6.40,1.20
2008.05.15 17:05:00.289,1.6196,1.61975,0.20,1.20
2008.05.15 17:05:00.567,1.6196,1.61975,0.20,0.80
2008.05.15 17:05:01.054,1.61955,1.61975,10.70,0.80
2008.05.15 17:05:01.224,1.61955,1.61975,7.50,0.80
2008.05.15 17:05:01.563,1.61955,1.6197,1.90,0.80
2008.05.15 17:05:01.733,1.6195,1.6197,0.20,0.80
2008.05.15 17:05:01.902,1.6195,1.61975,0.90,1.20
2008.05.15 17:05:02.071,1.61955,1.61975,0.80,1.20
2008.05.15 17:05:02.241,1.6195,1.61975,1.90,1.20
2008.05.15 17:05:02.395,1.6195,1.61975,1.10,1.20
2008.05.15 17:05:02.550,1.6195,1.6197,0.40,0.80
2008.05.15 17:05:02.705,1.6195,1.6197,0.20,0.80
2008.05.15 17:05:03.986,1.6195,1.61975,0.90,1.20
2008.05.15 17:05:04.101,1.61955,1.61975,1.60,1.20
2008.05.15 17:05:04.356,1.6196,1.61975,0.20,1.20
2008.05.15 17:05:04.498,1.6196,1.6198,0.20,0.80
2008.05.15 17:05:06.130,1.6196,1.6198,0.90,0.80
2008.05.15 17:05:07.896,1.6196,1.6198,0.20,0.80
2008.05.15 17:05:08.432,1.6196,1.6198,0.90,0.80
2008.05.15 17:05:09.373,1.6196,1.61985,0.90,5.20
2008.05.15 17:05:09.482,1.61965,1.61985,0.70,1.20
2008.05.15 17:05:09.592,1.61965,1.61985,2.60,0.80
2008.05.15 17:05:09.703,1.61965,1.6198,2.60,0.80
2008.05.15 17:05:09.888,1.61965,1.61985,2.60,0.80
2008.05.15 17:05:09.947,1.61965,1.61985,0.70,1.20
2008.05.15 17:05:10.182,1.6196,1.61985,1.10,1.20
2008.05.15 17:05:10.531,1.6196,1.6198,0.40,0.80
2008.05.15 17:05:11.167,1.6196,1.6198,0.20,0.80
2008.05.15 17:05:11.702,1.61965,1.6198,1.90,0.80
2008.05.15 17:05:12.143,1.61965,1.61985,1.90,1.20
2008.05.15 17:05:12.222,1.6196,1.61985,1.10,1.20
2008.05.15 17:05:12.880,1.61965,1.61985,0.70,1.20
2008.05.15 17:05:13.072,1.61965,1.61985,1.50,1.20
2008.05.15 17:05:13.263,1.61965,1.61985,0.70,1.20
2008.05.15 17:05:13.643,1.6196,1.61985,2.80,1.20
2008.05.15 17:05:13.834,1.6196,1.61985,0.90,1.20
2008.05.15 17:05:14.546,1.61965,1.61985,1.90,1.20
2008.05.15 17:05:14.736,1.61965,1.61985,0.80,0.60
2008.05.15 17:05:14.926,1.61965,1.61985,1.50,0.60
2008.05.15 17:05:15.093,1.61965,1.6199,3.40,0.80
2008.05.15 17:05:15.238,1.61975,1.6199,1.90,0.80
2008.05.15 17:05:15.392,1.61975,1.61995,1.90,1.20
2008.05.15 17:05:15.549,1.61975,1.6199,1.90,0.80
2008.05.15 17:05:15.858,1.61975,1.6199,2.60,0.80
2008.05.15 17:05:16.014,1.61975,1.61995,3.40,0.80
2008.05.15 17:05:16.159,1.61975,1.62,3.40,1.90
2008.05.15 17:05:16.305,1.61975,1.62,3.40,1.30
2008.05.15 17:05:17.461,1.6198,1.62,0.80,1.30
2008.05.15 17:05:17.535,1.61975,1.62,3.40,1.30
2008.05.15 17:05:18.468,1.61975,1.62,2.70,1.30
2008.05.15 17:05:18.577,1.61975,1.6199,1.90,0.80
2008.05.15 17:05:18.860,1.61975,1.6199,1.90,1.20
2008.05.15 17:05:19.058,1.6197,1.6199,0.20,1.20
2008.05.15 17:05:19.153,1.6197,1.61985,0.20,0.80
2008.05.15 17:05:19.247,1.61965,1.61985,6.00,0.80
2008.05.15 17:05:19.416,1.61965,1.61985,5.20,0.80
2008.05.15 17:05:19.695,1.6197,1.6199,0.90,1.80
2008.05.15 17:05:19.781,1.6197,1.6199,1.10,1.20
2008.05.15 17:05:19.864,1.6197,1.6199,1.10,0.80
2008.05.15 17:05:19.949,1.6197,1.6199,0.90,0.80
2008.05.15 17:05:20.423,1.6197,1.61995,0.90,1.20
2008.05.15 17:05:20.790,1.61975,1.61995,1.90,0.80
2008.05.15 17:05:20.986,1.61975,1.61995,2.70,0.80
2008.05.15 17:05:21.760,1.61975,1.61995,1.90,0.80
2008.05.15 17:05:21.870,1.6197,1.61995,1.10,1.20
2008.05.15 17:05:22.198,1.6197,1.61995,0.90,1.20
2008.05.15 17:05:22.527,1.6197,1.6199,0.20,0.80
2008.05.15 17:05:23.203,1.6197,1.6199,0.20,1.20
2008.05.15 17:05:26.166,1.6197,1.61985,0.20,0.80
2008.05.15 17:05:26.254,1.61965,1.61985,5.90,0.80
2008.05.15 17:05:26.379,1.61965,1.6198,5.10,0.80
2008.05.15 17:05:26.505,1.6196,1.6198,2.80,0.80
2008.05.15 17:05:26.630,1.6196,1.6198,0.90,1.20
2008.05.15 17:05:26.766,1.6196,1.6198,0.90,0.60
2008.05.15 17:05:26.892,1.61965,1.6198,0.80,0.60
2008.05.15 17:05:27.018,1.61965,1.61985,0.80,1.20
2008.05.15 17:05:27.144,1.61965,1.61985,1.90,0.80
2008.05.15 17:05:27.528,1.61965,1.61985,0.80,0.60
2008.05.15 17:05:27.790,1.61965,1.6199,2.70,1.90
2008.05.15 17:05:28.051,1.61975,1.6199,3.20,0.80
2008.05.15 17:05:28.313,1.6199,1.61995,0.20,1.20
2008.05.15 17:05:28.572,1.6199,1.62005,0.20,5.20
2008.05.15 17:05:28.657,1.6199,1.62005,0.90,5.20
2008.05.15 17:05:28.742,1.6199,1.62005,0.90,4.80
2008.05.15 17:05:28.827,1.6199,1.62005,0.90,4.00
2008.05.15 17:05:29.081,1.61995,1.62005,0.80,4.00
2008.05.15 17:05:29.168,1.61985,1.62005,8.40,4.00
2008.05.15 17:05:29.253,1.61995,1.62005,2.40,4.40
2008.05.15 17:05:29.342,1.61995,1.62005,1.60,4.40
2008.05.15 17:05:29.643,1.6201,1.62015,0.80,4.80
2008.05.15 17:05:29.940,1.62015,1.62035,2.80,0.80
2008.05.15 17:05:30.236,1.6202,1.6204,0.80,1.80
2008.05.15 17:05:30.531,1.62025,1.62045,2.70,5.20
2008.05.15 17:05:30.722,1.62025,1.62045,2.70,1.20
2008.05.15 17:05:30.913,1.62025,1.62045,2.70,0.80
2008.05.15 17:05:31.106,1.6203,1.62045,0.20,0.80
2008.05.15 17:05:31.298,1.62025,1.62045,2.80,0.80
2008.05.15 17:05:31.688,1.6203,1.62055,0.80,15.50
2008.05.15 17:05:31.930,1.6203,1.62055,0.90,8.50
2008.05.15 17:05:32.159,1.62035,1.62055,1.90,6.00
2008.05.15 17:05:32.846,1.62035,1.62055,1.90,6.10
2008.05.15 17:05:33.941,1.62035,1.6205,1.90,0.80
2008.05.15 17:05:34.346,1.6203,1.6205,0.90,0.80
2008.05.15 17:05:34.491,1.62035,1.6205,1.90,0.80
2008.05.15 17:05:35.048,1.62035,1.62055,1.90,6.10
2008.05.15 17:05:35.184,1.62035,1.62055,1.90,5.30
2008.05.15 17:05:35.316,1.62035,1.62055,1.90,0.80
2008.05.15 17:05:35.448,1.6204,1.62055,0.20,0.80
2008.05.15 17:05:35.708,1.62035,1.62055,1.90,1.60
2008.05.15 17:05:35.837,1.62035,1.62055,1.90,2.10
2008.05.15 17:05:36.238,1.62035,1.6205,1.90,0.80
2008.05.15 17:05:36.386,1.6203,1.6205,1.10,0.80
2008.05.15 17:05:36.793,1.6203,1.62045,0.90,0.10
2008.05.15 17:05:36.933,1.6203,1.62045,0.20,0.80
2008.05.15 17:05:37.075,1.62025,1.62045,2.70,0.10
2008.05.15 17:05:37.571,1.62025,1.62045,2.70,1.60
2008.05.15 17:05:37.751,1.62025,1.62045,2.70,2.40
2008.05.15 17:05:37.932,1.62025,1.62035,1.90,0.80
2008.05.15 17:05:38.113,1.62015,1.62035,2.70,0.80
2008.05.15 17:05:38.294,1.62015,1.6203,1.90,0.80
2008.05.15 17:05:38.384,1.62015,1.62035,2.70,0.80
2008.05.15 17:05:38.474,1.62015,1.62035,2.70,1.20
2008.05.15 17:05:38.564,1.62015,1.62035,2.70,0.80
2008.05.15 17:05:39.643,1.62015,1.62035,2.70,1.20
2008.05.15 17:05:39.768,1.62015,1.6203,1.90,0.80
2008.05.15 17:05:39.883,1.6201,1.6203,0.20,0.80
2008.05.15 17:05:40.615,1.6201,1.62035,0.90,1.20
2008.05.15 17:05:40.744,1.6201,1.62035,1.10,1.20
2008.05.15 17:05:41.006,1.62015,1.62035,1.60,1.20
2008.05.15 17:05:41.410,1.62015,1.62035,2.70,0.80
2008.05.15 17:05:42.715,1.62015,1.62035,0.80,1.20
2008.05.15 17:05:44.399,1.62015,1.62035,0.80,2.80
2008.05.15 17:05:44.438,1.6202,1.62035,0.20,2.00
2008.05.15 17:05:44.622,1.6202,1.62035,0.20,2.80
2008.05.15 17:05:44.663,1.6202,1.62035,0.20,2.40
2008.05.15 17:05:44.764,1.62015,1.62035,5.10,2.40
2008.05.15 17:05:44.804,1.62015,1.62035,1.90,2.40
2008.05.15 17:05:44.937,1.62015,1.62035,2.70,2.40
2008.05.15 17:05:45.478,1.62015,1.62035,9.10,0.80
2008.05.15 17:05:45.574,1.6202,1.62035,2.00,0.80
2008.05.15 17:05:45.774,1.6202,1.6204,2.80,0.60
2008.05.15 17:05:45.953,1.6203,1.62045,0.20,7.50
2008.05.15 17:05:46.048,1.6203,1.62045,0.20,6.60
2008.05.15 17:05:46.172,1.6203,1.62045,0.20,6.00
2008.05.15 17:05:46.299,1.62025,1.62045,1.90,5.60
2008.05.15 17:05:46.426,1.62025,1.6204,1.90,0.80
2008.05.15 17:05:46.552,1.62025,1.62045,1.90,5.20
2008.05.15 17:05:46.678,1.62025,1.62045,1.90,6.00
2008.05.15 17:05:46.927,1.6202,1.6204,0.40,0.80
2008.05.15 17:05:48.158,1.6202,1.6204,0.20,0.80
2008.05.15 17:05:48.478,1.62015,1.62035,5.20,1.20
2008.05.15 17:05:48.563,1.62015,1.62035,1.90,5.20
2008.05.15 17:05:48.649,1.62015,1.62025,1.90,0.80
2008.05.15 17:05:48.817,1.62015,1.62025,1.90,1.20
2008.05.15 17:05:48.986,1.62005,1.62025,1.90,1.20
2008.05.15 17:05:49.072,1.62005,1.6202,1.90,0.80
2008.05.15 17:05:49.342,1.6201,1.6203,0.20,0.80
2008.05.15 17:05:49.528,1.6201,1.62025,0.90,0.60
2008.05.15 17:05:49.898,1.62015,1.6203,1.90,0.80
2008.05.15 17:05:50.083,1.62015,1.62035,1.90,0.80
2008.05.15 17:05:50.442,1.6201,1.62035,0.80,1.20
2008.05.15 17:05:50.598,1.62005,1.6203,4.40,0.80
2008.05.15 17:05:51.052,1.62005,1.6203,4.30,1.30
2008.05.15 17:05:51.218,1.6201,1.62035,0.90,4.40
2008.05.15 17:05:51.394,1.6201,1.62035,1.70,1.20
2008.05.15 17:05:51.561,1.62015,1.62035,1.90,0.80
2008.05.15 17:05:52.743,1.62015,1.62035,2.70,0.80
2008.05.15 17:05:52.929,1.62015,1.62035,2.00,0.80
2008.05.15 17:05:53.267,1.62015,1.62035,2.80,0.80
2008.05.15 17:05:53.806,1.62015,1.62035,1.90,0.80
2008.05.15 17:05:53.972,1.62015,1.62025,1.90,0.80
2008.05.15 17:05:54.137,1.62005,1.62025,1.90,0.80
2008.05.15 17:05:55.596,1.62,1.62025,0.90,1.20
2008.05.15 17:05:55.677,1.62,1.6202,0.90,0.80
2008.05.15 17:05:55.914,1.62,1.6202,0.20,0.80
2008.05.15 17:05:56.583,1.62,1.62025,0.90,1.20
2008.05.15 17:05:56.956,1.62005,1.62025,1.90,0.80
2008.05.15 17:05:57.207,1.62005,1.62025,2.70,0.80
2008.05.15 17:05:57.331,1.62005,1.62025,2.00,0.80
2008.05.15 17:05:57.457,1.62005,1.6203,2.80,1.30
2008.05.15 17:05:57.586,1.62005,1.6203,4.40,0.80
2008.05.15 17:05:57.726,1.62005,1.6203,4.30,0.80
2008.05.15 17:05:57.846,1.62005,1.6203,2.70,0.80
2008.05.15 17:05:57.977,1.6201,1.62035,0.90,1.20
2008.05.15 17:05:58.238,1.62015,1.62035,2.70,0.80
2008.05.15 17:05:58.496,1.62025,1.62035,1.90,0.80
2008.05.15 17:05:59.510,1.62015,1.62035,1.90,0.80
2008.05.15 17:05:59.893,1.62015,1.62035,1.90,1.60
2008.05.15 17:06:01.125,1.62015,1.62035,2.70,1.60
2008.05.15 17:06:01.181,1.62015,1.62035,2.70,0.80
2008.05.15 17:06:01.995,1.6202,1.6204,0.20,0.80
2008.05.15 17:06:02.071,1.6202,1.6204,0.20,1.30
2008.05.15 17:06:02.179,1.6202,1.6204,0.90,0.80
2008.05.15 17:06:02.225,1.62025,1.6204,1.90,1.30
2008.05.15 17:06:02.422,1.62015,1.62035,1.90,0.80
2008.05.15 17:06:05.557,1.6201,1.62035,2.80,1.20
2008.05.15 17:06:06.118,1.6201,1.62035,3.00,1.20
2008.05.15 17:06:06.481,1.62015,1.62035,1.90,0.80
2008.05.15 17:06:07.666,1.6202,1.62035,0.20,0.80
2008.05.15 17:06:07.700,1.6202,1.6204,0.20,0.80
2008.05.15 17:06:07.904,1.6202,1.6204,0.90,0.80
2008.05.15 17:06:08.023,1.62025,1.62045,1.90,8.40
2008.05.15 17:06:08.416,1.62025,1.6204,1.90,0.80
2008.05.15 17:06:09.190,1.62015,1.6204,2.80,1.30
2008.05.15 17:06:09.458,1.62025,1.6204,1.90,1.30
2008.05.15 17:06:09.722,1.6202,1.62045,0.80,9.20
2008.05.15 17:06:09.889,1.62015,1.62035,4.40,0.80
2008.05.15 17:06:10.054,1.62025,1.62035,1.90,0.80
2008.05.15 17:06:10.220,1.62025,1.6203,1.90,0.80
2008.05.15 17:06:10.395,1.62015,1.6203,1.90,0.80
2008.05.15 17:06:10.550,1.62015,1.62035,1.90,1.60
2008.05.15 17:06:10.716,1.6202,1.62035,0.20,2.00
2008.05.15 17:06:10.881,1.6202,1.62035,0.20,1.60
2008.05.15 17:06:12.368,1.62015,1.6203,1.90,0.80
2008.05.15 17:06:12.605,1.62005,1.6203,2.70,0.80
2008.05.15 17:06:13.423,1.62005,1.62015,1.90,0.80
2008.05.15 17:06:13.689,1.62005,1.6201,1.90,0.80
2008.05.15 17:06:13.884,1.6199,1.62,0.20,0.60
2008.05.15 17:06:14.024,1.61985,1.62,7.30,0.60
2008.05.15 17:06:14.079,1.61985,1.62,4.00,0.60
2008.05.15 17:06:14.149,1.6198,1.61995,1.90,0.80
2008.05.15 17:06:14.647,1.61975,1.61995,3.50,1.20
2008.05.15 17:06:14.941,1.61975,1.61995,1.90,13.60
2008.05.15 17:06:15.236,1.6197,1.6199,0.20,1.20
2008.05.15 17:06:15.842,1.61965,1.6199,3.50,1.80
2008.05.15 17:06:16.007,1.61965,1.6198,1.90,1.00
2008.05.15 17:06:16.163,1.6196,1.61975,0.80,3.60
2008.05.15 17:06:16.321,1.61955,1.6197,2.00,1.30
2008.05.15 17:06:16.496,1.61955,1.6197,1.90,1.30
2008.05.15 17:06:16.673,1.61955,1.6197,1.90,0.80
2008.05.15 17:06:16.850,1.61945,1.6197,7.00,0.80
2008.05.15 17:06:17.023,1.6195,1.61975,0.80,2.00
2008.05.15 17:06:17.374,1.6195,1.61975,2.70,2.00
2008.05.15 17:06:17.697,1.61955,1.61975,2.70,1.20
2008.05.15 17:06:18.032,1.6196,1.6198,0.20,0.80
2008.05.15 17:06:20.171,1.61965,1.61985,0.80,5.20
2008.05.15 17:06:20.326,1.61965,1.61985,0.90,1.20
2008.05.15 17:06:20.492,1.61965,1.61985,0.20,1.20
2008.05.15 17:06:20.701,1.61965,1.61985,2.00,0.80
2008.05.15 17:06:20.912,1.6196,1.6198,0.40,0.80
2008.05.15 17:06:21.123,1.6196,1.6198,1.10,0.80
2008.05.15 17:06:21.332,1.61965,1.6198,1.90,0.80
2008.05.15 17:06:21.542,1.61965,1.61985,1.90,5.20
2008.05.15 17:06:21.713,1.61965,1.61985,3.50,4.40
2008.05.15 17:06:21.885,1.6197,1.61985,0.20,4.40
2008.05.15 17:06:22.056,1.6197,1.61985,3.00,4.00
2008.05.15 17:06:22.226,1.6198,1.61985,0.80,4.00
2008.05.15 17:06:22.408,1.6199,1.61995,0.20,4.00
2008.05.15 17:06:23.017,1.61995,1.62005,0.20,4.00
2008.05.15 17:06:23.324,1.62,1.6202,0.20,0.80
2008.05.15 17:06:23.629,1.62,1.6201,0.20,0.80
2008.05.15 17:06:23.765,1.61995,1.6201,2.80,0.80
2008.05.15 17:06:23.901,1.61995,1.6201,0.90,0.80
2008.05.15 17:06:24.035,1.62,1.62015,0.20,0.60
2008.05.15 17:06:24.171,1.62,1.6202,0.90,0.80
2008.05.15 17:06:24.355,1.62005,1.6202,1.90,0.80
2008.05.15 17:06:24.826,1.62005,1.62025,1.90,1.20
2008.05.15 17:06:25.141,1.62005,1.62025,0.20,1.20
2008.05.15 17:06:25.466,1.62005,1.62025,0.20,2.00
2008.05.15 17:06:25.628,1.62005,1.6202,0.20,0.80
2008.05.15 17:06:25.876,1.62,1.6202,0.40,0.80
2008.05.15 17:06:26.135,1.62,1.6202,0.20,0.80
2008.05.15 17:06:27.395,1.62,1.6202,0.90,0.80
2008.05.15 17:06:27.588,1.62,1.62015,0.80,0.80
2008.05.15 17:06:27.909,1.6199,1.62015,1.10,1.20
2008.05.15 17:06:29.609,1.6199,1.6201,0.40,0.80
2008.05.15 17:06:29.842,1.6199,1.6201,0.20,0.80
2008.05.15 17:06:30.135,1.6199,1.62,0.20,0.80
2008.05.15 17:06:30.261,1.61985,1.62,5.10,1.30
2008.05.15 17:06:30.393,1.61985,1.62,1.90,1.30
2008.05.15 17:06:30.518,1.61975,1.62,10.80,1.30
2008.05.15 17:06:30.910,1.61975,1.62,8.40,1.30
2008.05.15 17:06:31.046,1.61975,1.62,10.80,1.30
2008.05.15 17:06:31.181,1.61975,1.62,8.40,1.30
2008.05.15 17:06:31.325,1.61975,1.62,10.80,1.30
2008.05.15 17:06:31.727,1.61975,1.62,8.30,1.30
2008.05.15 17:06:31.865,1.6198,1.62,0.80,0.50
2008.05.15 17:06:32.220,1.61985,1.62005,1.90,4.00
2008.05.15 17:06:32.284,1.61985,1.62005,1.90,0.80
2008.05.15 17:06:32.810,1.61985,1.62005,1.90,3.20
2008.05.15 17:06:32.931,1.6198,1.62005,2.70,3.60
2008.05.15 17:06:33.795,1.61985,1.62005,1.90,0.80
2008.05.15 17:06:34.170,1.61985,1.62,1.90,0.80
2008.05.15 17:06:34.292,1.61975,1.62,9.90,0.80
2008.05.15 17:06:34.414,1.61975,1.62,10.70,0.80
2008.05.15 17:06:34.654,1.61975,1.62,9.10,0.80
2008.05.15 17:06:34.774,1.61975,1.62,5.90,0.80
2008.05.15 17:06:34.896,1.61975,1.62,6.00,0.80
2008.05.15 17:06:35.017,1.61975,1.62,3.60,1.30
2008.05.15 17:06:35.253,1.61975,1.61995,1.90,0.80
2008.05.15 17:06:36.755,1.61975,1.61995,2.80,0.80
2008.05.15 17:06:36.978,1.61975,1.62,2.80,1.30
2008.05.15 17:06:37.118,1.61975,1.62,4.40,0.80
2008.05.15 17:06:37.260,1.61975,1.62,4.40,1.30
2008.05.15 17:06:37.399,1.61985,1.62,1.90,1.80
2008.05.15 17:06:37.540,1.61985,1.62,1.90,1.30
2008.05.15 17:06:37.819,1.61975,1.62,2.70,1.30
2008.05.15 17:06:37.958,1.61975,1.61995,2.70,0.80
2008.05.15 17:06:38.098,1.61975,1.62,2.70,1.30
2008.05.15 17:06:38.333,1.61975,1.62,4.30,1.30
2008.05.15 17:06:39.046,1.61975,1.62,6.00,1.30
2008.05.15 17:06:39.447,1.61985,1.62,1.90,1.30
2008.05.15 17:06:41.972,1.61975,1.61995,5.20,0.80
2008.05.15 17:06:43.088,1.61975,1.62,6.00,1.30
2008.05.15 17:06:43.154,1.6198,1.62,0.80,1.30
2008.05.15 17:06:43.217,1.61975,1.62,4.40,1.30
2008.05.15 17:06:44.106,1.61975,1.62,3.50,1.30
2008.05.15 17:06:44.342,1.61985,1.62,0.50,1.30
2008.05.15 17:06:44.577,1.61975,1.62,3.50,1.30
2008.05.15 17:06:44.811,1.61975,1.6199,1.90,0.80
2008.05.15 17:06:45.280,1.6197,1.6199,0.90,0.80
2008.05.15 17:06:45.864,1.6197,1.61995,0.90,1.20
2008.05.15 17:06:46.183,1.61975,1.61995,1.90,0.80
2008.05.15 17:06:46.391,1.61975,1.61995,2.70,0.80
2008.05.15 17:06:46.792,1.61975,1.61995,4.30,0.80
2008.05.15 17:06:46.909,1.61975,1.61995,5.10,0.80
2008.05.15 17:06:47.125,1.61975,1.62,5.10,1.30
2008.05.15 17:06:47.452,1.61975,1.62,6.00,1.30
2008.05.15 17:06:49.182,1.61975,1.61995,5.20,0.80
2008.05.15 17:06:49.271,1.61975,1.61995,4.40,0.80
2008.05.15 17:06:49.370,1.61975,1.61995,4.30,0.80
2008.05.15 17:06:49.470,1.61975,1.61995,2.70,0.80
2008.05.15 17:06:49.716,1.61975,1.61995,1.90,0.80
2008.05.15 17:06:49.926,1.61975,1.6199,1.90,0.80
2008.05.15 17:06:50.136,1.61975,1.61995,1.90,0.80
2008.05.15 17:06:50.241,1.6197,1.61995,0.90,1.20
2008.05.15 17:06:50.449,1.61975,1.61995,1.90,0.80
2008.05.15 17:06:51.068,1.61975,1.61995,3.50,0.80
2008.05.15 17:06:51.214,1.61975,1.61995,4.30,0.80
2008.05.15 17:06:51.364,1.61975,1.61995,5.10,0.80
2008.05.15 17:06:51.511,1.61985,1.62,1.90,1.30
2008.05.15 17:06:55.282,1.61985,1.62,3.50,1.30
2008.05.15 17:06:55.725,1.61985,1.62,3.50,0.80
2008.05.15 17:06:55.932,1.61985,1.62005,3.50,5.20
2008.05.15 17:06:56.351,1.61985,1.62005,1.60,5.20
2008.05.15 17:06:56.486,1.61985,1.62,1.60,1.30
2008.05.15 17:06:56.621,1.61985,1.62,3.50,1.30
2008.05.15 17:06:57.024,1.61985,1.62,1.90,1.30
2008.05.15 17:06:58.953,1.6198,1.62,0.20,1.30
2008.05.15 17:07:00.114,1.6198,1.62,0.90,1.30
2008.05.15 17:07:00.463,1.61985,1.62,1.90,1.30
2008.05.15 17:07:02.208,1.61985,1.61995,1.90,0.80
2008.05.15 17:07:02.436,1.61975,1.61995,2.70,0.80
2008.05.15 17:07:02.502,1.61975,1.62,3.50,1.30
2008.05.15 17:07:03.250,1.61975,1.62,3.60,1.30
2008.05.15 17:07:03.425,1.61975,1.62,5.20,1.30
2008.05.15 17:07:04.215,1.61985,1.62,1.90,1.30
2008.05.15 17:07:08.499,1.6198,1.62,0.20,1.30
2008.05.15 17:07:08.583,1.6198,1.61995,0.20,0.80
2008.05.15 17:07:08.644,1.61975,1.61995,3.50,0.80
2008.05.15 17:07:08.729,1.61975,1.61995,2.70,0.80
2008.05.15 17:07:09.115,1.61975,1.6199,1.90,0.80
2008.05.15 17:07:09.235,1.61975,1.61995,1.90,0.80
2008.05.15 17:07:09.358,1.61975,1.61995,1.90,1.20
2008.05.15 17:07:09.476,1.61975,1.61995,2.70,0.60
2008.05.15 17:07:09.609,1.6198,1.61995,0.20,0.60
2008.05.15 17:07:09.731,1.6198,1.61995,0.90,0.60
2008.05.15 17:07:09.850,1.6198,1.62005,0.90,12.40
2008.05.15 17:07:09.973,1.6198,1.62005,0.90,9.20
2008.05.15 17:07:10.211,1.6199,1.62005,0.80,4.40
2008.05.15 17:07:10.961,1.61995,1.62005,0.80,4.40
2008.05.15 17:07:11.278,1.61995,1.62015,2.70,0.60
2008.05.15 17:07:11.389,1.61995,1.6202,2.80,0.80
2008.05.15 17:07:11.552,1.61995,1.6202,4.40,0.80
2008.05.15 17:07:11.662,1.62,1.62025,0.80,11.60
2008.05.15 17:07:11.772,1.62,1.62025,0.80,10.80
2008.05.15 17:07:11.883,1.62005,1.62025,1.90,10.80
2008.05.15 17:07:11.993,1.62005,1.6202,1.90,0.80
2008.05.15 17:07:12.514,1.62005,1.62025,1.90,6.00
2008.05.15 17:07:12.700,1.6201,1.62025,0.80,1.20
2008.05.15 17:07:12.893,1.6201,1.6203,0.80,0.80
2008.05.15 17:07:13.080,1.6201,1.6203,0.80,1.30
2008.05.15 17:07:13.563,1.6201,1.6203,0.80,0.80
2008.05.15 17:07:15.146,1.62005,1.62025,2.80,0.80
2008.05.15 17:07:15.206,1.62005,1.62025,2.70,0.80
2008.05.15 17:07:15.325,1.62005,1.62025,0.80,1.20
2008.05.15 17:07:15.503,1.62,1.62025,1.10,1.20
2008.05.15 17:07:16.187,1.62,1.62025,0.90,1.20
2008.05.15 17:07:16.752,1.62,1.62025,0.90,2.00
2008.05.15 17:07:17.011,1.62,1.6202,0.20,0.80
2008.05.15 17:07:17.143,1.62,1.62015,0.20,0.80
2008.05.15 17:07:17.272,1.61995,1.62015,6.00,0.80
2008.05.15 17:07:17.379,1.61995,1.62015,5.10,0.80
2008.05.15 17:07:17.475,1.61995,1.62015,2.70,0.80
2008.05.15 17:07:18.573,1.61995,1.62015,2.70,0.80
2008.05.15 17:07:18.719,1.61995,1.62015,2.70,0.10
2008.05.15 17:07:19.009,1.61995,1.62015,1.90,4.50
2008.05.15 17:07:19.695,1.62,1.62015,0.80,3.70
2008.05.15 17:07:19.985,1.61995,1.62015,1.90,1.60
2008.05.15 17:07:20.133,1.61995,1.6202,4.30,1.80
2008.05.15 17:07:20.276,1.61995,1.62015,3.50,0.60
2008.05.15 17:07:20.406,1.62,1.62015,0.80,0.60
2008.05.15 17:07:20.794,1.62,1.6202,0.80,0.80
2008.05.15 17:07:20.924,1.62005,1.6202,1.90,0.80
2008.05.15 17:07:21.155,1.62005,1.62015,1.90,0.80
2008.05.15 17:07:21.430,1.61995,1.62015,2.80,0.80
2008.05.15 17:07:21.530,1.61995,1.6202,2.80,0.80
2008.05.15 17:07:21.631,1.61995,1.62015,1.90,0.80
2008.05.15 17:07:21.932,1.61995,1.6202,2.70,1.20
2008.05.15 17:07:23.197,1.61995,1.62015,1.90,0.80
2008.05.15 17:07:24.078,1.61995,1.62015,2.70,0.80
2008.05.15 17:07:24.470,1.61995,1.62015,1.90,0.80
2008.05.15 17:07:24.752,1.61995,1.62015,1.90,0.80
2008.05.15 17:07:24.961,1.61995,1.62015,2.70,0.80
2008.05.15 17:07:25.078,1.61995,1.62015,1.90,1.30
2008.05.15 17:07:25.389,1.61995,1.62015,1.90,5.30
2008.05.15 17:07:26.661,1.61995,1.6201,1.90,0.80
2008.05.15 17:07:26.866,1.6199,1.6201,0.90,0.80
2008.05.15 17:07:27.179,1.6199,1.6201,0.20,0.80
2008.05.15 17:07:27.298,1.61985,1.6201,2.80,1.30
2008.05.15 17:07:27.536,1.61985,1.62005,2.80,0.80
2008.05.15 17:07:28.237,1.61985,1.62005,2.70,0.80
2008.05.15 17:07:28.312,1.61985,1.62005,0.80,1.20
2008.05.15 17:07:28.535,1.61985,1.62005,0.80,0.60
2008.05.15 17:07:28.609,1.61985,1.6201,2.70,1.30
2008.05.15 17:07:29.356,1.61985,1.62005,1.90,0.80
2008.05.15 17:07:29.899,1.6198,1.62005,0.90,1.20
2008.05.15 17:07:30.719,1.61985,1.62005,3.20,1.20
2008.05.15 17:07:30.841,1.61995,1.62005,0.80,0.60
2008.05.15 17:07:30.952,1.62,1.62005,0.80,0.60
2008.05.15 17:07:31.062,1.62,1.62005,0.90,0.60
2008.05.15 17:07:31.174,1.62,1.6202,0.20,0.80
2008.05.15 17:07:31.299,1.62,1.6202,0.40,0.80
2008.05.15 17:07:31.410,1.62,1.62015,0.40,0.80
2008.05.15 17:07:31.521,1.62,1.6202,0.40,0.80
2008.05.15 17:07:31.848,1.61985,1.6201,9.20,1.80
2008.05.15 17:07:32.173,1.6199,1.6201,0.20,1.20
2008.05.15 17:07:33.002,1.6199,1.6201,0.90,1.20
2008.05.15 17:07:33.187,1.61995,1.6201,1.90,0.80
2008.05.15 17:07:33.527,1.61985,1.6201,5.90,1.30
2008.05.15 17:07:33.696,1.61985,1.62005,1.90,0.80
2008.05.15 17:07:33.932,1.61985,1.62005,1.90,1.60
2008.05.15 17:07:34.169,1.61985,1.61995,1.90,0.80
2008.05.15 17:07:34.414,1.61975,1.6199,1.90,0.80
2008.05.15 17:07:34.845,1.61965,1.61985,1.90,1.60
2008.05.15 17:07:35.042,1.61955,1.6198,9.90,1.30
2008.05.15 17:07:35.237,1.61955,1.61975,7.20,0.60
2008.05.15 17:07:35.444,1.61955,1.61975,1.90,1.20
2008.05.15 17:07:36.251,1.6195,1.61975,0.80,1.20
2008.05.15 17:07:36.456,1.6195,1.61975,0.80,2.00
2008.05.15 17:07:36.661,1.6195,1.6197,0.80,0.80
2008.05.15 17:07:36.769,1.61955,1.61975,0.80,2.60
2008.05.15 17:07:36.977,1.61955,1.61975,2.70,2.10
2008.05.15 17:07:37.083,1.6196,1.61975,0.20,1.30
2008.05.15 17:07:37.188,1.6196,1.61975,0.20,0.80
2008.05.15 17:07:37.292,1.6196,1.61975,0.20,1.60
2008.05.15 17:07:37.501,1.61955,1.61975,5.90,1.60
2008.05.15 17:07:37.605,1.61955,1.61975,2.70,1.60
2008.05.15 17:07:42.337,1.61955,1.61975,0.80,2.00
2008.05.15 17:07:42.543,1.61955,1.61975,2.70,1.60
2008.05.15 17:07:42.608,1.61955,1.61975,1.90,1.60
2008.05.15 17:07:42.673,1.61955,1.61975,2.70,0.80
2008.05.15 17:07:42.801,1.61955,1.6198,2.70,2.40
2008.05.15 17:07:42.867,1.61955,1.6198,2.70,1.90
2008.05.15 17:07:43.050,1.61965,1.6198,1.90,1.90
2008.05.15 17:07:43.219,1.61965,1.6198,1.90,1.30
2008.05.15 17:07:43.642,1.61965,1.6198,1.90,0.50
2008.05.15 17:07:43.922,1.61965,1.61985,1.90,9.30
2008.05.15 17:07:44.204,1.61965,1.6198,1.90,0.80
2008.05.15 17:07:44.487,1.61965,1.61975,1.90,0.80
2008.05.15 17:07:45.115,1.61965,1.6198,1.90,1.30
2008.05.15 17:07:45.311,1.61965,1.61975,1.90,0.80
2008.05.15 17:07:45.505,1.61955,1.61975,2.70,0.80
2008.05.15 17:07:45.626,1.61955,1.6198,2.70,1.80
2008.05.15 17:07:45.863,1.61955,1.6198,2.70,1.30
2008.05.15 17:07:45.996,1.61955,1.61975,1.90,0.80
2008.05.15 17:07:46.118,1.61955,1.6197,1.90,1.30
2008.05.15 17:07:46.248,1.61945,1.6197,2.70,1.30
2008.05.15 17:07:48.898,1.61945,1.6197,2.70,0.80
2008.05.15 17:07:48.954,1.6195,1.6197,0.80,0.80
2008.05.15 17:07:49.118,1.61945,1.6197,2.70,0.80
2008.05.15 17:07:49.289,1.61945,1.6197,2.70,1.30
2008.05.15 17:07:49.369,1.61945,1.61965,0.80,0.60
2008.05.15 17:07:49.521,1.61945,1.61965,0.80,1.20
2008.05.15 17:07:49.630,1.6194,1.6196,2.80,0.80
2008.05.15 17:07:49.932,1.6194,1.6196,1.10,0.80
2008.05.15 17:07:50.059,1.61945,1.61965,0.80,0.60
2008.05.15 17:07:50.430,1.61945,1.6197,2.70,1.30
2008.05.15 17:07:50.680,1.6195,1.6197,0.80,0.50
2008.05.15 17:07:50.771,1.6195,1.61975,0.90,2.00
2008.05.15 17:07:50.918,1.61955,1.61975,1.90,1.60
2008.05.15 17:07:51.372,1.61955,1.6197,1.90,0.80
2008.05.15 17:07:51.639,1.6195,1.6197,0.80,1.30
2008.05.15 17:07:52.058,1.61945,1.6197,2.70,1.30
2008.05.15 17:07:52.713,1.61945,1.6197,2.70,0.80
2008.05.15 17:07:53.054,1.6195,1.6197,0.80,0.80
2008.05.15 17:07:53.220,1.61945,1.6197,5.90,1.30
2008.05.15 17:07:53.386,1.6195,1.6197,0.20,1.30
2008.05.15 17:07:53.551,1.6195,1.6197,0.90,0.50
2008.05.15 17:07:53.716,1.6195,1.6197,0.20,1.30
2008.05.15 17:07:53.921,1.61945,1.61965,2.70,0.80
2008.05.15 17:07:54.127,1.61945,1.6196,1.90,0.80
2008.05.15 17:07:54.333,1.61945,1.61955,1.90,1.60
2008.05.15 17:07:54.538,1.61935,1.61955,1.90,1.60
2008.05.15 17:07:54.948,1.61935,1.61955,1.90,0.80
2008.05.15 17:07:55.191,1.61945,1.61965,0.80,13.00
2008.05.15 17:07:55.422,1.6195,1.61965,0.80,10.00
2008.05.15 17:07:55.654,1.61955,1.61975,0.80,5.20
2008.05.15 17:07:55.886,1.6196,1.6198,0.80,0.80
2008.05.15 17:07:56.118,1.61965,1.6198,1.90,0.80
2008.05.15 17:07:56.282,1.6196,1.6198,0.80,1.30
2008.05.15 17:07:56.449,1.6196,1.61985,0.80,14.90
2008.05.15 17:07:56.614,1.6196,1.61985,0.80,11.70
2008.05.15 17:07:56.780,1.61965,1.6198,1.90,0.50
2008.05.15 17:07:57.299,1.61955,1.6198,2.70,1.30
2008.05.15 17:07:57.896,1.61955,1.61975,2.70,0.80
2008.05.15 17:07:58.958,1.61955,1.61975,3.50,0.80
2008.05.15 17:07:59.068,1.61955,1.61975,4.30,0.80
2008.05.15 17:07:59.190,1.6196,1.6198,0.80,0.50
2008.05.15 17:07:59.313,1.6196,1.61985,0.90,8.40
2008.05.15 17:07:59.432,1.61965,1.61985,0.80,6.80
2008.05.15 17:07:59.552,1.61965,1.61985,2.40,0.60
2008.05.15 17:07:59.679,1.61965,1.6199,4.30,1.30
2008.05.15 17:07:59.800,1.6197,1.6199,0.80,0.50
2008.05.15 17:08:00.160,1.61975,1.61995,1.90,11.60
2008.05.15 17:08:00.431,1.61975,1.61995,1.90,0.80
2008.05.15 17:08:00.950,1.6197,1.61995,0.80,1.20
2008.05.15 17:08:01.212,1.6197,1.6199,0.80,0.80
2008.05.15 17:08:02.985,1.6197,1.61995,0.80,2.00
2008.05.15 17:08:03.435,1.61975,1.61995,0.80,1.20
2008.05.15 17:08:03.978,1.61975,1.61995,0.80,1.30
2008.05.15 17:08:05.976,1.61975,1.6199,0.80,0.50
2008.05.15 17:08:06.052,1.61985,1.62,2.70,0.50
2008.05.15 17:08:06.327,1.6199,1.62,0.80,0.50
2008.05.15 17:08:06.481,1.6199,1.62005,0.80,8.40
2008.05.15 17:08:06.576,1.6199,1.62005,0.80,5.20
2008.05.15 17:08:06.630,1.6199,1.62005,0.80,4.40
2008.05.15 17:08:06.774,1.62,1.62005,0.80,4.40
2008.05.15 17:08:06.904,1.62,1.62005,0.80,0.60
2008.05.15 17:08:06.959,1.61995,1.62005,0.80,0.60
2008.05.15 17:08:07.004,1.61995,1.62015,2.70,4.40
2008.05.15 17:08:07.340,1.61995,1.62015,1.90,1.30
2008.05.15 17:08:07.678,1.6199,1.6201,2.70,0.50
2008.05.15 17:08:08.015,1.61995,1.6201,0.80,0.50
2008.05.15 17:08:08.332,1.61995,1.6201,2.70,0.50
2008.05.15 17:08:08.485,1.62,1.6201,0.80,0.50
2008.05.15 17:08:08.796,1.62,1.62015,0.80,0.60
2008.05.15 17:08:08.961,1.62005,1.62015,0.80,0.60
2008.05.15 17:08:09.119,1.62005,1.62025,0.80,7.70
2008.05.15 17:08:09.807,1.62,1.62025,1.10,9.30
2008.05.15 17:08:10.038,1.62005,1.62025,0.80,8.50
2008.05.15 17:08:10.282,1.6202,1.62025,2.70,4.40
2008.05.15 17:08:10.477,1.62025,1.62035,0.80,4.80
2008.05.15 17:08:10.672,1.62025,1.62035,0.80,0.60
2008.05.15 17:08:10.858,1.62035,1.62045,0.80,4.40
2008.05.15 17:08:11.049,1.62035,1.62045,0.80,0.60
2008.05.15 17:08:11.243,1.6203,1.62055,1.60,2.00
2008.05.15 17:08:11.512,1.6203,1.62045,0.80,0.60
2008.05.15 17:08:12.071,1.6203,1.62045,0.80,2.80
2008.05.15 17:08:12.352,1.6202,1.6204,0.80,1.30
2008.05.15 17:08:12.510,1.62015,1.6204,2.70,1.30
2008.05.15 17:08:12.972,1.6202,1.6204,0.80,0.50
2008.05.15 17:08:13.770,1.6202,1.6203,0.80,0.50
2008.05.15 17:08:14.023,1.62015,1.6203,1.90,0.50
2008.05.15 17:08:14.413,1.6201,1.6203,0.80,0.50
2008.05.15 17:08:14.918,1.62025,1.6203,0.80,0.50
2008.05.15 17:08:15.218,1.62025,1.62035,0.80,3.60
2008.05.15 17:08:15.369,1.62025,1.62035,0.80,0.60
2008.05.15 17:08:15.466,1.6202,1.62035,0.80,0.60
2008.05.15 17:08:15.654,1.6202,1.6204,0.80,0.50
2008.05.15 17:08:16.204,1.62025,1.6204,0.80,0.50
2008.05.15 17:08:16.402,1.62025,1.6204,2.70,0.50
2008.05.15 17:08:17.118,1.62025,1.6204,1.90,0.50
2008.05.15 17:08:17.510,1.6202,1.6204,0.80,0.50
2008.05.15 17:08:18.173,1.62015,1.6204,2.70,1.30
2008.05.15 17:08:18.410,1.62015,1.6204,2.70,1.80
2008.05.15 17:08:18.484,1.6202,1.6204,0.80,1.00
2008.05.15 17:08:19.080,1.62015,1.6204,2.70,1.80
2008.05.15 17:08:20.909,1.62025,1.6204,1.90,1.80
2008.05.15 17:08:20.948,1.62025,1.6204,2.70,0.60
2008.05.15 17:08:21.238,1.62025,1.62045,2.70,13.20
2008.05.15 17:08:21.411,1.62025,1.62045,2.70,12.40
2008.05.15 17:08:21.661,1.62025,1.62045,2.70,13.20
2008.05.15 17:08:21.734,1.62025,1.62045,2.70,11.60
2008.05.15 17:08:21.934,1.62025,1.6204,2.70,0.50
2008.05.15 17:08:22.135,1.62025,1.6204,1.90,0.50
2008.05.15 17:08:22.533,1.62025,1.6204,1.90,1.30
2008.05.15 17:08:22.733,1.6202,1.6204,0.80,1.30
2008.05.15 17:08:24.753,1.6202,1.6204,0.80,1.90
2008.05.15 17:08:24.802,1.6202,1.62035,0.80,1.60
2008.05.15 17:08:25.101,1.6202,1.62035,0.80,2.40
2008.05.15 17:08:25.259,1.62015,1.62035,2.70,2.40
2008.05.15 17:08:25.494,1.62015,1.62035,2.70,3.20
2008.05.15 17:08:25.574,1.62015,1.62035,1.90,4.00
2008.05.15 17:08:25.655,1.62015,1.6203,1.90,0.80
2008.05.15 17:08:26.031,1.6201,1.6203,0.90,0.80
2008.05.15 17:08:27.475,1.6201,1.62025,0.90,3.20
2008.05.15 17:08:27.711,1.6201,1.62025,0.20,4.00
2008.05.15 17:08:27.872,1.62005,1.62025,2.70,4.00
2008.05.15 17:08:27.959,1.62005,1.62025,1.90,4.00
2008.05.15 17:08:28.039,1.62005,1.62025,2.70,4.40
2008.05.15 17:08:28.120,1.62005,1.62025,1.90,4.40
2008.05.15 17:08:28.336,1.62,1.62025,0.80,8.20
2008.05.15 17:08:28.978,1.62,1.6202,0.80,0.80
2008.05.15 17:08:29.194,1.62,1.6202,0.80,1.20
2008.05.15 17:08:29.571,1.62,1.6202,0.80,0.60
2008.05.15 17:08:29.676,1.62,1.6202,0.90,0.60
2008.05.15 17:08:29.885,1.62005,1.62025,1.90,14.60
2008.05.15 17:08:30.214,1.62005,1.62025,1.90,14.00
2008.05.15 17:08:30.813,1.62005,1.62025,1.90,13.20
2008.05.15 17:08:30.923,1.62005,1.62025,1.90,14.00
2008.05.15 17:08:31.504,1.62005,1.6202,1.90,0.80
2008.05.15 17:08:31.623,1.61995,1.6202,6.00,0.80
2008.05.15 17:08:31.744,1.62005,1.62025,0.80,14.60
2008.05.15 17:08:31.984,1.62005,1.62025,0.80,13.20
2008.05.15 17:08:32.111,1.62005,1.62025,0.80,12.40
2008.05.15 17:08:32.592,1.6201,1.62025,0.80,12.40
2008.05.15 17:08:33.061,1.6201,1.62025,0.80,11.60
2008.05.15 17:08:33.297,1.6201,1.62025,0.80,13.20
2008.05.15 17:08:33.702,1.6201,1.62025,0.80,11.60
2008.05.15 17:08:33.951,1.6201,1.62025,0.80,10.00
2008.05.15 17:08:35.427,1.6201,1.62025,0.80,10.80
2008.05.15 17:08:35.699,1.62005,1.62025,0.80,10.80
2008.05.15 17:08:35.895,1.6201,1.62025,0.80,10.80
2008.05.15 17:08:36.040,1.6201,1.62025,0.80,5.20
2008.05.15 17:08:36.441,1.62005,1.62025,0.80,5.20
2008.05.15 17:08:36.629,1.62,1.62025,3.00,6.00
2008.05.15 17:08:36.896,1.62,1.62025,2.70,11.60
2008.05.15 17:08:37.113,1.62005,1.62025,2.70,11.60
2008.05.15 17:08:37.549,1.62005,1.62025,0.80,11.60
2008.05.15 17:08:38.571,1.62005,1.62025,0.80,10.80
2008.05.15 17:08:38.741,1.62005,1.62025,0.80,11.60
2008.05.15 17:08:38.931,1.62,1.62025,0.80,9.20
2008.05.15 17:08:39.220,1.62,1.62025,0.80,11.60
2008.05.15 17:08:39.318,1.62,1.6202,0.80,0.60
2008.05.15 17:08:39.406,1.6201,1.6202,0.80,0.60
2008.05.15 17:08:39.497,1.6201,1.6202,0.90,0.60
2008.05.15 17:08:39.768,1.6201,1.6202,0.80,0.60
2008.05.15 17:08:40.086,1.62025,1.62035,0.80,7.20
2008.05.15 17:08:40.404,1.6203,1.62045,0.80,6.80
2008.05.15 17:08:40.721,1.62015,1.62035,2.70,0.80
2008.05.15 17:08:41.040,1.62015,1.62035,2.70,3.60
2008.05.15 17:08:41.251,1.62015,1.6203,1.90,0.50
2008.05.15 17:08:41.464,1.62005,1.6203,2.70,1.30
2008.05.15 17:08:41.684,1.62005,1.62015,1.90,0.80
2008.05.15 17:08:41.896,1.6201,1.62015,0.80,0.80
2008.05.15 17:08:42.123,1.6201,1.6203,0.90,0.60
2008.05.15 17:08:42.574,1.6201,1.6203,2.70,1.00
2008.05.15 17:08:43.023,1.62005,1.6203,2.70,1.30
2008.05.15 17:08:43.783,1.62015,1.6203,0.80,0.50
2008.05.15 17:08:43.943,1.6202,1.62035,0.80,13.20
2008.05.15 17:08:44.146,1.62025,1.62035,0.80,5.20
2008.05.15 17:08:44.347,1.62025,1.62035,0.80,0.60
2008.05.15 17:08:44.546,1.62025,1.6204,0.80,0.60
2008.05.15 17:08:44.947,1.6203,1.62045,0.90,6.40
2008.05.15 17:08:45.147,1.6203,1.62045,0.90,5.20
2008.05.15 17:08:45.606,1.62025,1.62045,1.90,11.60
2008.05.15 17:08:45.837,1.62025,1.62035,1.90,0.80
2008.05.15 17:08:46.078,1.62015,1.62035,2.80,1.60
2008.05.15 17:08:46.223,1.62015,1.6203,1.90,0.50
2008.05.15 17:08:46.368,1.62015,1.62035,1.90,2.40
2008.05.15 17:08:46.513,1.62015,1.62035,1.90,2.80
2008.05.15 17:08:47.072,1.62015,1.62035,2.70,1.20
2008.05.15 17:08:47.412,1.62015,1.6204,2.70,1.80
2008.05.15 17:08:47.751,1.62015,1.62035,2.70,0.80
2008.05.15 17:08:47.921,1.62025,1.62035,1.90,1.60
2008.05.15 17:08:48.093,1.62025,1.6203,1.90,0.50
2008.05.15 17:08:48.252,1.62015,1.6203,1.90,0.50
2008.05.15 17:08:48.571,1.6201,1.6203,2.70,0.50
2008.05.15 17:08:48.732,1.6201,1.6203,0.80,0.50
2008.05.15 17:08:49.333,1.62015,1.6203,1.90,0.50
2008.05.15 17:08:50.515,1.62015,1.62035,2.70,9.20
2008.05.15 17:08:50.655,1.62015,1.62035,2.70,6.00
2008.05.15 17:08:51.038,1.6202,1.62035,0.80,7.60
2008.05.15 17:08:51.384,1.6202,1.62035,0.80,0.60
2008.05.15 17:08:51.588,1.6202,1.6204,0.80,0.50
2008.05.15 17:08:51.997,1.62025,1.62035,1.90,0.80
2008.05.15 17:08:52.407,1.62015,1.62035,2.70,4.40
2008.05.15 17:08:52.546,1.6202,1.62035,0.80,4.40
2008.05.15 17:08:53.018,1.62015,1.62035,2.70,4.40
2008.05.15 17:08:55.442,1.6202,1.62035,0.20,4.40
2008.05.15 17:08:55.477,1.6202,1.62035,0.20,3.60
2008.05.15 17:08:55.597,1.6202,1.62035,0.20,1.20
2008.05.15 17:08:55.632,1.6202,1.62035,0.90,1.20
2008.05.15 17:08:55.669,1.6202,1.62035,0.90,0.60
2008.05.15 17:08:55.712,1.6202,1.62035,0.90,4.40
2008.05.15 17:08:55.803,1.6202,1.62035,0.80,5.20
2008.05.15 17:08:55.890,1.6202,1.62035,0.90,5.20
2008.05.15 17:08:55.927,1.62025,1.62035,0.80,5.20
2008.05.15 17:08:56.002,1.62025,1.62035,0.80,4.40
2008.05.15 17:08:56.037,1.62025,1.62035,0.80,0.60
2008.05.15 17:08:56.083,1.62025,1.6204,0.80,0.60
2008.05.15 17:08:56.153,1.6202,1.6204,0.20,1.20
2008.05.15 17:08:56.222,1.6202,1.62035,0.20,0.80
2008.05.15 17:08:56.290,1.6202,1.62035,0.20,1.20
2008.05.15 17:08:56.355,1.62015,1.62035,5.90,1.20
2008.05.15 17:08:56.432,1.62015,1.62035,5.90,0.60
2008.05.15 17:08:56.769,1.62025,1.62045,0.80,10.80
2008.05.15 17:08:57.105,1.62025,1.62035,1.90,0.80
2008.05.15 17:08:57.452,1.62025,1.62035,1.90,0.60
2008.05.15 17:08:57.787,1.6202,1.62025,0.80,0.80
2008.05.15 17:08:57.948,1.62015,1.62025,1.90,0.80
2008.05.15 17:08:58.108,1.62015,1.62025,0.80,0.80
2008.05.15 17:08:58.278,1.62015,1.6203,0.80,0.60
2008.05.15 17:08:58.429,1.62015,1.62035,0.80,1.20
2008.05.15 17:08:58.840,1.62015,1.62035,2.70,0.80
2008.05.15 17:08:59.281,1.62015,1.62035,1.90,1.60
2008.05.15 17:08:59.496,1.62015,1.62035,1.90,2.00
2008.05.15 17:09:01.139,1.62015,1.6203,1.90,0.80
2008.05.15 17:09:01.238,1.62015,1.62025,1.90,0.80
2008.05.15 17:09:01.335,1.62015,1.62025,1.90,1.60
2008.05.15 17:09:01.431,1.62005,1.62025,2.80,1.60
2008.05.15 17:09:01.527,1.62005,1.62025,2.80,0.80
2008.05.15 17:09:01.621,1.62005,1.62025,2.70,0.80
2008.05.15 17:09:01.717,1.62005,1.62025,0.80,3.60
2008.05.15 17:09:01.945,1.6201,1.62025,0.80,8.30
2008.05.15 17:09:02.062,1.6201,1.62025,0.20,6.80
2008.05.15 17:09:02.177,1.6201,1.62025,0.20,6.40
2008.05.15 17:09:02.291,1.6201,1.62025,0.20,4.80
2008.05.15 17:09:02.517,1.6201,1.62025,0.20,5.20
2008.05.15 17:09:02.996,1.6201,1.62025,0.20,4.80
2008.05.15 17:09:03.534,1.62005,1.62025,2.70,5.20
2008.05.15 17:09:03.751,1.62005,1.6202,1.90,0.80
2008.05.15 17:09:03.988,1.62,1.6202,1.10,0.80
2008.05.15 17:09:04.191,1.62,1.6202,0.90,0.80
2008.05.15 17:09:04.435,1.62,1.6202,0.20,0.80
2008.05.15 17:09:04.715,1.61995,1.62015,6.00,2.40
2008.05.15 17:09:04.795,1.61995,1.62015,2.80,2.40
2008.05.15 17:09:05.021,1.61995,1.6201,1.90,0.50
2008.05.15 17:09:05.245,1.6199,1.6201,0.80,0.50
2008.05.15 17:09:05.472,1.61985,1.6201,2.80,1.30
2008.05.15 17:09:05.698,1.61995,1.6201,1.90,1.30
2008.05.15 17:09:08.467,1.61995,1.6201,1.90,0.80
2008.05.15 17:09:09.742,1.6199,1.6201,0.20,1.20
2008.05.15 17:09:10.344,1.6199,1.6201,0.90,1.20
2008.05.15 17:09:10.451,1.6199,1.6201,0.90,0.60
2008.05.15 17:09:10.563,1.6199,1.62015,0.90,17.00
2008.05.15 17:09:10.662,1.6199,1.62015,0.90,16.40
2008.05.15 17:09:10.739,1.6199,1.62015,0.90,7.60
2008.05.15 17:09:10.798,1.61995,1.62015,1.90,7.60
2008.05.15 17:09:10.931,1.61995,1.62015,1.90,5.20
2008.05.15 17:09:11.492,1.61995,1.62015,2.70,0.60
2008.05.15 17:09:11.657,1.61995,1.6202,2.70,0.80
2008.05.15 17:09:16.392,1.62005,1.6202,1.90,0.80
2008.05.15 17:09:16.584,1.61995,1.6202,2.70,0.80
2008.05.15 17:09:18.959,1.61995,1.6202,3.50,0.80
2008.05.15 17:09:19.176,1.62,1.6202,0.80,0.80
2008.05.15 17:09:19.289,1.62,1.6202,0.90,0.80
2008.05.15 17:09:19.393,1.62,1.62015,0.90,1.60
2008.05.15 17:09:19.490,1.62,1.6202,0.90,0.80
2008.05.15 17:09:19.584,1.62,1.6202,0.20,0.80
2008.05.15 17:09:19.759,1.61995,1.62015,2.70,2.40
2008.05.15 17:09:19.946,1.61995,1.62015,1.90,3.20
2008.05.15 17:09:20.294,1.61995,1.62015,1.90,3.60
2008.05.15 17:09:21.110,1.61995,1.62015,1.90,4.40
2008.05.15 17:09:22.229,1.61995,1.62015,2.70,4.20
2008.05.15 17:09:22.433,1.61995,1.6201,1.90,0.80
2008.05.15 17:09:23.095,1.6199,1.62005,0.90,1.60
2008.05.15 17:09:23.779,1.6199,1.62005,0.90,2.40
2008.05.15 17:09:24.282,1.6199,1.62005,0.20,3.20
2008.05.15 17:09:24.608,1.6199,1.62005,0.20,2.40
2008.05.15 17:09:29.154,1.6199,1.62005,0.20,6.40
2008.05.15 17:09:30.454,1.6199,1.62005,0.20,5.60
2008.05.15 17:09:30.534,1.6199,1.62005,0.90,5.60
2008.05.15 17:09:30.614,1.6199,1.62005,0.90,4.00
2008.05.15 17:09:30.784,1.6199,1.6201,0.90,0.60
2008.05.15 17:09:30.946,1.6199,1.6201,2.80,0.60
2008.05.15 17:09:31.054,1.61995,1.62015,1.90,13.00
2008.05.15 17:09:31.135,1.61995,1.6201,1.90,0.80
2008.05.15 17:09:31.672,1.6199,1.62015,0.90,9.00
2008.05.15 17:09:32.155,1.6199,1.6201,0.20,0.80
2008.05.15 17:09:32.505,1.6199,1.6201,0.20,1.30
2008.05.15 17:09:32.822,1.6199,1.62005,0.20,1.60
2008.05.15 17:09:32.978,1.6199,1.6201,0.20,1.30
2008.05.15 17:09:35.759,1.61985,1.62005,2.70,0.80
2008.05.15 17:09:36.452,1.61985,1.62005,2.70,2.40
2008.05.15 17:09:36.661,1.61985,1.62,1.90,1.30
2008.05.15 17:09:36.735,1.6198,1.62,0.80,1.30
2008.05.15 17:09:36.958,1.61975,1.61995,2.80,1.60
2008.05.15 17:09:37.033,1.61975,1.61995,2.80,4.00
2008.05.15 17:09:37.182,1.61975,1.6199,1.90,0.80
2008.05.15 17:09:38.938,1.61975,1.61995,2.70,2.80
2008.05.15 17:09:39.015,1.61975,1.61995,2.70,2.40
2008.05.15 17:09:43.436,1.61975,1.61995,2.70,0.80
2008.05.15 17:09:44.930,1.6198,1.62,0.20,0.80
2008.05.15 17:09:45.383,1.61985,1.62,1.90,0.80
2008.05.15 17:09:47.091,1.61985,1.62005,1.90,10.00
2008.05.15 17:09:47.205,1.61985,1.62005,1.90,7.60
2008.05.15 17:09:47.268,1.61985,1.62005,1.90,5.20
2008.05.15 17:09:47.398,1.6199,1.62005,0.20,5.20
2008.05.15 17:09:47.461,1.6199,1.62005,0.20,4.40
2008.05.15 17:09:48.023,1.6199,1.62005,0.20,0.60
2008.05.15 17:09:48.140,1.6199,1.6201,0.90,0.80
2008.05.15 17:09:48.509,1.61995,1.6201,1.90,0.80
2008.05.15 17:09:49.051,1.61995,1.62005,1.90,0.80
2008.05.15 17:09:49.242,1.6199,1.6201,0.20,0.80
2008.05.15 17:09:49.491,1.61995,1.6201,1.90,0.80
2008.05.15 17:09:50.008,1.61995,1.62015,1.90,13.20
2008.05.15 17:09:50.137,1.61995,1.62015,1.90,9.20
2008.05.15 17:09:50.267,1.61995,1.62015,1.90,8.80
2008.05.15 17:09:50.585,1.61995,1.62015,1.90,9.20
2008.05.15 17:09:50.998,1.61995,1.62015,1.90,8.40
2008.05.15 17:09:51.316,1.61995,1.62015,1.90,2.80
2008.05.15 17:09:51.446,1.61995,1.62015,1.90,2.40
2008.05.15 17:09:52.533,1.61995,1.62015,1.90,3.20
2008.05.15 17:09:52.663,1.61995,1.6201,1.90,0.50
2008.05.15 17:09:52.702,1.61995,1.62,1.90,0.80
2008.05.15 17:09:52.903,1.6198,1.61995,0.20,0.80
2008.05.15 17:09:52.932,1.6198,1.61995,0.20,0.80
2008.05.15 17:09:52.968,1.6198,1.61995,0.20,2.40
2008.05.15 17:09:53.050,1.61975,1.61995,2.00,2.40
2008.05.15 17:09:53.110,1.61975,1.6199,2.00,0.80
2008.05.15 17:09:53.202,1.61975,1.6199,1.90,0.80
2008.05.15 17:09:53.229,1.6197,1.6199,0.20,0.80
2008.05.15 17:09:53.258,1.61965,1.6199,2.70,0.80
2008.05.15 17:09:53.534,1.6197,1.6199,0.80,0.80
2008.05.15 17:09:53.815,1.6197,1.6199,0.80,1.30
2008.05.15 17:09:54.095,1.61965,1.61985,0.80,2.00
2008.05.15 17:09:54.375,1.6196,1.61985,3.00,2.80
2008.05.15 17:09:54.656,1.6196,1.61985,1.10,2.80
2008.05.15 17:09:54.808,1.6196,1.6198,0.80,0.50
2008.05.15 17:09:56.529,1.61965,1.6198,1.90,0.50
2008.05.15 17:09:56.626,1.61965,1.6198,1.90,1.30
2008.05.15 17:09:56.873,1.61965,1.6198,1.90,0.50
2008.05.15 17:09:57.612,1.61965,1.6198,2.70,0.50
2008.05.15 17:09:57.811,1.61965,1.61985,2.70,6.40
2008.05.15 17:09:57.937,1.61965,1.61985,2.70,5.60
2008.05.15 17:09:58.062,1.6197,1.61985,0.20,6.00
2008.05.15 17:09:58.561,1.6197,1.61985,0.20,5.60
2008.05.15 17:09:58.812,1.6197,1.61985,0.20,6.00
2008.05.15 17:10:03.385,1.6197,1.61985,0.20,6.80
2008.05.15 17:10:03.583,1.6196,1.61985,3.00,6.80
2008.05.15 17:10:03.604,1.61965,1.6198,1.90,0.80
2008.05.15 17:10:03.810,1.61965,1.6198,1.90,0.50
2008.05.15 17:10:04.139,1.6196,1.6198,0.80,0.50
2008.05.15 17:10:04.464,1.61955,1.6198,2.80,1.30
2008.05.15 17:10:05.564,1.6196,1.6198,0.80,0.50
2008.05.15 17:10:08.562,1.6196,1.61975,0.80,1.60
2008.05.15 17:10:08.939,1.6196,1.61975,0.80,2.00
2008.05.15 17:10:09.253,1.6196,1.61975,0.80,1.60
2008.05.15 17:10:10.038,1.6196,1.61975,0.90,1.60
2008.05.15 17:10:10.705,1.6196,1.61975,0.20,1.60
2008.05.15 17:10:10.792,1.61955,1.61975,2.70,1.60
2008.05.15 17:10:11.247,1.6196,1.61975,0.20,1.60
2008.05.15 17:10:11.384,1.6196,1.61975,0.90,1.60
2008.05.15 17:10:11.527,1.6196,1.61975,0.90,2.00
2008.05.15 17:10:11.800,1.61965,1.61975,1.90,1.60
2008.05.15 17:10:11.890,1.61965,1.6198,1.90,0.50
2008.05.15 17:10:11.959,1.61965,1.61985,1.90,10.60
2008.05.15 17:10:12.422,1.61965,1.61985,1.90,10.00
2008.05.15 17:10:12.623,1.61965,1.61985,2.70,9.20
2008.05.15 17:10:12.824,1.61965,1.61985,2.70,10.00
2008.05.15 17:10:13.051,1.61965,1.61985,1.90,10.00
2008.05.15 17:10:13.250,1.61965,1.6198,1.90,0.50
2008.05.15 17:10:13.636,1.6196,1.6198,0.80,0.50
2008.05.15 17:10:15.941,1.61955,1.6198,2.80,1.30
2008.05.15 17:10:16.157,1.6196,1.6198,0.80,0.50
2008.05.15 17:10:17.620,1.6196,1.61975,0.80,1.60
2008.05.15 17:10:20.392,1.6196,1.61975,0.80,2.40
2008.05.15 17:10:20.435,1.6196,1.6197,0.80,0.50
2008.05.15 17:10:20.653,1.61955,1.6197,2.70,0.50
2008.05.15 17:10:20.955,1.61955,1.6197,1.90,0.50
2008.05.15 17:10:21.429,1.6195,1.6197,0.80,0.50
2008.05.15 17:10:22.584,1.61955,1.6197,0.80,0.50
2008.05.15 17:10:22.732,1.61955,1.61975,0.80,2.80
2008.05.15 17:10:23.163,1.61955,1.61975,2.70,2.80
2008.05.15 17:10:23.424,1.6196,1.61975,0.80,2.80
2008.05.15 17:10:23.477,1.6196,1.61975,0.80,2.00
2008.05.15 17:10:23.527,1.61955,1.61975,2.70,2.00
2008.05.15 17:10:23.931,1.61955,1.61975,2.70,1.60
2008.05.15 17:10:24.063,1.6196,1.61975,0.80,1.60
2008.05.15 17:10:24.195,1.6196,1.6198,0.80,0.50
2008.05.15 17:10:27.704,1.6196,1.61985,0.90,15.40
2008.05.15 17:10:27.780,1.6196,1.61985,0.90,11.40
2008.05.15 17:10:27.903,1.6196,1.61985,0.90,10.80
2008.05.15 17:10:27.968,1.61965,1.61985,1.90,10.80
2008.05.15 17:10:27.998,1.61965,1.61985,1.90,14.00
2008.05.15 17:10:28.021,1.61965,1.6198,1.90,0.80
2008.05.15 17:10:28.046,1.61965,1.6198,1.90,1.30
2008.05.15 17:10:28.280,1.6196,1.6198,0.80,1.30
2008.05.15 17:10:28.413,1.6196,1.6198,0.80,0.50
2008.05.15 17:10:28.640,1.6196,1.6198,0.80,1.30
2008.05.15 17:10:28.860,1.61965,1.61975,1.90,0.60
2008.05.15 17:10:28.971,1.61965,1.6197,1.90,0.50
2008.05.15 17:10:29.081,1.61955,1.6197,1.90,0.50
2008.05.15 17:10:29.202,1.6195,1.6197,0.90,0.50
2008.05.15 17:10:29.430,1.61955,1.6197,0.80,0.50
2008.05.15 17:10:29.547,1.61955,1.61975,2.70,2.00
2008.05.15 17:10:30.727,1.61955,1.61975,2.70,0.60
2008.05.15 17:10:31.007,1.6196,1.61975,0.80,0.60
2008.05.15 17:10:31.067,1.6196,1.61975,0.80,2.00
2008.05.15 17:10:31.484,1.6196,1.61975,0.80,0.60
2008.05.15 17:10:32.687,1.61965,1.61975,0.80,0.60
2008.05.15 17:10:32.743,1.61965,1.61975,0.80,4.40
2008.05.15 17:10:33.074,1.6196,1.61975,2.70,4.40
2008.05.15 17:10:33.422,1.6196,1.61975,0.80,4.40
2008.05.15 17:10:34.676,1.6196,1.61975,0.80,0.60
2008.05.15 17:10:34.746,1.6196,1.61975,0.90,0.60
2008.05.15 17:10:34.909,1.6196,1.6198,0.90,0.60
2008.05.15 17:10:36.070,1.6196,1.6198,0.90,1.20
2008.05.15 17:10:36.186,1.6196,1.6198,0.80,1.80
2008.05.15 17:10:36.415,1.6196,1.61975,0.80,0.60
2008.05.15 17:10:38.614,1.6196,1.61975,0.80,4.40
2008.05.15 17:10:39.189,1.6196,1.61975,0.90,4.40
2008.05.15 17:10:39.242,1.6196,1.61975,0.90,0.60
2008.05.15 17:10:39.401,1.61965,1.61975,0.80,0.60
2008.05.15 17:10:39.482,1.61965,1.6198,0.80,0.60
2008.05.15 17:10:39.893,1.61965,1.6198,2.70,0.60
2008.05.15 17:10:40.023,1.6197,1.6198,0.80,0.60
2008.05.15 17:10:40.482,1.61975,1.6199,1.90,0.50
2008.05.15 17:10:41.206,1.61975,1.61995,1.90,12.40
2008.05.15 17:10:41.323,1.61975,1.61995,1.90,2.80
2008.05.15 17:10:41.578,1.61975,1.61995,2.70,2.80
2008.05.15 17:10:41.632,1.61975,1.61995,2.70,1.20
2008.05.15 17:10:41.876,1.61975,1.61995,2.70,0.60
2008.05.15 17:10:41.983,1.61975,1.62,2.70,1.30
2008.05.15 17:10:42.246,1.61975,1.62,2.70,1.80
2008.05.15 17:10:42.506,1.61985,1.62,1.90,1.00
2008.05.15 17:10:42.726,1.61985,1.62,1.90,0.60
2008.05.15 17:10:43.127,1.61985,1.61995,1.90,0.80
2008.05.15 17:10:43.529,1.61975,1.61995,1.90,0.80
2008.05.15 17:10:45.146,1.61975,1.6199,1.90,0.80
2008.05.15 17:10:45.446,1.61975,1.61995,1.90,2.40
2008.05.15 17:10:49.371,1.61975,1.61995,2.70,1.60
2008.05.15 17:10:54.964,1.61975,1.61995,2.70,2.40
2008.05.15 17:10:55.068,1.61975,1.61995,1.90,2.40
2008.05.15 17:10:55.158,1.61975,1.6199,1.90,0.50
2008.05.15 17:10:55.171,1.61975,1.6199,1.90,1.30
2008.05.15 17:10:56.412,1.61975,1.6199,1.90,0.50
2008.05.15 17:10:58.557,1.61975,1.61995,1.90,2.80
2008.05.15 17:10:58.643,1.61975,1.61995,2.70,2.00
2008.05.15 17:10:58.811,1.61975,1.61995,2.70,1.60
2008.05.15 17:10:59.071,1.6198,1.62,0.20,0.80
2008.05.15 17:10:59.156,1.6198,1.62005,0.90,14.00
2008.05.15 17:10:59.240,1.6198,1.62005,0.90,12.40
2008.05.15 17:10:59.326,1.61985,1.62005,1.90,12.40
2008.05.15 17:11:00.515,1.61985,1.62005,1.90,15.60
2008.05.15 17:11:00.800,1.61985,1.62,1.90,0.50
2008.05.15 17:11:01.432,1.61985,1.62,1.90,1.30
2008.05.15 17:11:01.522,1.6198,1.61995,0.80,1.60
2008.05.15 17:11:01.702,1.6198,1.62,0.80,1.30
2008.05.15 17:11:02.103,1.61985,1.62,1.90,0.50
2008.05.15 17:11:02.299,1.61985,1.62005,1.90,12.40
2008.05.15 17:11:02.494,1.61985,1.62005,2.70,12.40
2008.05.15 17:11:02.883,1.61985,1.62005,1.90,12.40
2008.05.15 17:11:03.017,1.61985,1.62,1.90,0.50
2008.05.15 17:11:03.821,1.61985,1.62005,1.90,15.60
2008.05.15 17:11:03.957,1.61985,1.62005,2.70,12.40
2008.05.15 17:11:04.552,1.61985,1.62,1.90,0.50
2008.05.15 17:11:05.375,1.61985,1.62005,1.90,12.40
2008.05.15 17:11:05.575,1.61985,1.62005,2.70,10.80
2008.05.15 17:11:06.241,1.61985,1.62005,2.70,12.40
2008.05.15 17:11:07.228,1.61985,1.62,1.90,0.50
2008.05.15 17:11:07.951,1.61985,1.62,2.70,0.50
2008.05.15 17:11:08.111,1.61985,1.62005,2.70,12.40
2008.05.15 17:11:10.221,1.61985,1.62005,2.70,15.60
2008.05.15 17:11:10.351,1.61985,1.62,1.90,1.30
2008.05.15 17:11:10.998,1.6198,1.62,0.80,0.50
2008.05.15 17:11:11.662,1.6198,1.62005,0.90,15.60
2008.05.15 17:11:11.812,1.61985,1.62005,0.80,11.60
2008.05.15 17:11:11.952,1.6199,1.62005,0.80,11.60
2008.05.15 17:11:12.093,1.6199,1.62005,0.80,4.40
2008.05.15 17:11:12.268,1.6199,1.62005,0.90,4.40
2008.05.15 17:11:12.443,1.61995,1.62005,2.40,4.40
2008.05.15 17:11:12.620,1.61995,1.62005,2.40,0.60
2008.05.15 17:11:12.795,1.61995,1.62015,3.60,4.80
2008.05.15 17:11:12.971,1.62,1.6202,0.90,1.20
2008.05.15 17:11:13.146,1.62,1.6202,0.90,0.60
2008.05.15 17:11:13.370,1.62,1.62025,0.90,6.80
2008.05.15 17:11:13.606,1.62005,1.62025,0.80,6.00
2008.05.15 17:11:13.833,1.6201,1.62025,0.80,6.00
2008.05.15 17:11:14.283,1.62005,1.62025,2.70,6.00
2008.05.15 17:11:14.830,1.6201,1.62025,0.80,6.00
2008.05.15 17:11:15.010,1.62005,1.62025,2.70,6.00
2008.05.15 17:11:16.876,1.62005,1.62025,1.90,6.80
2008.05.15 17:11:17.089,1.6201,1.62025,0.80,6.00
2008.05.15 17:11:17.581,1.6201,1.62025,0.20,4.00
2008.05.15 17:11:17.850,1.6201,1.62025,2.00,4.00
2008.05.15 17:11:17.980,1.6202,1.62025,0.80,4.00
2008.05.15 17:11:18.111,1.6202,1.62035,0.80,4.00
2008.05.15 17:11:18.241,1.6202,1.62045,0.90,11.40
2008.05.15 17:11:18.610,1.6202,1.62045,0.90,10.00
2008.05.15 17:11:19.359,1.62025,1.62045,0.80,9.20
2008.05.15 17:11:19.456,1.6202,1.62045,0.90,10.00
2008.05.15 17:11:19.577,1.62025,1.62045,1.90,10.00
2008.05.15 17:11:20.217,1.6203,1.62045,0.20,10.00
2008.05.15 17:11:20.303,1.6203,1.62045,0.20,9.60
2008.05.15 17:11:20.663,1.6203,1.62045,0.20,8.80
2008.05.15 17:11:21.648,1.6203,1.62045,0.90,8.80
2008.05.15 17:11:21.712,1.6203,1.62045,0.90,4.00
2008.05.15 17:11:21.777,1.6203,1.62045,0.90,2.40
2008.05.15 17:11:21.842,1.6203,1.6205,0.90,0.60
2008.05.15 17:11:21.920,1.62035,1.6205,0.80,0.60
2008.05.15 17:11:22.113,1.62035,1.62055,0.80,6.00
2008.05.15 17:11:22.178,1.6204,1.62055,0.80,6.00
2008.05.15 17:11:22.311,1.6204,1.62055,0.80,5.60
2008.05.15 17:11:22.451,1.62035,1.62055,2.70,5.60
2008.05.15 17:11:22.515,1.62035,1.62055,1.90,6.40
2008.05.15 17:11:22.579,1.62035,1.62055,1.90,3.20
2008.05.15 17:11:22.810,1.62035,1.62045,1.90,1.60
2008.05.15 17:11:23.249,1.6203,1.62045,0.80,2.00
2008.05.15 17:11:23.468,1.62025,1.62045,0.80,2.00
2008.05.15 17:11:24.448,1.6203,1.62045,0.80,2.00
2008.05.15 17:11:24.648,1.62025,1.62045,0.80,2.00
2008.05.15 17:11:24.752,1.62025,1.62045,2.70,1.60
2008.05.15 17:11:24.922,1.62025,1.62045,2.70,2.40
2008.05.15 17:11:25.092,1.62025,1.62045,0.80,2.80
2008.05.15 17:11:25.263,1.6202,1.62035,0.90,1.60
2008.05.15 17:11:25.434,1.62015,1.62035,2.70,1.60
2008.05.15 17:11:26.549,1.62015,1.62035,2.70,2.40
2008.05.15 17:11:26.744,1.6201,1.6203,2.70,1.30
2008.05.15 17:11:26.940,1.62005,1.6203,2.80,1.30
2008.05.15 17:11:27.044,1.6201,1.6203,0.80,0.50
2008.05.15 17:11:27.943,1.6201,1.62025,0.80,1.60
2008.05.15 17:11:28.504,1.62005,1.62025,2.70,1.60
2008.05.15 17:11:30.166,1.62005,1.62025,2.70,2.40
2008.05.15 17:11:30.455,1.62005,1.62025,1.90,2.40
2008.05.15 17:11:30.748,1.62,1.62025,0.80,2.80
2008.05.15 17:11:30.893,1.62,1.6202,0.80,0.80
2008.05.15 17:11:31.080,1.62005,1.62025,0.80,3.60
2008.05.15 17:11:31.266,1.62005,1.62025,2.70,2.40
2008.05.15 17:11:31.636,1.62005,1.62025,2.70,1.60
2008.05.15 17:11:32.492,1.62005,1.62025,2.70,2.40
2008.05.15 17:11:33.337,1.62005,1.62025,2.70,2.90
2008.05.15 17:11:33.396,1.62005,1.62025,1.90,2.90
2008.05.15 17:11:33.574,1.62005,1.62025,1.90,2.40
2008.05.15 17:11:33.752,1.62,1.62025,0.80,2.80
2008.05.15 17:11:34.198,1.62,1.62025,0.80,3.60
2008.05.15 17:11:34.482,1.62,1.62025,0.80,4.20
2008.05.15 17:11:34.823,1.61995,1.6202,2.70,0.80
2008.05.15 17:11:34.954,1.62,1.62025,0.80,4.20
2008.05.15 17:11:35.165,1.62,1.6202,0.80,0.50
2008.05.15 17:11:35.488,1.62,1.62015,0.80,0.80
2008.05.15 17:11:37.400,1.61995,1.62015,2.70,0.80
2008.05.15 17:11:37.606,1.61995,1.62015,2.70,1.60
2008.05.15 17:11:37.745,1.61995,1.62015,2.70,2.40
2008.05.15 17:11:38.167,1.61995,1.62015,1.90,2.80
2008.05.15 17:11:38.317,1.61995,1.6201,1.90,0.50
2008.05.15 17:11:38.590,1.61995,1.6201,2.70,0.50
2008.05.15 17:11:39.009,1.61995,1.6201,1.90,0.50
2008.05.15 17:11:40.369,1.6199,1.6201,0.80,0.50
2008.05.15 17:11:41.880,1.6199,1.6201,0.80,1.30
2008.05.15 17:11:42.413,1.61985,1.6201,2.70,1.30
2008.05.15 17:11:42.497,1.61985,1.62005,2.70,1.60
2008.05.15 17:11:42.622,1.61985,1.62005,2.70,1.20
2008.05.15 17:11:43.485,1.6199,1.62005,0.80,1.20
2008.05.15 17:11:45.198,1.6199,1.62005,0.80,2.00
2008.05.15 17:11:45.396,1.6199,1.62005,0.80,1.20
2008.05.15 17:11:45.507,1.61985,1.62,2.70,0.50
2008.05.15 17:11:45.705,1.61985,1.62,0.80,0.50
2008.05.15 17:11:45.958,1.61985,1.62,2.70,0.50
2008.05.15 17:11:46.504,1.61985,1.62,1.90,0.50
2008.05.15 17:11:46.990,1.6198,1.62,0.90,0.50
2008.05.15 17:11:47.167,1.6198,1.62,0.80,0.50
2008.05.15 17:11:51.468,1.61985,1.62,0.80,0.50
2008.05.15 17:11:51.714,1.61985,1.62005,2.70,7.60
2008.05.15 17:11:51.758,1.61985,1.62005,2.70,0.60
2008.05.15 17:11:51.867,1.61985,1.6201,2.70,1.30
2008.05.15 17:11:56.036,1.6199,1.6201,0.80,1.30
2008.05.15 17:11:56.105,1.6199,1.6201,0.80,0.50
2008.05.15 17:11:57.279,1.6199,1.62015,0.90,12.00
2008.05.15 17:11:57.375,1.6199,1.62015,2.80,12.00
2008.05.15 17:11:57.455,1.61995,1.62015,0.80,11.20
2008.05.15 17:11:57.547,1.6199,1.62015,2.80,12.00
2008.05.15 17:11:57.761,1.6199,1.6201,2.70,0.50
2008.05.15 17:11:57.895,1.61995,1.6201,1.90,0.50
2008.05.15 17:11:58.031,1.61995,1.62015,2.80,0.60
2008.05.15 17:11:58.176,1.62,1.62015,0.80,0.60
2008.05.15 17:11:58.301,1.62,1.62025,0.80,8.00
2008.05.15 17:11:58.704,1.62005,1.62025,0.80,7.20
2008.05.15 17:11:58.929,1.62005,1.62025,2.70,4.80
2008.05.15 17:11:59.641,1.62005,1.6202,1.90,0.80
2008.05.15 17:12:00.020,1.61995,1.6202,2.70,0.80
2008.05.15 17:12:00.232,1.61995,1.62015,2.70,1.20
2008.05.15 17:12:00.700,1.61995,1.62015,2.70,2.00
2008.05.15 17:12:01.038,1.61995,1.62015,0.80,2.40
2008.05.15 17:12:02.092,1.61995,1.62015,0.80,1.20
2008.05.15 17:12:02.147,1.6199,1.62015,1.10,1.20
2008.05.15 17:12:02.256,1.61995,1.62015,1.90,1.20
2008.05.15 17:12:02.459,1.61995,1.62015,2.70,1.20
2008.05.15 17:12:02.623,1.61995,1.62015,2.70,0.60
2008.05.15 17:12:02.731,1.61995,1.6202,2.70,0.80
2008.05.15 17:12:02.838,1.61995,1.6202,2.80,0.80
2008.05.15 17:12:07.424,1.62005,1.62025,0.80,12.00
2008.05.15 17:12:07.486,1.62005,1.62025,0.80,5.60
2008.05.15 17:12:07.540,1.62005,1.62025,0.80,3.60
2008.05.15 17:12:07.597,1.62005,1.62025,2.70,3.60
2008.05.15 17:12:07.705,1.62005,1.62025,2.70,1.20
2008.05.15 17:12:07.846,1.62005,1.62025,2.70,0.80
2008.05.15 17:12:07.986,1.6201,1.6203,0.80,1.00
2008.05.15 17:12:08.126,1.6201,1.6203,0.80,0.50
2008.05.15 17:12:08.414,1.62015,1.6203,1.90,0.50
2008.05.15 17:12:08.960,1.62015,1.62025,1.90,0.80
2008.05.15 17:12:09.209,1.62005,1.62025,2.70,0.80
2008.05.15 17:12:09.334,1.62005,1.62025,2.70,2.00
2008.05.15 17:12:09.460,1.62005,1.62025,2.70,1.20
2008.05.15 17:12:09.742,1.62005,1.6203,2.70,1.30
2008.05.15 17:12:11.252,1.6201,1.6203,0.80,0.50
2008.05.15 17:12:11.373,1.62015,1.6203,0.80,0.50
2008.05.15 17:12:11.480,1.62015,1.62035,0.80,14.20
2008.05.15 17:12:11.551,1.62015,1.62035,0.80,10.20
2008.05.15 17:12:11.678,1.62015,1.62035,1.90,9.60
2008.05.15 17:12:11.914,1.62015,1.62035,1.90,10.20
2008.05.15 17:12:12.031,1.62015,1.62035,2.70,9.40
2008.05.15 17:12:12.239,1.62015,1.62035,2.70,8.80
2008.05.15 17:12:12.905,1.62015,1.62035,2.70,7.60
2008.05.15 17:12:13.190,1.62015,1.62035,2.70,5.20
2008.05.15 17:12:13.476,1.62015,1.62035,2.70,4.40
2008.05.15 17:12:13.566,1.62025,1.62035,0.80,0.60
2008.05.15 17:12:13.745,1.62025,1.62045,2.70,5.60
2008.05.15 17:12:13.935,1.62025,1.62045,2.70,1.60
2008.05.15 17:12:14.037,1.62025,1.62045,2.70,0.60
2008.05.15 17:12:14.194,1.62025,1.62045,1.90,1.20
2008.05.15 17:12:14.372,1.62025,1.62045,2.70,0.60
2008.05.15 17:12:14.463,1.62025,1.6205,2.70,1.20
2008.05.15 17:12:14.763,1.62025,1.6205,2.80,0.80
2008.05.15 17:12:17.236,1.62025,1.6205,2.70,0.80
2008.05.15 17:12:17.631,1.62025,1.62045,2.70,0.80
2008.05.15 17:12:17.736,1.62025,1.62045,2.70,1.20
2008.05.15 17:12:20.077,1.62025,1.6205,2.70,0.80
2008.05.15 17:12:20.142,1.62025,1.62045,2.70,1.20
2008.05.15 17:12:23.239,1.62025,1.62045,2.70,2.00
2008.05.15 17:12:23.443,1.62025,1.6204,1.90,0.80
2008.05.15 17:12:23.901,1.6202,1.6204,0.80,1.30
2008.05.15 17:12:24.052,1.6202,1.62035,0.80,1.20
2008.05.15 17:12:24.499,1.62015,1.62035,2.70,1.20
2008.05.15 17:12:24.741,1.62015,1.62035,2.70,2.00
2008.05.15 17:12:24.856,1.62015,1.62035,2.70,2.40
2008.05.15 17:12:24.970,1.62015,1.62035,2.70,1.60
2008.05.15 17:12:27.417,1.6202,1.62035,0.80,1.60
2008.05.15 17:12:27.457,1.6202,1.62035,0.90,1.60
2008.05.15 17:12:27.790,1.6202,1.62035,0.90,1.20
2008.05.15 17:12:28.409,1.6202,1.6204,0.90,0.60
2008.05.15 17:12:28.523,1.6202,1.62035,0.90,1.20
2008.05.15 17:12:28.743,1.62015,1.62035,5.90,2.80
2008.05.15 17:12:28.857,1.62015,1.62035,2.70,2.80
2008.05.15 17:12:28.963,1.62015,1.6203,1.90,1.30
2008.05.15 17:12:29.070,1.62015,1.62025,1.90,1.20
2008.05.15 17:12:29.278,1.62005,1.62025,2.70,1.20
2008.05.15 17:12:29.486,1.62005,1.62025,2.70,2.00
2008.05.15 17:12:29.591,1.62005,1.62025,1.90,2.00
2008.05.15 17:12:30.635,1.62005,1.6202,1.90,0.80
2008.05.15 17:12:31.191,1.62005,1.62015,1.90,0.80
2008.05.15 17:12:31.300,1.61995,1.62015,2.70,0.80
2008.05.15 17:12:31.529,1.61995,1.6202,2.70,0.80
2008.05.15 17:12:32.908,1.61995,1.62015,2.70,0.80
2008.05.15 17:12:33.970,1.61995,1.6202,2.70,0.80
2008.05.15 17:12:34.581,1.61995,1.62015,2.70,0.80
2008.05.15 17:12:37.748,1.61995,1.62015,2.70,1.60
2008.05.15 17:12:37.844,1.61995,1.62015,2.70,2.00
2008.05.15 17:12:39.143,1.61995,1.62015,1.90,2.00
2008.05.15 17:12:39.185,1.61995,1.6201,1.90,0.50
2008.05.15 17:12:39.392,1.61995,1.6201,1.90,1.00
2008.05.15 17:12:39.423,1.61995,1.62,1.90,0.50
2008.05.15 17:12:39.482,1.61995,1.62,1.90,1.30
2008.05.15 17:12:39.605,1.61985,1.62,1.90,1.30
2008.05.15 17:12:39.807,1.6198,1.62,0.80,1.30
2008.05.15 17:12:41.180,1.6198,1.62,0.80,0.50
2008.05.15 17:12:41.330,1.61985,1.62,1.90,0.50
2008.05.15 17:12:41.937,1.61985,1.62,1.90,1.30
2008.05.15 17:12:42.478,1.61985,1.62,1.90,0.50
2008.05.15 17:12:45.154,1.61985,1.62,1.90,1.30
2008.05.15 17:12:45.432,1.61975,1.62,2.70,1.30
2008.05.15 17:12:45.600,1.61975,1.61995,2.70,1.20
2008.05.15 17:12:46.957,1.61975,1.62,2.70,1.30
2008.05.15 17:12:48.010,1.6198,1.62,0.80,0.50
2008.05.15 17:12:51.481,1.61975,1.62,2.80,1.30
2008.05.15 17:12:52.425,1.6198,1.62,0.20,0.80
2008.05.15 17:12:52.644,1.61985,1.62005,0.80,10.20
2008.05.15 17:12:52.845,1.61985,1.62005,2.70,10.20
2008.05.15 17:12:52.941,1.61985,1.62005,2.70,9.40
2008.05.15 17:12:52.962,1.61985,1.62005,2.70,8.20
2008.05.15 17:12:53.076,1.6199,1.62005,0.80,8.20
2008.05.15 17:12:53.085,1.6199,1.62005,0.80,7.70
2008.05.15 17:12:53.266,1.6199,1.62005,0.80,8.20
2008.05.15 17:12:53.824,1.6199,1.62005,0.80,7.60
2008.05.15 17:12:56.264,1.6199,1.62005,0.80,8.80
2008.05.15 17:12:56.487,1.61985,1.62005,2.70,8.80
2008.05.15 17:12:57.101,1.61985,1.62,1.90,0.80
2008.05.15 17:12:57.301,1.61985,1.62,1.90,1.30
2008.05.15 17:12:57.401,1.6198,1.62,0.80,1.30
2008.05.15 17:12:57.613,1.61975,1.62,2.80,1.30
2008.05.15 17:12:57.714,1.61975,1.61995,2.70,1.20
2008.05.15 17:12:57.923,1.61975,1.61995,0.80,1.60
2008.05.15 17:12:58.123,1.61975,1.61995,0.80,3.20
2008.05.15 17:12:58.324,1.6197,1.61985,0.80,1.20
2008.05.15 17:13:00.019,1.61975,1.61985,1.90,1.20
2008.05.15 17:13:01.415,1.6197,1.61985,0.80,1.20
2008.05.15 17:13:01.882,1.61975,1.61985,0.80,1.20
2008.05.15 17:13:02.191,1.6197,1.61985,0.80,0.60
2008.05.15 17:13:02.518,1.61975,1.61985,0.80,0.60
2008.05.15 17:13:02.736,1.61975,1.61995,0.80,5.60
2008.05.15 17:13:02.901,1.6197,1.6199,0.80,0.80
2008.05.15 17:13:03.016,1.61975,1.61995,1.90,6.40
2008.05.15 17:13:03.127,1.61975,1.61995,3.50,4.40
2008.05.15 17:13:03.542,1.6198,1.61995,0.80,0.60
2008.05.15 17:13:03.666,1.61985,1.61995,0.80,0.60
2008.05.15 17:13:03.801,1.61985,1.62,1.60,1.00
2008.05.15 17:13:04.071,1.61995,1.62005,0.80,4.40
2008.05.15 17:13:04.216,1.61995,1.62005,0.80,4.00
2008.05.15 17:13:04.687,1.62,1.62015,0.80,9.60
2008.05.15 17:13:04.928,1.62,1.62015,0.80,5.60
2008.05.15 17:13:05.177,1.61995,1.62015,2.70,5.60
2008.05.15 17:13:05.338,1.61995,1.62015,2.70,9.60
2008.05.15 17:13:05.499,1.61995,1.62015,2.70,8.80
2008.05.15 17:13:05.659,1.62,1.62015,0.80,8.80
2008.05.15 17:13:06.654,1.62005,1.62015,0.80,8.80
2008.05.15 17:13:06.860,1.62005,1.62015,0.80,7.60
2008.05.15 17:13:07.068,1.62,1.62015,0.80,4.40
2008.05.15 17:13:07.692,1.61995,1.62015,2.70,4.40
2008.05.15 17:13:07.897,1.61995,1.62015,2.70,5.60
2008.05.15 17:13:08.681,1.61995,1.62015,1.90,6.40
2008.05.15 17:13:08.792,1.61995,1.6201,1.90,0.50
2008.05.15 17:13:09.698,1.61995,1.62015,1.90,12.80
2008.05.15 17:13:09.743,1.61995,1.62015,1.90,9.60
2008.05.15 17:13:09.962,1.61995,1.62015,2.70,8.80
2008.05.15 17:13:10.731,1.61995,1.62015,2.70,12.00
2008.05.15 17:13:10.861,1.61995,1.6201,2.70,0.50
2008.05.15 17:13:11.534,1.61995,1.62015,2.70,8.80
2008.05.15 17:13:11.673,1.61995,1.62015,2.70,5.60
2008.05.15 17:13:11.942,1.61995,1.6201,1.90,0.80
2008.05.15 17:13:12.166,1.61985,1.6201,2.80,1.30
2008.05.15 17:13:12.334,1.61985,1.62005,2.70,1.20
2008.05.15 17:13:13.517,1.61995,1.62005,1.90,2.00
2008.05.15 17:13:13.723,1.61985,1.62005,2.70,2.00
2008.05.15 17:13:13.928,1.6199,1.62005,0.80,1.20
2008.05.15 17:13:14.337,1.6199,1.6201,0.80,0.50
2008.05.15 17:13:14.533,1.61995,1.6201,2.70,0.50
2008.05.15 17:13:15.435,1.61995,1.6201,1.90,0.50
2008.05.15 17:13:15.656,1.6199,1.6201,0.80,0.50
2008.05.15 17:13:15.877,1.61995,1.6201,0.80,0.50
2008.05.15 17:13:16.916,1.62,1.6201,0.80,0.50
2008.05.15 17:13:17.276,1.61995,1.6201,0.80,0.50
2008.05.15 17:13:17.459,1.61995,1.6201,1.90,0.50
2008.05.15 17:13:17.627,1.61995,1.6201,2.70,0.50
2008.05.15 17:13:17.999,1.61995,1.62015,2.70,14.40
2008.05.15 17:13:18.076,1.61995,1.62015,2.70,11.20
2008.05.15 17:13:19.107,1.61995,1.62015,1.90,12.00
2008.05.15 17:13:19.302,1.61995,1.6201,1.90,0.50
2008.05.15 17:13:19.591,1.61995,1.6201,2.70,0.50
2008.05.15 17:13:20.363,1.62,1.6201,0.80,0.50
2008.05.15 17:13:20.552,1.62,1.62015,0.80,4.40
2008.05.15 17:13:21.928,1.62,1.62015,0.80,5.60
2008.05.15 17:13:21.997,1.61995,1.62015,2.70,6.40
2008.05.15 17:13:22.037,1.61995,1.62015,0.80,6.40
2008.05.15 17:13:22.142,1.61995,1.62015,0.80,7.20
2008.05.15 17:13:22.407,1.6199,1.62015,0.90,7.20
2008.05.15 17:13:22.451,1.6199,1.6201,0.80,0.50
2008.05.15 17:13:24.178,1.61995,1.6201,0.80,0.50
2008.05.15 17:13:25.091,1.61995,1.6201,2.70,0.50
2008.05.15 17:13:25.878,1.61995,1.6201,0.80,0.50
2008.05.15 17:13:26.193,1.6199,1.6201,0.80,0.50
2008.05.15 17:13:26.521,1.6199,1.6201,0.80,1.30
2008.05.15 17:13:27.593,1.6199,1.6201,0.80,0.50
2008.05.15 17:13:28.959,1.6199,1.6201,0.80,1.30
2008.05.15 17:13:29.196,1.6199,1.6201,0.80,0.50
2008.05.15 17:13:29.396,1.61995,1.6201,0.80,0.50
2008.05.15 17:13:29.500,1.61995,1.62015,0.80,6.40
2008.05.15 17:13:29.700,1.6199,1.62015,0.90,6.40
2008.05.15 17:13:29.799,1.6199,1.62015,0.90,7.00
2008.05.15 17:13:29.909,1.6199,1.6201,0.90,0.80
2008.05.15 17:13:30.011,1.6199,1.62005,0.80,1.20
2008.05.15 17:13:30.111,1.61985,1.62005,2.70,1.20
2008.05.15 17:13:30.491,1.61985,1.62005,1.90,5.20
2008.05.15 17:13:30.681,1.6198,1.62,0.80,0.50
2008.05.15 17:13:30.872,1.61975,1.62,2.70,1.30
2008.05.15 17:13:31.063,1.61975,1.61995,0.80,0.60
2008.05.15 17:13:31.253,1.61975,1.61995,0.80,1.60
2008.05.15 17:13:31.471,1.61975,1.61995,2.70,1.20
2008.05.15 17:13:31.582,1.61975,1.62,3.50,1.30
2008.05.15 17:13:31.692,1.6198,1.62,0.80,0.50
2008.05.15 17:13:31.910,1.61985,1.62,0.80,0.50
2008.05.15 17:13:32.022,1.6199,1.62,0.80,0.50
2008.05.15 17:13:32.132,1.6199,1.62005,0.80,1.60
2008.05.15 17:13:32.292,1.61985,1.62005,2.70,1.20
2008.05.15 17:13:32.612,1.6199,1.62005,0.80,1.20
2008.05.15 17:13:33.460,1.6199,1.62005,0.80,0.50
2008.05.15 17:13:33.984,1.6199,1.6201,0.80,0.50
2008.05.15 17:13:34.193,1.6199,1.6201,0.80,1.30
2008.05.15 17:13:34.357,1.6199,1.6201,0.80,0.50
2008.05.15 17:13:34.457,1.61995,1.62015,0.80,1.60
2008.05.15 17:13:34.506,1.61995,1.62015,2.70,1.60
2008.05.15 17:13:35.032,1.61995,1.62015,2.70,2.40
2008.05.15 17:13:35.215,1.61995,1.62015,1.90,2.40
2008.05.15 17:13:35.394,1.61995,1.6201,1.90,0.50
2008.05.15 17:13:35.524,1.6199,1.6201,0.80,1.30
2008.05.15 17:13:35.983,1.61995,1.6201,1.90,1.30
2008.05.15 17:13:37.270,1.61995,1.62005,1.90,2.00
2008.05.15 17:13:37.394,1.61995,1.62,1.90,0.80
2008.05.15 17:13:37.474,1.61995,1.62,1.90,0.50
2008.05.15 17:13:37.550,1.61985,1.62,1.90,0.50
2008.05.15 17:13:37.699,1.61985,1.62,1.90,1.30
2008.05.15 17:13:37.796,1.6198,1.62,0.80,1.30
2008.05.15 17:13:38.029,1.61975,1.62,2.80,1.30
2008.05.15 17:13:38.906,1.61975,1.61995,2.80,0.80
2008.05.15 17:13:39.294,1.61975,1.61995,2.70,1.20
2008.05.15 17:13:39.488,1.61975,1.61995,2.70,0.80
2008.05.15 17:13:39.649,1.6198,1.61995,0.80,0.80
2008.05.15 17:13:39.968,1.61975,1.61995,2.80,0.80
2008.05.15 17:13:40.127,1.61975,1.61995,2.70,1.60
2008.05.15 17:13:40.445,1.61975,1.61995,0.80,1.60
2008.05.15 17:13:42.291,1.61975,1.61995,0.80,0.80
2008.05.15 17:13:42.503,1.61975,1.61995,0.80,0.60
2008.05.15 17:13:42.573,1.61975,1.61995,2.70,0.60
2008.05.15 17:13:42.825,1.61975,1.62,2.70,1.30
2008.05.15 17:13:42.867,1.61975,1.61995,2.70,0.80
2008.05.15 17:13:43.009,1.61975,1.61995,2.70,2.00
2008.05.15 17:13:43.187,1.61975,1.61995,1.90,2.00
2008.05.15 17:13:43.231,1.61975,1.61995,1.90,2.00
2008.05.15 17:13:43.329,1.6197,1.61995,0.90,2.50
2008.05.15 17:13:43.374,1.6197,1.6199,0.80,0.50
2008.05.15 17:13:43.418,1.61965,1.6199,6.80,1.30
2008.05.15 17:13:43.463,1.61965,1.61985,6.00,0.80
2008.05.15 17:13:43.509,1.61965,1.61985,5.90,0.80
2008.05.15 17:13:43.552,1.61965,1.61985,2.70,0.80
2008.05.15 17:13:43.605,1.61965,1.61985,1.90,1.60
2008.05.15 17:13:43.831,1.61965,1.6198,1.90,0.50
2008.05.15 17:13:44.058,1.61965,1.6198,0.80,0.50
2008.05.15 17:13:44.283,1.61965,1.61985,0.80,0.80
2008.05.15 17:13:44.732,1.61965,1.61985,2.70,1.20
2008.05.15 17:13:44.956,1.61965,1.61985,2.70,0.50
2008.05.15 17:13:46.512,1.61965,1.6199,2.70,1.30
2008.05.15 17:13:48.163,1.6197,1.6199,0.80,0.50
2008.05.15 17:13:48.452,1.61975,1.6199,1.90,0.50
2008.05.15 17:13:48.473,1.61975,1.6199,1.90,1.30
2008.05.15 17:13:49.602,1.61975,1.6199,1.90,0.50
2008.05.15 17:13:49.999,1.6197,1.6199,0.80,0.50
2008.05.15 17:13:50.693,1.61975,1.6199,0.80,0.50
2008.05.15 17:13:51.015,1.61975,1.6199,2.70,0.50
2008.05.15 17:13:51.273,1.61975,1.61995,2.70,0.50
2008.05.15 17:13:51.529,1.6198,1.61995,0.80,0.50
2008.05.15 17:13:51.636,1.6198,1.62,0.80,1.00
2008.05.15 17:13:52.054,1.6198,1.62005,2.80,12.10
2008.05.15 17:13:52.194,1.6198,1.62005,2.80,12.70
2008.05.15 17:13:52.335,1.6198,1.62005,0.90,12.10
2008.05.15 17:13:52.612,1.61985,1.62005,2.70,12.00
2008.05.15 17:13:52.752,1.61985,1.62005,2.70,11.20
2008.05.15 17:13:52.915,1.61985,1.62005,2.70,10.40
2008.05.15 17:13:53.044,1.61985,1.62005,2.70,3.60
2008.05.15 17:13:53.185,1.61985,1.62005,2.70,1.20
2008.05.15 17:13:54.883,1.6199,1.62015,0.80,11.20
2008.05.15 17:13:54.936,1.61995,1.62015,0.80,8.00
2008.05.15 17:13:54.975,1.61995,1.62015,0.80,4.40
2008.05.15 17:13:55.015,1.61995,1.62015,0.80,0.60
2008.05.15 17:13:55.094,1.61995,1.6202,2.70,1.20
2008.05.15 17:13:55.135,1.62,1.6202,0.80,0.60
2008.05.15 17:13:55.268,1.62,1.62025,0.80,18.50
