2011.09.23 07:00:00.511,1.032,1.03217,1.13,1.50
2011.09.23 07:00:00.766,1.03201,1.03217,1.88,1.62
2011.09.23 07:00:00.889,1.03197,1.03215,1.88,1.50
2011.09.23 07:00:01.155,1.03194,1.0321,1.13,1.62
2011.09.23 07:00:01.731,1.03193,1.0321,1.88,2.37
2011.09.23 07:00:02.135,1.0319,1.03208,1.88,2.63
2011.09.23 07:00:02.271,1.03188,1.03206,1.13,1.50
2011.09.23 07:00:02.870,1.03188,1.03206,1.13,1.62
2011.09.23 07:00:03.234,1.03188,1.03206,1.13,1.25
2011.09.23 07:00:04.566,1.03188,1.03206,2.69,1.25
2011.09.23 07:00:05.158,1.03188,1.03206,2.63,1.25
2011.09.23 07:00:05.754,1.03188,1.03207,3.00,1.50
2011.09.23 07:00:06.993,1.03186,1.03206,1.13,1.62
2011.09.23 07:00:07.124,1.03186,1.03206,1.13,1.62
2011.09.23 07:00:07.363,1.03187,1.03203,2.25,1.50
2011.09.23 07:00:08.117,1.03187,1.03205,2.25,1.88
2011.09.23 07:00:09.082,1.03185,1.03204,3.00,1.62
2011.09.23 07:00:09.454,1.03187,1.03202,1.88,3.12
2011.09.23 07:00:10.056,1.03187,1.03202,1.88,1.25
2011.09.23 07:00:10.655,1.03187,1.03202,1.88,1.62
2011.09.23 07:00:12.089,1.03188,1.03204,1.13,1.50
2011.09.23 07:00:12.334,1.03191,1.03208,2.63,1.50
2011.09.23 07:00:12.695,1.03191,1.03209,2.63,2.37
2011.09.23 07:00:13.295,1.03191,1.03211,2.63,2.75
2011.09.23 07:00:13.888,1.03192,1.03211,3.00,1.62
2011.09.23 07:00:14.869,1.03194,1.03211,1.13,1.62
2011.09.23 07:00:15.487,1.03192,1.03211,3.23,3.87
2011.09.23 07:00:16.303,1.03192,1.03211,3.23,3.12
2011.09.23 07:00:19.836,1.03194,1.03211,2.48,1.62
2011.09.23 07:00:20.075,1.03195,1.03213,2.10,1.25
2011.09.23 07:00:21.751,1.03196,1.03214,1.88,2.00
2011.09.23 07:00:22.337,1.03197,1.03214,2.25,1.62
2011.09.23 07:00:22.698,1.03198,1.03215,1.13,1.88
2011.09.23 07:00:22.945,1.03197,1.03215,2.63,1.88
2011.09.23 07:00:23.992,1.03198,1.03214,1.13,1.50
2011.09.23 07:00:24.593,1.03197,1.03213,3.00,1.50
2011.09.23 07:00:26.860,1.03208,1.03224,1.88,1.88
2011.09.23 07:00:27.229,1.0321,1.03225,1.50,1.88
2011.09.23 07:00:27.370,1.03205,1.03219,1.53,1.88
2011.09.23 07:00:27.868,1.03203,1.03217,1.88,1.50
2011.09.23 07:00:28.241,1.03203,1.03217,1.13,1.50
2011.09.23 07:00:28.791,1.03198,1.03215,1.13,4.25
2011.09.23 07:00:28.945,1.03198,1.03214,1.54,2.37
2011.09.23 07:00:29.310,1.032,1.03214,1.50,1.62
2011.09.23 07:00:31.605,1.032,1.03215,2.25,1.50
2011.09.23 07:00:32.319,1.03202,1.03215,1.50,1.50
2011.09.23 07:00:32.828,1.03199,1.03215,2.25,1.50
2011.09.23 07:00:33.415,1.03199,1.03214,2.25,1.50
2011.09.23 07:00:33.534,1.03199,1.03216,2.25,1.88
2011.09.23 07:00:36.269,1.03201,1.03216,1.50,1.62
2011.09.23 07:00:36.402,1.03204,1.03216,1.13,1.50
2011.09.23 07:00:37.194,1.0321,1.03224,1.50,1.13
2011.09.23 07:00:37.328,1.03213,1.03228,1.13,2.75
2011.09.23 07:00:37.579,1.03213,1.03228,1.13,2.25
2011.09.23 07:00:38.066,1.03215,1.0323,1.88,1.50
2011.09.23 07:00:38.538,1.03215,1.03229,1.88,1.50
2011.09.23 07:00:38.774,1.03215,1.03229,1.13,1.50
2011.09.23 07:00:39.487,1.03215,1.03229,1.50,1.50
2011.09.23 07:00:39.609,1.03213,1.0323,3.00,1.50
2011.09.23 07:00:40.105,1.03215,1.03233,2.25,2.63
2011.09.23 07:00:40.577,1.03217,1.03233,1.50,2.63
2011.09.23 07:00:40.818,1.03219,1.03234,1.50,1.50
2011.09.23 07:00:40.945,1.03219,1.03233,1.50,1.50
2011.09.23 07:00:41.761,1.03218,1.03233,1.50,1.50
2011.09.23 07:00:41.894,1.03218,1.03234,3.38,1.50
2011.09.23 07:00:43.857,1.03218,1.03234,2.25,1.13
2011.09.23 07:00:43.975,1.03219,1.03235,1.50,2.63
2011.09.23 07:00:44.644,1.03218,1.03234,1.50,1.88
2011.09.23 07:00:45.475,1.03218,1.03234,2.10,1.50
2011.09.23 07:00:46.111,1.03218,1.03233,1.38,1.13
2011.09.23 07:00:46.478,1.03217,1.03233,4.60,1.88
2011.09.23 07:00:47.140,1.0322,1.03235,1.05,1.88
2011.09.23 07:00:48.023,1.0322,1.03233,1.05,1.13
2011.09.23 07:00:51.147,1.03219,1.03232,1.35,1.50
2011.09.23 07:00:51.504,1.03217,1.03231,1.38,1.50
2011.09.23 07:00:51.972,1.03217,1.03233,3.63,1.13
2011.09.23 07:00:52.338,1.03217,1.03228,1.50,1.50
2011.09.23 07:00:52.963,1.03216,1.03233,1.35,2.00
2011.09.23 07:00:53.327,1.03219,1.03234,1.35,1.50
2011.09.23 07:00:53.927,1.03219,1.03234,1.35,1.50
2011.09.23 07:00:54.964,1.03217,1.03233,2.63,1.50
2011.09.23 07:00:55.786,1.03216,1.03232,3.38,1.50
2011.09.23 07:00:55.909,1.03217,1.03232,1.50,1.13
2011.09.23 07:00:56.507,1.03217,1.03233,1.50,2.25
2011.09.23 07:00:56.989,1.03218,1.03233,1.50,1.88
2011.09.23 07:00:57.236,1.03218,1.03235,2.25,1.13
2011.09.23 07:00:57.356,1.03218,1.03234,1.50,1.13
2011.09.23 07:00:57.715,1.0322,1.03236,1.50,1.13
2011.09.23 07:00:58.544,1.0322,1.03235,1.50,1.50
2011.09.23 07:01:00.308,1.0322,1.03236,1.50,1.50
2011.09.23 07:01:01.277,1.03222,1.03237,1.50,1.50
2011.09.23 07:01:01.767,1.03219,1.03237,1.50,2.63
2011.09.23 07:01:02.005,1.03218,1.03234,1.88,1.50
2011.09.23 07:01:02.369,1.03215,1.03232,1.50,1.13
2011.09.23 07:01:02.857,1.03217,1.03231,1.50,1.13
2011.09.23 07:01:02.974,1.03217,1.03233,2.25,3.75
2011.09.23 07:01:03.597,1.03219,1.03231,1.13,1.13
2011.09.23 07:01:03.723,1.0322,1.03233,1.50,1.88
2011.09.23 07:01:03.856,1.03223,1.03238,1.50,1.13
2011.09.23 07:01:03.984,1.03224,1.03241,1.35,1.50
2011.09.23 07:01:04.116,1.03225,1.03242,2.25,1.13
2011.09.23 07:01:04.843,1.03223,1.03241,2.25,1.13
2011.09.23 07:01:05.206,1.03216,1.03232,1.50,1.13
2011.09.23 07:01:05.817,1.03209,1.03222,1.35,1.88
2011.09.23 07:01:05.938,1.03208,1.03223,1.50,3.00
2011.09.23 07:01:06.307,1.03207,1.03224,1.13,1.88
2011.09.23 07:01:06.438,1.03206,1.03224,1.88,1.88
2011.09.23 07:01:07.486,1.03207,1.03224,1.13,1.25
2011.09.23 07:01:08.999,1.03206,1.03223,1.50,3.00
2011.09.23 07:01:09.129,1.03204,1.0322,2.10,1.50
2011.09.23 07:01:09.262,1.03204,1.0322,1.13,1.62
2011.09.23 07:01:09.389,1.03204,1.0322,1.88,2.00
2011.09.23 07:01:09.520,1.03206,1.0322,1.50,1.25
2011.09.23 07:01:09.648,1.03206,1.03221,1.50,1.88
2011.09.23 07:01:10.017,1.03205,1.03223,2.25,3.38
2011.09.23 07:01:10.137,1.03205,1.03222,2.25,1.13
2011.09.23 07:01:11.270,1.03207,1.03223,2.25,1.88
2011.09.23 07:01:11.406,1.0321,1.03225,1.13,1.13
2011.09.23 07:01:11.769,1.03213,1.03228,1.50,2.25
2011.09.23 07:01:12.146,1.03217,1.03231,1.50,1.13
2011.09.23 07:01:12.273,1.03219,1.03234,1.50,1.13
2011.09.23 07:01:13.228,1.03226,1.03236,1.13,1.50
2011.09.23 07:01:13.614,1.03235,1.03246,1.50,1.50
2011.09.23 07:01:13.858,1.03231,1.03247,1.50,2.75
2011.09.23 07:01:13.987,1.03229,1.03244,1.50,1.50
2011.09.23 07:01:14.105,1.03227,1.03243,1.50,1.50
2011.09.23 07:01:14.348,1.03227,1.03242,1.50,1.50
2011.09.23 07:01:14.595,1.03222,1.0324,1.88,1.50
2011.09.23 07:01:15.132,1.03224,1.0324,1.13,1.88
2011.09.23 07:01:15.269,1.03226,1.03243,1.13,1.88
2011.09.23 07:01:15.634,1.03228,1.03245,2.25,1.50
2011.09.23 07:01:16.234,1.03229,1.03244,1.13,1.88
2011.09.23 07:01:16.957,1.03229,1.03244,1.13,1.13
2011.09.23 07:01:17.732,1.03228,1.03245,1.13,3.38
2011.09.23 07:01:18.097,1.03231,1.03245,1.50,1.13
2011.09.23 07:01:18.692,1.03226,1.03241,1.50,1.13
2011.09.23 07:01:18.823,1.03223,1.03237,1.50,1.50
2011.09.23 07:01:18.949,1.03223,1.03239,1.50,1.50
2011.09.23 07:01:19.076,1.0322,1.03239,1.50,2.25
2011.09.23 07:01:19.309,1.03219,1.03237,1.88,2.63
2011.09.23 07:01:20.109,1.03219,1.03237,1.88,1.73
2011.09.23 07:01:20.253,1.03212,1.03231,1.88,3.38
2011.09.23 07:01:20.850,1.03214,1.03233,1.50,2.25
2011.09.23 07:01:21.216,1.03219,1.03236,1.50,2.63
2011.09.23 07:01:21.807,1.03221,1.03236,1.50,2.63
2011.09.23 07:01:22.442,1.03225,1.0324,1.50,1.13
2011.09.23 07:01:22.926,1.0323,1.03241,1.13,1.88
2011.09.23 07:01:23.050,1.0323,1.03246,1.50,2.63
2011.09.23 07:01:23.421,1.03228,1.03244,1.50,3.00
2011.09.23 07:01:23.550,1.03226,1.03243,1.50,1.88
2011.09.23 07:01:23.674,1.03225,1.03241,1.50,1.50
2011.09.23 07:01:24.263,1.03224,1.03241,1.13,1.50
2011.09.23 07:01:25.228,1.03223,1.03239,2.63,2.63
2011.09.23 07:01:25.837,1.03223,1.03239,1.88,1.88
2011.09.23 07:01:26.444,1.03225,1.03241,1.50,2.63
2011.09.23 07:01:27.875,1.03225,1.03242,2.25,1.13
2011.09.23 07:01:28.585,1.03227,1.03243,1.50,3.38
2011.09.23 07:01:30.376,1.03226,1.03242,1.50,1.13
2011.09.23 07:01:31.215,1.03225,1.03242,1.13,1.88
2011.09.23 07:01:31.588,1.03222,1.03236,1.50,1.62
2011.09.23 07:01:31.841,1.03215,1.03233,2.25,1.13
2011.09.23 07:01:32.090,1.03213,1.0323,3.00,1.50
2011.09.23 07:01:32.697,1.03212,1.03228,1.50,1.50
2011.09.23 07:01:33.521,1.03212,1.03228,1.50,2.25
2011.09.23 07:01:33.770,1.03211,1.03227,1.50,1.50
2011.09.23 07:01:33.897,1.03209,1.03225,1.50,1.13
2011.09.23 07:01:34.153,1.03206,1.03222,1.50,1.13
2011.09.23 07:01:34.518,1.03204,1.03222,1.50,2.75
2011.09.23 07:01:35.120,1.03203,1.03222,1.50,1.88
2011.09.23 07:01:35.369,1.03203,1.03221,1.50,1.62
2011.09.23 07:01:35.916,1.03202,1.03218,1.50,1.50
2011.09.23 07:01:36.299,1.03197,1.03211,1.35,1.88
2011.09.23 07:01:36.682,1.03193,1.03211,1.50,1.88
2011.09.23 07:01:36.812,1.03192,1.03211,1.50,1.88
2011.09.23 07:01:36.936,1.03191,1.03208,2.25,1.25
2011.09.23 07:01:37.176,1.0319,1.03206,1.50,1.62
2011.09.23 07:01:37.840,1.03186,1.03201,1.50,1.50
2011.09.23 07:01:37.981,1.03184,1.03199,1.50,1.50
2011.09.23 07:01:39.067,1.03181,1.03199,2.25,2.25
2011.09.23 07:01:40.216,1.03182,1.03199,1.50,1.50
2011.09.23 07:01:40.696,1.0318,1.03198,2.10,2.25
2011.09.23 07:01:41.294,1.03181,1.03196,1.50,1.50
2011.09.23 07:01:41.654,1.03182,1.03197,1.50,1.50
2011.09.23 07:01:42.016,1.03182,1.03196,1.50,1.50
2011.09.23 07:01:42.141,1.03179,1.03195,1.50,1.50
2011.09.23 07:01:42.271,1.03177,1.03191,3.75,1.50
2011.09.23 07:01:42.819,1.03177,1.03191,2.25,1.50
2011.09.23 07:01:44.636,1.03176,1.03191,1.50,1.50
2011.09.23 07:01:44.755,1.03174,1.0319,1.50,1.50
2011.09.23 07:01:44.877,1.03174,1.0319,1.50,2.25
2011.09.23 07:01:45.534,1.0317,1.03187,1.88,1.62
2011.09.23 07:01:46.137,1.03172,1.03188,1.50,2.75
2011.09.23 07:01:48.251,1.03178,1.03188,1.13,2.63
2011.09.23 07:01:48.624,1.03182,1.03194,1.13,1.50
2011.09.23 07:01:49.348,1.03179,1.03194,1.88,1.50
2011.09.23 07:01:49.959,1.03175,1.03192,1.88,3.50
2011.09.23 07:01:50.821,1.0318,1.03193,1.13,1.50
2011.09.23 07:01:51.189,1.03181,1.03195,1.50,1.50
2011.09.23 07:01:51.794,1.03181,1.03194,1.50,1.13
2011.09.23 07:01:51.917,1.0318,1.03194,1.88,1.13
2011.09.23 07:01:52.505,1.03178,1.03194,2.63,2.63
2011.09.23 07:01:53.464,1.03179,1.03194,1.13,1.13
2011.09.23 07:01:54.066,1.0318,1.03194,1.13,1.13
2011.09.23 07:01:54.666,1.03179,1.03194,1.13,1.88
2011.09.23 07:01:54.904,1.03178,1.03194,1.88,1.88
2011.09.23 07:01:55.026,1.03178,1.03192,1.13,1.50
2011.09.23 07:01:55.389,1.03176,1.03192,1.73,1.50
2011.09.23 07:01:55.515,1.03176,1.03192,1.35,2.25
2011.09.23 07:01:56.958,1.03173,1.03189,1.50,1.50
2011.09.23 07:01:57.317,1.03169,1.03184,2.63,1.50
2011.09.23 07:01:57.560,1.03167,1.03184,1.50,1.50
2011.09.23 07:01:58.154,1.03167,1.03183,1.50,1.13
2011.09.23 07:01:58.292,1.03161,1.03177,1.50,2.25
2011.09.23 07:01:58.896,1.0316,1.03177,2.85,2.37
2011.09.23 07:01:59.496,1.03159,1.03174,1.13,1.50
2011.09.23 07:02:00.972,1.03157,1.03173,1.13,1.50
2011.09.23 07:02:01.567,1.03158,1.03173,1.88,1.50
2011.09.23 07:02:01.940,1.03162,1.03174,1.13,1.50
2011.09.23 07:02:02.067,1.03162,1.03174,1.13,1.50
2011.09.23 07:02:02.304,1.03163,1.03175,1.50,1.50
2011.09.23 07:02:02.888,1.03162,1.03175,1.13,1.50
2011.09.23 07:02:03.247,1.03163,1.03175,1.50,1.50
2011.09.23 07:02:03.369,1.03163,1.03175,1.50,1.50
2011.09.23 07:02:03.618,1.03166,1.03179,1.50,1.50
2011.09.23 07:02:04.196,1.03167,1.03181,1.50,1.13
2011.09.23 07:02:04.364,1.0317,1.03182,1.50,1.50
2011.09.23 07:02:04.488,1.0317,1.03182,1.50,1.50
2011.09.23 07:02:05.084,1.03169,1.03182,1.88,1.50
2011.09.23 07:02:05.927,1.03169,1.03182,1.88,1.50
2011.09.23 07:02:06.167,1.03172,1.03183,1.50,1.50
2011.09.23 07:02:06.766,1.03172,1.03187,1.50,1.50
2011.09.23 07:02:07.379,1.03171,1.03185,2.25,1.50
2011.09.23 07:02:08.216,1.03172,1.03185,2.10,1.50
2011.09.23 07:02:08.459,1.03173,1.03187,1.50,3.38
2011.09.23 07:02:08.831,1.03177,1.0319,2.25,1.50
2011.09.23 07:02:09.608,1.03179,1.0319,1.50,1.50
2011.09.23 07:02:10.217,1.03179,1.03189,1.50,1.50
2011.09.23 07:02:10.585,1.03185,1.03195,1.35,1.13
2011.09.23 07:02:10.712,1.03186,1.03198,2.25,1.88
2011.09.23 07:02:11.079,1.03185,1.03197,1.50,2.63
2011.09.23 07:02:11.873,1.03182,1.03195,1.50,1.50
2011.09.23 07:02:12.245,1.03185,1.03199,1.88,2.25
2011.09.23 07:02:12.615,1.03185,1.03197,1.50,1.50
2011.09.23 07:02:12.739,1.03182,1.03198,2.10,1.50
2011.09.23 07:02:12.871,1.03182,1.03198,2.10,2.25
2011.09.23 07:02:12.996,1.03181,1.03195,1.88,1.50
2011.09.23 07:02:13.358,1.03181,1.03195,1.50,2.25
2011.09.23 07:02:13.731,1.03172,1.03188,2.10,1.50
2011.09.23 07:02:14.284,1.03172,1.03189,2.48,2.25
2011.09.23 07:02:14.426,1.03172,1.03184,1.50,1.50
2011.09.23 07:02:14.789,1.03167,1.03179,1.13,1.50
2011.09.23 07:02:15.375,1.03168,1.03179,1.50,1.62
2011.09.23 07:02:15.981,1.03168,1.03179,2.25,1.50
2011.09.23 07:02:16.786,1.03168,1.03179,2.25,1.50
2011.09.23 07:02:17.296,1.0317,1.03184,1.50,1.62
2011.09.23 07:02:17.434,1.03173,1.03182,1.88,1.50
2011.09.23 07:02:17.564,1.03174,1.03186,1.50,1.50
2011.09.23 07:02:17.689,1.03174,1.03188,2.25,1.50
2011.09.23 07:02:17.821,1.03177,1.03188,1.13,1.50
2011.09.23 07:02:18.189,1.03182,1.03193,1.13,1.50
2011.09.23 07:02:18.560,1.03182,1.03193,1.13,1.50
2011.09.23 07:02:18.808,1.03183,1.032,1.50,1.62
2011.09.23 07:02:19.367,1.03183,1.03198,1.50,1.50
2011.09.23 07:02:19.750,1.03182,1.03192,1.50,1.50
2011.09.23 07:02:20.116,1.03183,1.03192,1.50,1.50
2011.09.23 07:02:20.719,1.03183,1.03192,1.50,1.50
2011.09.23 07:02:20.849,1.03182,1.03192,1.13,1.50
2011.09.23 07:02:21.740,1.0318,1.03192,1.50,1.50
2011.09.23 07:02:21.986,1.03182,1.03193,1.13,1.50
2011.09.23 07:02:22.345,1.03182,1.03196,1.88,1.50
2011.09.23 07:02:22.711,1.03182,1.03196,1.88,1.50
2011.09.23 07:02:23.319,1.03181,1.03195,1.88,2.25
2011.09.23 07:02:23.454,1.03181,1.03195,2.25,1.50
2011.09.23 07:02:24.042,1.03178,1.03193,3.00,1.50
2011.09.23 07:02:24.177,1.03178,1.0319,1.50,1.50
2011.09.23 07:02:24.775,1.03178,1.03189,1.50,1.50
2011.09.23 07:02:26.326,1.03177,1.03191,2.63,1.50
2011.09.23 07:02:27.102,1.03179,1.03191,1.50,1.50
2011.09.23 07:02:28.124,1.03179,1.0319,1.50,1.50
2011.09.23 07:02:28.738,1.03178,1.03191,1.50,1.50
2011.09.23 07:02:29.215,1.03177,1.0319,1.50,1.50
2011.09.23 07:02:29.453,1.03175,1.0319,1.88,1.50
2011.09.23 07:02:29.576,1.03175,1.03189,1.88,1.50
2011.09.23 07:02:30.152,1.03175,1.03189,1.13,1.50
2011.09.23 07:02:31.325,1.03174,1.0319,2.63,1.50
2011.09.23 07:02:32.021,1.03174,1.03188,1.50,1.50
2011.09.23 07:02:32.270,1.0317,1.03184,1.50,2.25
2011.09.23 07:02:32.877,1.03168,1.03182,1.50,1.50
2011.09.23 07:02:33.568,1.03168,1.03183,1.50,1.50
2011.09.23 07:02:34.076,1.03169,1.03184,1.13,1.62
2011.09.23 07:02:34.785,1.03169,1.03184,1.88,1.62
2011.09.23 07:02:35.389,1.03167,1.03183,3.00,1.50
2011.09.23 07:02:35.515,1.03168,1.03183,1.13,1.50
2011.09.23 07:02:36.726,1.03167,1.03183,3.75,1.50
2011.09.23 07:02:36.863,1.03168,1.03182,1.73,1.50
2011.09.23 07:02:36.985,1.03168,1.03185,1.73,3.00
2011.09.23 07:02:37.589,1.03181,1.03188,1.13,2.63
2011.09.23 07:02:38.086,1.03173,1.03187,2.10,1.50
2011.09.23 07:02:38.332,1.0317,1.03186,1.88,1.50
2011.09.23 07:02:38.961,1.03167,1.03182,1.13,2.25
2011.09.23 07:02:39.567,1.03165,1.03179,1.13,1.50
2011.09.23 07:02:39.940,1.0317,1.0318,1.50,1.50
2011.09.23 07:02:40.197,1.03171,1.03181,1.50,1.50
2011.09.23 07:02:40.439,1.03169,1.03184,1.88,1.50
2011.09.23 07:02:41.607,1.03173,1.03187,2.25,2.63
2011.09.23 07:02:42.204,1.03172,1.03187,1.50,2.63
2011.09.23 07:02:43.079,1.0317,1.03186,1.88,1.50
2011.09.23 07:02:43.823,1.03171,1.03186,1.35,1.50
2011.09.23 07:02:43.952,1.03176,1.03186,1.35,1.50
2011.09.23 07:02:44.623,1.03182,1.03192,1.50,1.13
2011.09.23 07:02:46.427,1.03182,1.03195,2.25,1.50
2011.09.23 07:02:47.232,1.03184,1.03195,1.50,1.50
2011.09.23 07:02:47.598,1.03185,1.03195,1.50,1.50
2011.09.23 07:02:47.729,1.03183,1.03197,2.48,2.63
2011.09.23 07:02:47.864,1.03188,1.032,1.50,1.13
2011.09.23 07:02:48.110,1.0319,1.03203,1.50,1.88
2011.09.23 07:02:48.242,1.03192,1.03203,1.50,1.88
2011.09.23 07:02:48.606,1.03194,1.03204,1.50,1.88
2011.09.23 07:02:48.726,1.03193,1.03204,1.50,1.88
2011.09.23 07:02:48.957,1.03193,1.03204,1.50,1.88
2011.09.23 07:02:49.314,1.0319,1.03205,2.25,2.63
2011.09.23 07:02:50.025,1.03187,1.03205,3.38,3.38
2011.09.23 07:02:50.159,1.03187,1.03203,1.88,1.50
2011.09.23 07:02:50.524,1.03184,1.032,1.13,2.25
2011.09.23 07:02:50.648,1.03184,1.03198,1.13,1.50
2011.09.23 07:02:51.149,1.03185,1.03201,1.13,1.50
2011.09.23 07:02:51.399,1.03183,1.03199,3.38,1.50
2011.09.23 07:02:52.279,1.03184,1.03199,1.13,1.50
2011.09.23 07:02:52.663,1.03187,1.03201,1.35,1.13
2011.09.23 07:02:53.035,1.03191,1.03207,1.88,2.63
2011.09.23 07:02:53.276,1.03192,1.03209,2.25,1.13
2011.09.23 07:02:53.643,1.03196,1.0321,1.13,1.50
2011.09.23 07:02:54.008,1.03199,1.03215,1.50,1.88
2011.09.23 07:02:54.248,1.03199,1.03214,1.50,1.88
2011.09.23 07:02:54.885,1.03195,1.03211,3.38,1.50
2011.09.23 07:02:55.129,1.03198,1.03214,2.25,1.88
2011.09.23 07:02:55.378,1.03198,1.03212,2.25,1.50
2011.09.23 07:02:55.746,1.03198,1.03216,2.25,3.38
2011.09.23 07:02:56.458,1.03199,1.03213,1.13,1.50
2011.09.23 07:02:56.708,1.03198,1.03215,2.63,1.50
2011.09.23 07:02:57.378,1.03197,1.03213,2.63,1.50
2011.09.23 07:02:57.509,1.03198,1.03216,1.13,2.25
2011.09.23 07:02:58.948,1.032,1.03217,1.50,2.25
2011.09.23 07:02:59.315,1.03198,1.03213,1.88,1.50
2011.09.23 07:02:59.436,1.03198,1.03217,1.50,4.13
2011.09.23 07:03:00.309,1.03198,1.03217,1.50,4.13
2011.09.23 07:03:00.675,1.03198,1.03216,1.50,1.50
2011.09.23 07:03:01.040,1.03198,1.03211,1.50,1.50
2011.09.23 07:03:01.171,1.03197,1.03211,1.50,2.25
2011.09.23 07:03:01.302,1.03193,1.0321,2.10,1.50
2011.09.23 07:03:01.668,1.03191,1.03207,2.10,1.50
2011.09.23 07:03:03.257,1.0319,1.03206,1.50,1.50
2011.09.23 07:03:03.497,1.0319,1.03204,1.50,1.50
2011.09.23 07:03:04.110,1.03188,1.03202,1.50,1.13
2011.09.23 07:03:04.480,1.03185,1.032,1.13,2.25
2011.09.23 07:03:05.179,1.03186,1.03201,1.50,2.37
2011.09.23 07:03:05.313,1.03184,1.03198,1.88,1.50
2011.09.23 07:03:06.529,1.03185,1.03199,1.13,1.50
2011.09.23 07:03:07.252,1.03184,1.03198,1.88,1.50
2011.09.23 07:03:07.506,1.03176,1.03192,1.88,3.38
2011.09.23 07:03:07.635,1.0317,1.03186,1.38,2.25
2011.09.23 07:03:08.245,1.03164,1.0318,1.15,1.50
2011.09.23 07:03:08.738,1.03166,1.03181,1.13,2.25
2011.09.23 07:03:09.345,1.03167,1.03181,1.50,1.50
2011.09.23 07:03:09.939,1.03176,1.03182,3.75,1.50
2011.09.23 07:03:10.468,1.03181,1.03188,1.13,3.12
2011.09.23 07:03:10.613,1.03183,1.03195,1.13,1.50
2011.09.23 07:03:10.740,1.03183,1.03192,1.13,1.50
2011.09.23 07:03:11.690,1.03187,1.03194,1.50,1.50
2011.09.23 07:03:11.826,1.03188,1.03197,1.13,1.50
2011.09.23 07:03:11.965,1.03195,1.03203,1.13,2.25
2011.09.23 07:03:12.095,1.03195,1.03208,1.13,1.50
2011.09.23 07:03:12.846,1.03198,1.03207,1.13,1.50
2011.09.23 07:03:13.572,1.032,1.03207,1.13,1.50
2011.09.23 07:03:13.818,1.032,1.03209,2.25,1.50
2011.09.23 07:03:14.429,1.03201,1.03209,2.25,1.50
2011.09.23 07:03:14.559,1.03201,1.03212,2.25,1.50
2011.09.23 07:03:15.183,1.03197,1.03211,1.88,1.50
2011.09.23 07:03:15.308,1.03197,1.03211,1.88,1.50
2011.09.23 07:03:16.274,1.03193,1.03208,1.50,1.50
2011.09.23 07:03:16.394,1.03193,1.03207,1.50,1.50
2011.09.23 07:03:18.201,1.03192,1.03207,2.63,1.50
2011.09.23 07:03:19.722,1.03191,1.03204,1.50,1.50
2011.09.23 07:03:19.975,1.03188,1.03203,1.88,1.50
2011.09.23 07:03:20.575,1.03188,1.032,1.88,1.50
2011.09.23 07:03:21.190,1.03188,1.032,1.88,1.50
2011.09.23 07:03:22.293,1.03188,1.03202,1.88,1.50
2011.09.23 07:03:23.536,1.03188,1.03204,1.88,1.50
2011.09.23 07:03:24.125,1.03188,1.03204,1.88,1.50
2011.09.23 07:03:25.166,1.03188,1.03204,2.63,1.50
2011.09.23 07:03:25.535,1.03188,1.03201,2.63,1.50
2011.09.23 07:03:25.777,1.03186,1.03204,1.50,1.62
2011.09.23 07:03:25.900,1.03185,1.03201,1.88,1.50
2011.09.23 07:03:26.255,1.03185,1.03196,1.88,1.50
2011.09.23 07:03:26.384,1.03179,1.03192,2.25,1.13
2011.09.23 07:03:26.515,1.03171,1.03187,1.38,1.50
2011.09.23 07:03:26.642,1.0317,1.03187,1.90,1.50
2011.09.23 07:03:26.771,1.0317,1.03187,2.25,1.50
2011.09.23 07:03:27.445,1.03163,1.03178,3.03,1.50
2011.09.23 07:03:27.694,1.0316,1.03175,1.15,2.25
2011.09.23 07:03:28.177,1.03157,1.03173,2.65,1.50
2011.09.23 07:03:29.213,1.03158,1.03173,1.13,1.50
2011.09.23 07:03:29.590,1.03158,1.03173,1.13,3.00
2011.09.23 07:03:29.843,1.03156,1.0317,1.50,1.50
2011.09.23 07:03:30.101,1.03154,1.03169,2.25,1.50
2011.09.23 07:03:30.473,1.03158,1.0317,1.88,1.50
2011.09.23 07:03:31.214,1.03164,1.03175,1.50,1.50
2011.09.23 07:03:31.598,1.0317,1.03181,1.13,1.50
2011.09.23 07:03:32.206,1.03171,1.03182,1.50,1.50
2011.09.23 07:03:32.566,1.03173,1.03183,1.50,1.50
2011.09.23 07:03:32.915,1.03171,1.03183,1.88,1.50
2011.09.23 07:03:33.709,1.03172,1.03183,1.13,1.50
2011.09.23 07:03:33.959,1.03175,1.03183,1.13,1.50
2011.09.23 07:03:34.209,1.03176,1.03194,1.50,1.13
2011.09.23 07:03:34.342,1.03178,1.03188,1.50,1.50
2011.09.23 07:03:34.467,1.03178,1.03194,1.50,1.50
2011.09.23 07:03:35.065,1.03178,1.03191,1.50,1.50
2011.09.23 07:03:36.112,1.03177,1.03191,1.88,2.25
2011.09.23 07:03:36.265,1.0317,1.03181,3.38,1.50
2011.09.23 07:03:36.630,1.03173,1.03183,1.50,1.50
2011.09.23 07:03:36.761,1.03171,1.03185,1.13,1.50
2011.09.23 07:03:39.470,1.03172,1.03183,1.50,1.50
2011.09.23 07:03:39.597,1.03173,1.0319,1.50,1.50
2011.09.23 07:03:39.718,1.03173,1.03191,2.25,1.50
2011.09.23 07:03:39.839,1.03174,1.03192,1.13,3.98
2011.09.23 07:03:40.217,1.03179,1.03192,1.50,1.50
2011.09.23 07:03:40.455,1.03182,1.03199,1.50,3.38
2011.09.23 07:03:40.936,1.03181,1.03196,1.13,1.35
2011.09.23 07:03:41.559,1.0318,1.03192,2.25,1.13
2011.09.23 07:03:41.696,1.03173,1.0319,1.50,1.13
2011.09.23 07:03:42.057,1.03174,1.03191,1.13,1.50
2011.09.23 07:03:42.415,1.03177,1.03191,1.50,1.50
2011.09.23 07:03:42.535,1.03177,1.03195,1.50,2.63
2011.09.23 07:03:42.659,1.03178,1.03195,1.50,3.00
2011.09.23 07:03:42.908,1.03177,1.03194,1.13,1.50
2011.09.23 07:03:43.756,1.03176,1.03193,3.38,1.50
2011.09.23 07:03:44.418,1.03173,1.03191,1.88,1.50
2011.09.23 07:03:44.903,1.03178,1.03194,1.88,1.50
2011.09.23 07:03:45.151,1.0318,1.03199,1.13,1.50
2011.09.23 07:03:45.522,1.0318,1.03199,3.75,1.50
2011.09.23 07:03:45.651,1.0318,1.03194,3.38,1.50
2011.09.23 07:03:45.781,1.0318,1.03199,3.38,1.88
2011.09.23 07:03:45.912,1.0318,1.03195,1.50,2.25
2011.09.23 07:03:46.599,1.03178,1.03196,1.13,1.50
2011.09.23 07:03:46.732,1.03178,1.03197,1.13,1.62
2011.09.23 07:03:46.975,1.0318,1.03198,1.50,5.00
2011.09.23 07:03:47.340,1.0318,1.03193,2.25,1.50
2011.09.23 07:03:47.591,1.0318,1.03197,1.50,2.37
2011.09.23 07:03:47.719,1.03178,1.03194,1.50,1.50
2011.09.23 07:03:47.849,1.03175,1.03191,1.88,1.50
2011.09.23 07:03:47.983,1.03174,1.03188,1.88,1.62
2011.09.23 07:03:48.113,1.03173,1.03187,1.88,2.10
2011.09.23 07:03:48.241,1.03173,1.03184,1.88,1.50
2011.09.23 07:03:48.371,1.03167,1.03182,2.63,1.50
2011.09.23 07:03:49.114,1.03173,1.03184,2.25,1.50
2011.09.23 07:03:49.476,1.03175,1.03185,1.50,1.50
2011.09.23 07:03:50.558,1.03175,1.03189,1.50,2.63
2011.09.23 07:03:50.688,1.03174,1.03189,1.50,1.88
2011.09.23 07:03:51.283,1.03176,1.03189,1.50,1.88
2011.09.23 07:03:52.240,1.03177,1.03193,1.50,1.25
2011.09.23 07:03:52.368,1.03177,1.03192,1.50,1.50
2011.09.23 07:03:52.742,1.0318,1.03194,1.13,3.38
2011.09.23 07:03:52.871,1.03181,1.03194,1.13,1.88
2011.09.23 07:03:53.002,1.03184,1.03198,1.50,2.00
2011.09.23 07:03:53.248,1.03184,1.03199,1.50,1.88
2011.09.23 07:03:53.377,1.03183,1.03198,1.13,1.13
2011.09.23 07:03:53.857,1.03181,1.03195,3.00,1.50
2011.09.23 07:03:54.525,1.03181,1.03198,2.25,1.13
2011.09.23 07:03:55.217,1.03181,1.03198,1.50,1.88
2011.09.23 07:03:55.576,1.03181,1.03198,1.50,1.13
2011.09.23 07:03:55.696,1.03181,1.03198,1.50,1.88
2011.09.23 07:03:56.046,1.03181,1.03194,1.50,1.50
2011.09.23 07:03:56.167,1.03179,1.03195,1.50,1.50
2011.09.23 07:03:56.285,1.03179,1.03198,1.50,2.63
2011.09.23 07:03:56.786,1.03181,1.03198,1.50,2.75
2011.09.23 07:03:56.912,1.03185,1.03198,1.50,1.25
2011.09.23 07:03:57.501,1.03185,1.03197,1.50,1.50
2011.09.23 07:03:57.640,1.03186,1.03201,1.50,1.88
2011.09.23 07:03:57.766,1.03184,1.03201,1.88,1.88
2011.09.23 07:03:58.125,1.03185,1.03201,2.25,1.88
2011.09.23 07:03:58.840,1.03188,1.03201,1.50,1.88
2011.09.23 07:03:59.448,1.03188,1.032,1.50,1.50
2011.09.23 07:04:00.052,1.03189,1.03204,1.88,1.88
2011.09.23 07:04:00.176,1.03189,1.03201,1.88,1.50
2011.09.23 07:04:00.538,1.03189,1.03201,1.13,1.50
2011.09.23 07:04:00.787,1.03188,1.03206,2.63,5.48
2011.09.23 07:04:01.266,1.03188,1.032,2.63,1.50
2011.09.23 07:04:01.632,1.03191,1.03202,1.50,1.50
2011.09.23 07:04:01.876,1.03188,1.03203,2.25,1.50
2011.09.23 07:04:02.357,1.0319,1.03202,1.50,1.50
2011.09.23 07:04:03.059,1.03189,1.03202,1.50,1.50
2011.09.23 07:04:04.819,1.03187,1.03202,1.50,1.50
2011.09.23 07:04:05.425,1.03189,1.03202,1.50,1.50
2011.09.23 07:04:05.550,1.03188,1.03199,1.50,1.50
2011.09.23 07:04:05.918,1.03185,1.03195,1.50,1.50
2011.09.23 07:04:06.405,1.03182,1.03195,1.50,1.50
2011.09.23 07:04:06.538,1.03178,1.03194,2.63,1.50
2011.09.23 07:04:06.670,1.03176,1.03196,1.88,1.50
2011.09.23 07:04:07.035,1.03177,1.03194,1.88,1.88
2011.09.23 07:04:07.397,1.03178,1.03194,1.50,1.88
2011.09.23 07:04:07.882,1.03185,1.03198,1.50,1.13
2011.09.23 07:04:08.010,1.03185,1.03199,1.50,1.88
2011.09.23 07:04:08.867,1.03185,1.03198,1.50,3.38
2011.09.23 07:04:09.359,1.03185,1.03201,1.50,1.88
2011.09.23 07:04:09.956,1.03185,1.03198,1.50,1.50
2011.09.23 07:04:11.026,1.03183,1.03201,1.88,1.88
2011.09.23 07:04:11.739,1.03182,1.032,4.88,1.13
2011.09.23 07:04:12.204,1.03187,1.03197,1.50,1.50
2011.09.23 07:04:12.793,1.03187,1.03198,1.50,1.50
2011.09.23 07:04:13.036,1.03187,1.03198,1.50,1.50
2011.09.23 07:04:15.602,1.03189,1.03202,2.63,1.50
2011.09.23 07:04:15.970,1.03187,1.03201,1.50,1.50
2011.09.23 07:04:16.100,1.03185,1.03202,1.50,2.85
2011.09.23 07:04:16.347,1.03185,1.03202,1.50,2.10
2011.09.23 07:04:16.710,1.03183,1.03198,2.25,1.50
2011.09.23 07:04:17.076,1.03184,1.03197,1.50,1.50
2011.09.23 07:04:17.901,1.03184,1.03197,2.63,1.50
2011.09.23 07:04:18.628,1.03187,1.03197,1.50,1.50
2011.09.23 07:04:18.999,1.03187,1.03197,1.50,1.50
2011.09.23 07:04:19.365,1.03187,1.03198,1.50,1.50
2011.09.23 07:04:19.836,1.03186,1.03198,2.63,1.50
2011.09.23 07:04:20.188,1.03186,1.03204,2.63,1.88
2011.09.23 07:04:20.321,1.03188,1.03204,1.13,1.13
2011.09.23 07:04:20.978,1.0319,1.03208,1.88,2.63
2011.09.23 07:04:21.708,1.0319,1.03208,1.88,1.50
2011.09.23 07:04:22.081,1.03194,1.03209,1.13,1.50
2011.09.23 07:04:22.448,1.03206,1.03219,1.50,3.00
2011.09.23 07:04:23.070,1.03207,1.03221,1.13,1.50
2011.09.23 07:04:23.680,1.0321,1.03223,1.13,2.63
2011.09.23 07:04:24.049,1.03214,1.03227,2.10,1.13
2011.09.23 07:04:24.181,1.03212,1.03228,2.10,2.63
2011.09.23 07:04:24.307,1.03213,1.03231,3.23,1.88
2011.09.23 07:04:24.434,1.03215,1.03231,1.50,1.13
2011.09.23 07:04:24.997,1.03213,1.03232,2.10,2.63
2011.09.23 07:04:25.147,1.03209,1.03225,2.63,1.50
2011.09.23 07:04:25.386,1.0321,1.03227,1.50,1.50
2011.09.23 07:04:25.627,1.03209,1.03226,3.38,1.50
2011.09.23 07:04:27.258,1.03207,1.03224,1.88,1.62
2011.09.23 07:04:27.866,1.03208,1.03225,1.13,1.62
2011.09.23 07:04:28.575,1.03208,1.03225,3.00,1.62
2011.09.23 07:04:28.941,1.03213,1.03226,1.50,2.00
2011.09.23 07:04:29.069,1.03214,1.03226,1.50,1.88
2011.09.23 07:04:29.702,1.03213,1.03226,1.50,1.88
2011.09.23 07:04:29.946,1.03211,1.03226,1.13,2.63
2011.09.23 07:04:30.065,1.03212,1.03226,1.88,2.63
2011.09.23 07:04:30.425,1.03218,1.0323,1.50,1.88
2011.09.23 07:04:31.366,1.0322,1.03233,1.50,1.25
2011.09.23 07:04:32.051,1.03219,1.03237,1.50,1.25
2011.09.23 07:04:32.193,1.03217,1.03233,1.88,1.50
2011.09.23 07:04:32.560,1.03216,1.0323,1.88,1.13
2011.09.23 07:04:32.691,1.03214,1.03227,1.88,1.50
2011.09.23 07:04:33.048,1.03214,1.0323,1.88,1.62
2011.09.23 07:04:33.165,1.03212,1.03229,1.88,1.50
2011.09.23 07:04:33.867,1.03213,1.03229,1.13,1.62
2011.09.23 07:04:34.683,1.03214,1.03231,1.50,2.75
2011.09.23 07:04:35.278,1.03214,1.03231,1.50,2.75
2011.09.23 07:04:35.404,1.03213,1.03229,1.88,1.50
2011.09.23 07:04:36.006,1.03213,1.03229,1.88,1.50
2011.09.23 07:04:36.353,1.03213,1.03229,1.88,1.50
2011.09.23 07:04:36.474,1.03213,1.03229,1.88,1.50
2011.09.23 07:04:36.597,1.03214,1.03231,1.88,3.50
2011.09.23 07:04:36.718,1.03216,1.03231,2.25,3.35
2011.09.23 07:04:36.850,1.03216,1.03231,2.25,2.60
2011.09.23 07:04:37.612,1.03213,1.03231,2.63,3.35
2011.09.23 07:04:37.750,1.03212,1.0323,1.50,1.62
2011.09.23 07:04:38.363,1.03209,1.03224,1.50,1.73
2011.09.23 07:04:38.496,1.03202,1.03219,3.38,1.50
2011.09.23 07:04:38.742,1.032,1.03217,1.88,2.10
2011.09.23 07:04:38.868,1.03197,1.03214,1.50,1.50
2011.09.23 07:04:39.117,1.03194,1.03213,1.50,1.50
2011.09.23 07:04:40.226,1.03195,1.03212,1.50,1.88
2011.09.23 07:04:41.060,1.03197,1.03212,1.50,1.88
2011.09.23 07:04:41.428,1.03198,1.03212,1.50,1.88
2011.09.23 07:04:42.441,1.03198,1.03214,2.25,2.00
2011.09.23 07:04:42.575,1.03201,1.03217,1.50,2.75
2011.09.23 07:04:42.821,1.03204,1.03219,1.50,2.60
2011.09.23 07:04:43.189,1.03205,1.03219,1.50,1.88
2011.09.23 07:04:43.797,1.03206,1.03221,1.50,1.88
2011.09.23 07:04:44.871,1.03206,1.03223,1.50,2.63
2011.09.23 07:04:45.131,1.0321,1.03226,1.50,2.63
2011.09.23 07:04:45.729,1.03209,1.03226,1.50,3.38
2011.09.23 07:04:46.326,1.03209,1.03226,1.50,3.38
2011.09.23 07:04:46.798,1.03208,1.03224,1.50,1.50
2011.09.23 07:04:47.045,1.03206,1.03223,1.13,1.50
2011.09.23 07:04:48.343,1.03206,1.03224,1.50,2.75
2011.09.23 07:04:51.155,1.03206,1.03222,1.50,1.50
2011.09.23 07:04:52.008,1.03205,1.03222,1.50,1.50
2011.09.23 07:04:52.245,1.03205,1.03223,1.50,1.62
2011.09.23 07:04:52.369,1.03205,1.03222,1.50,1.50
2011.09.23 07:04:52.739,1.03204,1.03221,1.13,2.25
2011.09.23 07:04:53.104,1.03204,1.03221,1.13,1.50
2011.09.23 07:04:54.468,1.03204,1.03221,1.50,1.50
2011.09.23 07:04:54.825,1.03202,1.03217,1.50,1.50
2011.09.23 07:04:55.166,1.03203,1.03218,1.50,1.62
2011.09.23 07:04:56.048,1.03203,1.0322,1.50,2.37
2011.09.23 07:04:56.542,1.03204,1.0322,1.88,1.50
2011.09.23 07:04:56.677,1.03205,1.03222,2.25,2.63
2011.09.23 07:04:57.041,1.03211,1.03225,1.50,1.88
2011.09.23 07:04:57.408,1.03208,1.03222,1.50,1.88
2011.09.23 07:04:58.004,1.03209,1.03225,1.50,3.38
2011.09.23 07:04:58.126,1.03209,1.03225,2.25,1.88
2011.09.23 07:04:58.690,1.03212,1.03227,1.50,1.88
2011.09.23 07:04:59.062,1.03213,1.03229,1.50,3.38
2011.09.23 07:04:59.669,1.03215,1.03231,1.50,2.63
2011.09.23 07:05:00.045,1.03216,1.03231,2.25,1.88
2011.09.23 07:05:00.524,1.03213,1.0323,1.50,2.63
2011.09.23 07:05:01.225,1.03214,1.0323,1.50,1.62
2011.09.23 07:05:01.466,1.03216,1.0323,1.50,1.25
2011.09.23 07:05:01.827,1.03214,1.0323,1.50,2.00
2011.09.23 07:05:02.066,1.03215,1.0323,1.13,1.50
2011.09.23 07:05:02.309,1.03218,1.03233,1.50,3.38
2011.09.23 07:05:02.440,1.0322,1.03233,1.88,2.63
2011.09.23 07:05:02.568,1.0322,1.03236,2.63,2.63
2011.09.23 07:05:02.695,1.03223,1.03236,2.25,2.63
2011.09.23 07:05:02.942,1.03225,1.03239,1.50,2.63
2011.09.23 07:05:03.776,1.03224,1.03238,1.50,1.88
2011.09.23 07:05:03.910,1.03228,1.0324,1.50,1.88
2011.09.23 07:05:04.400,1.03228,1.0324,1.50,1.88
2011.09.23 07:05:04.528,1.03228,1.03242,1.50,1.13
2011.09.23 07:05:04.659,1.0323,1.03246,1.50,3.38
2011.09.23 07:05:05.975,1.03231,1.03246,1.50,1.50
2011.09.23 07:05:06.222,1.03233,1.03246,2.25,1.50
2011.09.23 07:05:06.832,1.03234,1.03248,1.50,2.25
2011.09.23 07:05:06.972,1.0324,1.03258,3.38,1.50
2011.09.23 07:05:07.575,1.03241,1.03257,1.13,1.50
2011.09.23 07:05:08.155,1.0324,1.03256,1.88,1.50
2011.09.23 07:05:08.626,1.0324,1.03253,1.13,1.50
2011.09.23 07:05:09.230,1.03239,1.03251,1.50,1.50
2011.09.23 07:05:09.372,1.03232,1.03248,1.13,3.38
2011.09.23 07:05:09.505,1.03232,1.03246,1.13,1.50
2011.09.23 07:05:09.633,1.03232,1.03247,1.13,1.50
2011.09.23 07:05:09.759,1.03233,1.03247,1.13,1.50
2011.09.23 07:05:10.246,1.03231,1.03248,2.48,3.38
2011.09.23 07:05:10.830,1.03232,1.0325,2.25,2.75
2011.09.23 07:05:11.398,1.03234,1.0325,1.13,2.37
2011.09.23 07:05:11.537,1.03236,1.03251,1.13,1.50
2011.09.23 07:05:12.481,1.03234,1.03247,1.50,2.25
2011.09.23 07:05:12.607,1.03229,1.03246,1.88,1.50
2011.09.23 07:05:13.194,1.03227,1.03245,4.50,1.13
2011.09.23 07:05:13.833,1.03226,1.03237,1.50,1.35
2011.09.23 07:05:13.969,1.03219,1.03236,1.13,2.00
2011.09.23 07:05:14.458,1.03218,1.03235,1.50,2.75
2011.09.23 07:05:14.707,1.03212,1.03228,2.63,1.13
2011.09.23 07:05:16.678,1.03216,1.03232,1.50,1.50
2011.09.23 07:05:16.928,1.03217,1.03234,1.50,3.50
2011.09.23 07:05:17.527,1.03217,1.03234,1.50,2.75
2011.09.23 07:05:18.058,1.03217,1.03233,1.50,1.13
2011.09.23 07:05:18.186,1.03216,1.03232,1.50,1.13
2011.09.23 07:05:18.428,1.0321,1.03227,2.25,1.13
2011.09.23 07:05:18.547,1.03208,1.03226,1.50,2.63
2011.09.23 07:05:18.663,1.03207,1.03226,1.13,2.75
2011.09.23 07:05:18.905,1.03208,1.03225,1.13,1.62
2011.09.23 07:05:19.887,1.03208,1.03224,1.13,1.62
2011.09.23 07:05:20.247,1.03207,1.03222,1.88,1.50
2011.09.23 07:05:20.608,1.03207,1.03222,2.63,1.50
2011.09.23 07:05:20.850,1.03208,1.03225,1.50,2.25
2011.09.23 07:05:20.984,1.03213,1.03226,1.13,1.88
2011.09.23 07:05:21.589,1.03213,1.03228,1.13,2.63
2011.09.23 07:05:22.849,1.03214,1.03231,1.35,2.63
2011.09.23 07:05:22.991,1.03218,1.03234,1.13,2.63
2011.09.23 07:05:23.484,1.03219,1.03236,2.25,3.38
2011.09.23 07:05:23.741,1.03227,1.03242,1.13,3.38
2011.09.23 07:05:24.345,1.03227,1.03242,1.13,1.88
2011.09.23 07:05:25.059,1.03226,1.03242,1.88,1.13
2011.09.23 07:05:25.669,1.03226,1.03242,2.25,1.13
2011.09.23 07:05:26.043,1.03225,1.03238,1.50,1.50
2011.09.23 07:05:26.172,1.03224,1.03242,3.38,1.13
2011.09.23 07:05:26.300,1.03226,1.03242,1.13,1.88
2011.09.23 07:05:26.789,1.03228,1.03241,1.50,1.88
2011.09.23 07:05:27.352,1.03228,1.03241,1.50,1.88
2011.09.23 07:05:27.717,1.03225,1.03241,2.25,2.63
2011.09.23 07:05:28.324,1.03224,1.03238,1.50,1.88
2011.09.23 07:05:28.927,1.03222,1.03238,1.50,2.63
2011.09.23 07:05:29.692,1.03221,1.03238,2.25,3.38
2011.09.23 07:05:29.827,1.03221,1.03238,2.25,1.88
2011.09.23 07:05:30.073,1.03221,1.03237,1.50,1.50
2011.09.23 07:05:30.440,1.03216,1.03233,1.50,1.50
2011.09.23 07:05:30.806,1.03219,1.03232,1.13,1.88
2011.09.23 07:05:31.771,1.03214,1.03227,1.13,1.50
2011.09.23 07:05:32.354,1.03213,1.03224,1.50,1.50
2011.09.23 07:05:32.495,1.03208,1.03222,1.13,1.50
2011.09.23 07:05:32.979,1.03205,1.03222,1.13,2.25
2011.09.23 07:05:33.336,1.03203,1.03219,1.13,1.50
2011.09.23 07:05:33.816,1.03201,1.03217,1.88,1.50
2011.09.23 07:05:34.479,1.03199,1.03216,2.63,1.50
2011.09.23 07:05:34.619,1.03197,1.03214,1.35,1.50
2011.09.23 07:05:35.700,1.03196,1.03212,1.88,1.35
2011.09.23 07:05:35.829,1.03192,1.0321,1.50,1.88
2011.09.23 07:05:36.196,1.03191,1.03206,1.50,1.50
2011.09.23 07:05:36.912,1.0319,1.03206,1.13,1.50
2011.09.23 07:05:37.276,1.03188,1.03204,1.50,1.50
2011.09.23 07:05:37.396,1.03187,1.03204,3.75,1.50
2011.09.23 07:05:37.760,1.03187,1.03203,1.88,1.50
2011.09.23 07:05:38.467,1.03185,1.03203,1.50,1.88
2011.09.23 07:05:39.454,1.03185,1.03203,1.50,3.38
2011.09.23 07:05:39.582,1.03188,1.03203,1.13,2.63
2011.09.23 07:05:39.945,1.03188,1.03203,1.88,1.88
2011.09.23 07:05:40.658,1.0319,1.03207,1.13,3.23
2011.09.23 07:05:40.909,1.03192,1.03207,1.13,2.48
2011.09.23 07:05:41.514,1.03192,1.03207,1.50,2.63
2011.09.23 07:05:42.094,1.03188,1.03204,1.88,2.63
2011.09.23 07:05:42.574,1.0319,1.03204,1.50,1.88
2011.09.23 07:05:43.263,1.03188,1.03204,1.88,2.63
2011.09.23 07:05:43.635,1.03178,1.03191,2.25,1.13
2011.09.23 07:05:43.758,1.03173,1.0319,3.03,2.25
2011.09.23 07:05:44.432,1.03172,1.0319,1.50,2.25
2011.09.23 07:05:44.575,1.03172,1.03187,1.88,1.50
2011.09.23 07:05:45.174,1.03171,1.03187,1.13,1.50
2011.09.23 07:05:45.539,1.03171,1.03185,2.25,1.88
2011.09.23 07:05:46.340,1.03167,1.0318,1.50,1.62
2011.09.23 07:05:46.537,1.03149,1.03167,2.63,1.50
2011.09.23 07:05:46.662,1.0315,1.03165,1.88,1.50
2011.09.23 07:05:47.267,1.03147,1.03163,1.13,2.25
2011.09.23 07:05:47.390,1.03146,1.03162,2.63,2.37
2011.09.23 07:05:48.180,1.03139,1.03153,2.25,3.23
2011.09.23 07:05:48.324,1.03135,1.03149,2.25,1.62
2011.09.23 07:05:48.575,1.03133,1.03148,1.50,1.62
2011.09.23 07:05:48.935,1.03135,1.03151,1.50,3.50
2011.09.23 07:05:49.301,1.03131,1.03147,1.50,2.00
2011.09.23 07:05:50.108,1.03131,1.03147,1.50,2.75
2011.09.23 07:05:50.251,1.03133,1.03147,1.50,1.62
2011.09.23 07:05:50.382,1.03134,1.0315,1.50,1.25
2011.09.23 07:05:50.509,1.03134,1.0315,1.50,1.25
2011.09.23 07:05:51.001,1.03138,1.03154,1.88,1.47
2011.09.23 07:05:51.129,1.0314,1.03155,1.50,1.47
2011.09.23 07:05:51.726,1.03138,1.03154,1.13,1.25
2011.09.23 07:05:51.846,1.03137,1.03154,1.88,1.13
2011.09.23 07:05:52.474,1.03135,1.03153,2.63,2.63
2011.09.23 07:05:53.309,1.0314,1.03156,1.50,2.37
2011.09.23 07:05:53.798,1.03142,1.0316,1.88,4.17
2011.09.23 07:05:53.929,1.03142,1.0316,1.88,3.38
2011.09.23 07:05:54.064,1.03141,1.03152,1.50,1.50
2011.09.23 07:05:54.191,1.03135,1.03152,2.25,4.62
2011.09.23 07:05:54.322,1.03133,1.03146,2.28,1.50
2011.09.23 07:05:54.917,1.03133,1.0315,1.50,2.00
2011.09.23 07:05:55.280,1.0313,1.03144,5.25,1.50
2011.09.23 07:05:55.768,1.03131,1.03146,1.88,2.63
2011.09.23 07:05:56.883,1.03129,1.03146,1.50,2.00
2011.09.23 07:05:57.256,1.03134,1.03146,1.13,2.00
2011.09.23 07:05:57.858,1.03133,1.03146,1.13,1.88
2011.09.23 07:05:58.446,1.03131,1.03146,1.13,1.88
2011.09.23 07:05:59.403,1.03133,1.03146,1.13,2.00
2011.09.23 07:05:59.773,1.03134,1.0315,1.50,2.63
2011.09.23 07:05:59.902,1.03137,1.03151,1.88,1.88
2011.09.23 07:06:00.508,1.03137,1.0315,1.88,1.88
2011.09.23 07:06:01.417,1.03138,1.0315,1.13,1.88
2011.09.23 07:06:01.780,1.03136,1.03152,1.13,1.13
2011.09.23 07:06:02.268,1.03138,1.03149,1.88,1.88
2011.09.23 07:06:02.397,1.03137,1.03149,1.50,1.88
2011.09.23 07:06:02.516,1.03135,1.03149,1.13,1.88
2011.09.23 07:06:02.998,1.03133,1.03149,1.13,1.88
2011.09.23 07:06:03.804,1.03132,1.03146,1.13,1.88
2011.09.23 07:06:03.945,1.03129,1.03146,1.50,3.50
2011.09.23 07:06:04.788,1.03131,1.03145,1.50,1.62
2011.09.23 07:06:04.922,1.03131,1.03144,1.50,2.22
2011.09.23 07:06:05.289,1.03127,1.0314,1.50,1.88
2011.09.23 07:06:05.423,1.03129,1.03143,1.50,1.25
2011.09.23 07:06:05.669,1.03132,1.03145,1.13,2.00
2011.09.23 07:06:05.798,1.03132,1.03148,1.13,2.60
2011.09.23 07:06:06.288,1.03132,1.03148,1.13,1.85
2011.09.23 07:06:06.439,1.03136,1.03154,1.50,2.00
2011.09.23 07:06:06.688,1.03136,1.03151,1.50,1.13
2011.09.23 07:06:07.410,1.03133,1.03151,1.88,1.62
2011.09.23 07:06:07.536,1.03133,1.03148,1.50,1.25
2011.09.23 07:06:08.138,1.03131,1.03147,1.50,1.62
2011.09.23 07:06:08.785,1.03133,1.03149,1.50,2.00
2011.09.23 07:06:09.388,1.03132,1.03148,1.50,1.25
2011.09.23 07:06:09.756,1.03131,1.03147,1.88,1.62
2011.09.23 07:06:10.117,1.03126,1.0314,1.13,1.50
2011.09.23 07:06:10.358,1.03125,1.03142,1.50,1.62
2011.09.23 07:06:10.611,1.03125,1.03138,1.50,1.13
2011.09.23 07:06:11.340,1.03118,1.03124,4.50,1.62
2011.09.23 07:06:11.478,1.03111,1.03125,3.78,2.00
2011.09.23 07:06:11.721,1.03124,1.03129,3.75,4.10
2011.09.23 07:06:11.853,1.03124,1.03128,3.75,2.00
2011.09.23 07:06:11.978,1.03122,1.0313,4.50,1.88
2011.09.23 07:06:12.106,1.0312,1.03128,4.50,2.00
2011.09.23 07:06:12.230,1.03119,1.03128,4.50,2.00
2011.09.23 07:06:13.942,1.03119,1.03128,4.88,1.13
2011.09.23 07:06:14.074,1.03122,1.03133,1.50,1.13
2011.09.23 07:06:14.204,1.03123,1.03136,1.50,1.88
2011.09.23 07:06:14.452,1.03125,1.03139,1.13,2.75
2011.09.23 07:06:14.705,1.03125,1.03141,1.13,1.88
2011.09.23 07:06:15.069,1.03127,1.03143,1.13,3.38
2011.09.23 07:06:15.782,1.03128,1.03142,1.50,1.13
2011.09.23 07:06:15.918,1.03121,1.03134,1.50,2.25
2011.09.23 07:06:17.456,1.03119,1.03131,4.50,2.25
2011.09.23 07:06:18.036,1.03119,1.03132,4.50,2.25
2011.09.23 07:06:18.408,1.03119,1.0313,4.50,1.88
2011.09.23 07:06:19.743,1.03121,1.03135,1.50,2.63
2011.09.23 07:06:19.993,1.03124,1.03137,1.50,1.88
2011.09.23 07:06:20.715,1.03123,1.0314,1.13,4.62
2011.09.23 07:06:21.917,1.03122,1.03139,1.50,1.62
2011.09.23 07:06:22.399,1.03126,1.0314,1.13,3.38
2011.09.23 07:06:23.411,1.03126,1.03141,1.13,1.50
2011.09.23 07:06:23.755,1.03125,1.03137,1.13,1.88
2011.09.23 07:06:23.881,1.03126,1.03141,1.13,2.63
2011.09.23 07:06:24.009,1.03126,1.03143,1.13,1.88
2011.09.23 07:06:24.145,1.0313,1.03144,1.13,2.63
2011.09.23 07:06:24.507,1.03133,1.03152,2.25,2.63
2011.09.23 07:06:24.747,1.03135,1.03151,2.25,1.88
2011.09.23 07:06:24.870,1.03137,1.03152,1.13,1.13
2011.09.23 07:06:24.999,1.03138,1.03153,1.50,1.88
2011.09.23 07:06:25.978,1.0314,1.03155,1.13,1.13
2011.09.23 07:06:26.581,1.0314,1.03154,1.13,5.25
2011.09.23 07:06:26.706,1.03141,1.03156,1.13,1.50
2011.09.23 07:06:27.186,1.03142,1.03158,1.13,1.73
2011.09.23 07:06:27.767,1.03141,1.03158,1.13,1.35
2011.09.23 07:06:28.439,1.03141,1.03155,1.88,1.13
2011.09.23 07:06:28.600,1.03126,1.03143,1.50,1.85
2011.09.23 07:06:28.860,1.03125,1.0314,1.50,1.13
2011.09.23 07:06:29.111,1.03121,1.03139,1.88,1.88
2011.09.23 07:06:29.957,1.03121,1.03139,2.25,2.00
2011.09.23 07:06:30.852,1.03121,1.03135,1.13,1.13
2011.09.23 07:06:31.218,1.03114,1.0313,1.50,2.22
2011.09.23 07:06:31.936,1.03114,1.0313,1.50,1.85
2011.09.23 07:06:32.179,1.03118,1.03134,1.13,3.38
2011.09.23 07:06:32.309,1.03119,1.03134,1.50,2.63
2011.09.23 07:06:32.981,1.03116,1.03133,1.50,1.25
2011.09.23 07:06:33.226,1.03116,1.03133,1.50,1.25
2011.09.23 07:06:33.588,1.0312,1.03133,1.50,1.13
2011.09.23 07:06:33.836,1.0312,1.03136,1.50,2.22
2011.09.23 07:06:34.088,1.03124,1.0314,1.13,2.25
2011.09.23 07:06:34.453,1.03128,1.0314,1.88,1.88
2011.09.23 07:06:34.580,1.03128,1.03144,1.88,1.13
2011.09.23 07:06:35.075,1.03128,1.03146,1.88,1.50
2011.09.23 07:06:35.332,1.03126,1.03144,1.88,4.13
2011.09.23 07:06:35.819,1.03126,1.03143,1.88,1.50
2011.09.23 07:06:36.200,1.0312,1.03135,1.50,1.50
2011.09.23 07:06:36.334,1.03119,1.03132,1.50,1.13
2011.09.23 07:06:36.459,1.03114,1.03131,1.53,2.25
2011.09.23 07:06:37.147,1.03113,1.0313,1.88,1.62
2011.09.23 07:06:37.277,1.03114,1.0313,1.50,2.75
2011.09.23 07:06:37.880,1.03114,1.03128,1.50,1.35
2011.09.23 07:06:38.129,1.03113,1.03126,1.50,2.63
2011.09.23 07:06:38.499,1.03113,1.03124,1.50,2.00
2011.09.23 07:06:38.977,1.03111,1.03124,1.50,2.00
2011.09.23 07:06:39.339,1.03114,1.03127,1.50,1.25
2011.09.23 07:06:39.905,1.03114,1.03128,1.50,2.97
2011.09.23 07:06:40.051,1.03116,1.0313,1.50,1.62
2011.09.23 07:06:40.405,1.03116,1.03131,1.50,3.12
2011.09.23 07:06:41.123,1.03114,1.0313,1.50,1.13
2011.09.23 07:06:41.368,1.03114,1.03129,1.50,2.75
2011.09.23 07:06:41.861,1.03115,1.0313,1.50,2.00
2011.09.23 07:06:41.986,1.03115,1.0313,1.50,1.13
2011.09.23 07:06:42.643,1.03113,1.03131,1.50,1.25
2011.09.23 07:06:42.777,1.03113,1.03131,1.50,2.00
2011.09.23 07:06:42.900,1.03115,1.03131,1.50,1.25
2011.09.23 07:06:43.504,1.03117,1.03132,1.50,2.75
2011.09.23 07:06:44.099,1.03114,1.03129,1.13,1.50
2011.09.23 07:06:44.466,1.03111,1.03129,3.38,1.50
2011.09.23 07:06:45.055,1.03113,1.03129,1.13,1.50
2011.09.23 07:06:45.286,1.03111,1.03128,3.38,1.50
2011.09.23 07:06:45.890,1.03112,1.03128,1.50,1.50
2011.09.23 07:06:46.366,1.03112,1.03128,1.50,1.50
2011.09.23 07:06:47.434,1.03112,1.03128,1.50,1.50
2011.09.23 07:06:47.799,1.03109,1.03124,1.13,1.50
2011.09.23 07:06:48.709,1.03111,1.03126,3.00,1.50
2011.09.23 07:06:48.844,1.03112,1.0313,1.88,1.50
2011.09.23 07:06:50.152,1.03111,1.0313,3.38,2.48
2011.09.23 07:06:50.520,1.03107,1.03125,1.13,2.25
2011.09.23 07:06:51.132,1.03107,1.03123,1.13,1.50
2011.09.23 07:06:52.154,1.03107,1.03124,1.13,1.62
2011.09.23 07:06:52.729,1.03108,1.03124,1.50,1.62
2011.09.23 07:06:53.097,1.03113,1.03129,1.13,1.50
2011.09.23 07:06:54.614,1.03113,1.03129,1.13,1.50
2011.09.23 07:06:55.217,1.03113,1.0313,1.13,4.13
2011.09.23 07:06:55.676,1.03112,1.03128,1.13,1.50
2011.09.23 07:06:55.795,1.03111,1.03129,1.50,2.10
2011.09.23 07:06:56.023,1.03111,1.03128,1.50,2.00
2011.09.23 07:06:56.377,1.03114,1.03128,1.50,2.75
2011.09.23 07:06:56.976,1.0311,1.03128,1.88,4.25
2011.09.23 07:06:57.209,1.0311,1.03127,1.50,1.62
2011.09.23 07:06:57.339,1.03108,1.03125,1.50,1.62
2011.09.23 07:06:57.918,1.03107,1.03124,3.00,1.62
2011.09.23 07:06:58.525,1.03108,1.03126,2.25,5.00
2011.09.23 07:06:59.116,1.03108,1.03126,2.25,4.25
2011.09.23 07:06:59.715,1.03109,1.03126,1.50,4.25
2011.09.23 07:06:59.837,1.03108,1.03126,2.25,5.00
2011.09.23 07:07:00.513,1.03109,1.03126,1.50,2.75
2011.09.23 07:07:01.223,1.03108,1.03125,2.25,1.62
2011.09.23 07:07:01.815,1.0311,1.03126,1.50,2.75
2011.09.23 07:07:02.275,1.03108,1.03124,1.50,1.62
2011.09.23 07:07:02.878,1.03108,1.03124,1.50,2.37
2011.09.23 07:07:03.877,1.03106,1.03123,1.88,1.62
2011.09.23 07:07:04.490,1.03106,1.03123,1.50,1.62
2011.09.23 07:07:04.742,1.03104,1.0312,1.50,1.50
2011.09.23 07:07:05.346,1.03102,1.0312,1.50,1.62
2011.09.23 07:07:06.044,1.0311,1.03123,1.13,1.50
2011.09.23 07:07:06.192,1.0311,1.03124,1.13,3.23
2011.09.23 07:07:06.437,1.03107,1.03124,1.88,4.10
2011.09.23 07:07:06.556,1.03107,1.03122,1.13,1.62
2011.09.23 07:07:06.922,1.03107,1.03123,1.50,1.62
2011.09.23 07:07:07.658,1.03107,1.03123,1.88,2.00
2011.09.23 07:07:08.280,1.03107,1.03123,1.13,2.75
2011.09.23 07:07:08.410,1.03106,1.0312,1.88,1.13
2011.09.23 07:07:09.020,1.03104,1.03121,1.13,2.63
2011.09.23 07:07:09.271,1.03103,1.03118,1.13,1.50
2011.09.23 07:07:09.635,1.03101,1.03117,1.50,1.50
2011.09.23 07:07:09.999,1.03101,1.03117,1.13,1.62
2011.09.23 07:07:10.573,1.03101,1.03118,1.88,3.50
2011.09.23 07:07:10.914,1.03099,1.03115,1.88,1.50
2011.09.23 07:07:11.480,1.03096,1.03112,3.00,1.13
2011.09.23 07:07:11.604,1.03093,1.03109,1.50,2.75
2011.09.23 07:07:12.196,1.03095,1.03111,1.13,2.00
2011.09.23 07:07:12.316,1.03095,1.03111,1.13,1.25
2011.09.23 07:07:12.437,1.03097,1.03111,1.13,1.25
2011.09.23 07:07:12.681,1.03087,1.03103,1.13,1.50
2011.09.23 07:07:13.166,1.03085,1.03101,1.13,1.50
2011.09.23 07:07:13.901,1.03084,1.031,1.50,1.50
2011.09.23 07:07:14.050,1.03084,1.03102,1.13,5.00
2011.09.23 07:07:14.654,1.03084,1.03101,1.13,1.62
2011.09.23 07:07:15.135,1.03084,1.03102,1.88,4.25
2011.09.23 07:07:15.368,1.03083,1.03099,1.88,1.50
2011.09.23 07:07:15.855,1.03081,1.03099,2.48,1.50
2011.09.23 07:07:16.444,1.03081,1.03099,1.13,4.25
2011.09.23 07:07:17.060,1.03082,1.03099,1.88,3.50
2011.09.23 07:07:18.184,1.03082,1.03097,1.13,1.62
2011.09.23 07:07:18.548,1.03082,1.03098,1.13,1.62
2011.09.23 07:07:18.666,1.03082,1.03097,1.13,1.62
2011.09.23 07:07:20.364,1.03078,1.03096,1.13,3.12
2011.09.23 07:07:20.510,1.03075,1.03091,1.88,1.50
2011.09.23 07:07:21.120,1.03077,1.03092,1.13,1.50
2011.09.23 07:07:21.484,1.03077,1.03092,1.13,1.50
2011.09.23 07:07:21.605,1.03077,1.03092,1.13,1.50
2011.09.23 07:07:22.197,1.03077,1.03093,1.13,1.50
2011.09.23 07:07:22.317,1.03077,1.03093,1.13,1.50
2011.09.23 07:07:22.436,1.03076,1.03092,1.88,1.50
2011.09.23 07:07:23.475,1.03077,1.03092,1.88,1.50
2011.09.23 07:07:23.849,1.03081,1.03098,1.50,2.63
2011.09.23 07:07:23.975,1.03081,1.03098,1.50,1.88
2011.09.23 07:07:24.216,1.0308,1.03098,1.13,2.63
2011.09.23 07:07:24.571,1.03082,1.03098,1.88,1.88
2011.09.23 07:07:25.407,1.03082,1.03098,1.88,2.63
2011.09.23 07:07:25.647,1.0308,1.03098,1.88,2.63
2011.09.23 07:07:26.161,1.03083,1.03099,1.50,2.63
2011.09.23 07:07:26.297,1.03083,1.03098,1.50,1.50
2011.09.23 07:07:26.659,1.03083,1.03098,1.88,1.50
2011.09.23 07:07:27.030,1.03086,1.03096,1.13,1.50
2011.09.23 07:07:27.517,1.03083,1.03096,1.50,1.50
2011.09.23 07:07:29.196,1.03083,1.03096,1.88,1.50
2011.09.23 07:07:29.331,1.03083,1.03095,1.50,2.00
2011.09.23 07:07:29.459,1.03076,1.0309,1.50,1.50
2011.09.23 07:07:29.594,1.03075,1.03091,1.88,1.13
2011.09.23 07:07:29.721,1.03073,1.03088,2.25,1.13
2011.09.23 07:07:29.851,1.0307,1.03086,1.50,2.22
2011.09.23 07:07:30.099,1.03068,1.03082,1.50,2.25
2011.09.23 07:07:30.351,1.03069,1.03082,1.13,1.50
2011.09.23 07:07:30.954,1.03071,1.03082,1.13,1.50
2011.09.23 07:07:31.526,1.03068,1.03082,1.50,1.50
2011.09.23 07:07:32.013,1.03068,1.03082,2.63,1.50
2011.09.23 07:07:33.325,1.0307,1.03087,1.50,1.62
2011.09.23 07:07:34.288,1.03074,1.03089,1.13,2.22
2011.09.23 07:07:34.421,1.03074,1.03089,1.13,1.35
2011.09.23 07:07:34.546,1.03073,1.03089,2.25,2.10
2011.09.23 07:07:35.147,1.03072,1.03089,2.25,2.10
2011.09.23 07:07:35.508,1.03079,1.03093,1.13,3.38
2011.09.23 07:07:36.315,1.03079,1.03097,5.25,1.50
2011.09.23 07:07:36.462,1.03086,1.03101,1.50,2.25
2011.09.23 07:07:36.830,1.03086,1.03101,1.50,1.88
2011.09.23 07:07:37.415,1.03086,1.031,1.50,1.50
2011.09.23 07:07:38.004,1.03086,1.03099,1.13,1.50
2011.09.23 07:07:38.126,1.03086,1.03101,1.13,1.50
2011.09.23 07:07:38.249,1.03087,1.03101,1.50,1.50
2011.09.23 07:07:38.861,1.03086,1.03101,1.50,1.50
2011.09.23 07:07:40.048,1.03085,1.03099,1.50,1.13
2011.09.23 07:07:40.408,1.0308,1.03095,1.13,1.50
2011.09.23 07:07:40.778,1.03081,1.03095,1.88,1.50
2011.09.23 07:07:41.203,1.03083,1.03101,1.13,2.75
2011.09.23 07:07:41.328,1.03085,1.03101,1.50,1.25
2011.09.23 07:07:41.875,1.03087,1.03102,1.50,1.25
2011.09.23 07:07:42.005,1.03088,1.03105,1.13,2.63
2011.09.23 07:07:42.355,1.03088,1.03105,1.13,2.63
2011.09.23 07:07:43.640,1.03088,1.03106,1.88,1.50
2011.09.23 07:07:43.771,1.0309,1.03107,1.50,2.00
2011.09.23 07:07:44.514,1.0309,1.03107,1.50,2.00
2011.09.23 07:07:45.009,1.03094,1.0311,1.50,4.85
2011.09.23 07:07:45.612,1.03091,1.03108,1.88,1.62
2011.09.23 07:07:46.315,1.03091,1.03108,1.50,1.62
2011.09.23 07:07:46.435,1.03092,1.03109,1.50,1.25
2011.09.23 07:07:47.196,1.03092,1.03107,1.50,1.62
2011.09.23 07:07:47.328,1.03088,1.03104,1.88,1.62
2011.09.23 07:07:47.806,1.03088,1.03104,2.25,1.50
2011.09.23 07:07:48.289,1.03086,1.03102,1.13,1.50
2011.09.23 07:07:48.889,1.03084,1.031,1.13,1.88
2011.09.23 07:07:49.699,1.03081,1.0309,1.13,1.50
2011.09.23 07:07:49.835,1.03079,1.03091,1.50,1.50
2011.09.23 07:07:50.077,1.03076,1.03091,4.50,1.50
2011.09.23 07:07:50.797,1.03076,1.03092,1.88,2.37
2011.09.23 07:07:51.042,1.03075,1.03084,1.50,1.50
2011.09.23 07:07:51.175,1.03073,1.03086,2.25,1.50
2011.09.23 07:07:52.080,1.03075,1.03086,1.50,1.50
2011.09.23 07:07:52.693,1.03074,1.03086,1.50,1.50
2011.09.23 07:07:52.940,1.03071,1.03083,1.13,1.50
2011.09.23 07:07:54.002,1.03073,1.03083,1.13,1.50
2011.09.23 07:07:54.245,1.03075,1.03086,1.13,1.50
2011.09.23 07:07:55.129,1.03075,1.03088,1.13,1.50
2011.09.23 07:07:55.260,1.03075,1.0309,1.13,1.62
2011.09.23 07:07:55.856,1.03075,1.03088,1.50,1.50
2011.09.23 07:07:56.461,1.03073,1.03088,1.88,1.50
2011.09.23 07:07:56.591,1.03073,1.03086,1.50,1.50
2011.09.23 07:07:56.717,1.03071,1.03086,1.88,1.50
2011.09.23 07:07:58.056,1.0307,1.03078,1.13,1.50
2011.09.23 07:07:58.308,1.03062,1.03075,3.03,1.50
2011.09.23 07:07:58.554,1.03064,1.03077,2.28,1.50
2011.09.23 07:07:58.803,1.03066,1.0308,1.88,1.88
2011.09.23 07:07:59.046,1.03066,1.0308,1.13,2.63
2011.09.23 07:07:59.618,1.03065,1.0308,1.13,1.50
2011.09.23 07:07:59.844,1.03066,1.03082,1.13,3.50
2011.09.23 07:08:00.331,1.03063,1.03079,1.13,1.50
2011.09.23 07:08:01.025,1.0306,1.03075,2.63,1.62
2011.09.23 07:08:01.283,1.03059,1.03075,1.88,1.25
2011.09.23 07:08:01.529,1.03059,1.03076,1.13,2.75
2011.09.23 07:08:01.894,1.0306,1.03076,1.50,1.25
2011.09.23 07:08:02.014,1.03059,1.03076,1.88,2.00
2011.09.23 07:08:02.620,1.0306,1.03075,1.13,1.25
2011.09.23 07:08:02.751,1.0306,1.03073,1.13,1.62
2011.09.23 07:08:03.006,1.03057,1.0307,1.50,2.00
2011.09.23 07:08:03.557,1.0305,1.03065,1.88,1.50
2011.09.23 07:08:03.692,1.0305,1.03067,1.88,2.25
2011.09.23 07:08:03.941,1.03053,1.03069,1.50,3.50
2011.09.23 07:08:04.307,1.03055,1.0307,1.50,1.25
2011.09.23 07:08:04.669,1.03055,1.0307,1.50,1.25
2011.09.23 07:08:04.800,1.03056,1.0307,1.13,1.25
2011.09.23 07:08:04.929,1.03056,1.03072,1.13,1.62
2011.09.23 07:08:05.179,1.03059,1.03073,1.88,2.00
2011.09.23 07:08:06.017,1.03058,1.03073,1.13,2.00
2011.09.23 07:08:06.144,1.0306,1.03075,1.50,3.35
2011.09.23 07:08:06.750,1.03061,1.03075,1.13,1.10
2011.09.23 07:08:07.357,1.03061,1.03075,1.13,1.10
2011.09.23 07:08:07.720,1.03065,1.0308,1.13,1.47
2011.09.23 07:08:08.102,1.03065,1.03081,1.13,1.62
2011.09.23 07:08:08.757,1.0306,1.03076,1.88,1.50
2011.09.23 07:08:09.116,1.0306,1.03075,1.13,1.50
2011.09.23 07:08:09.694,1.03059,1.03076,3.38,1.62
2011.09.23 07:08:09.817,1.0306,1.03076,1.50,1.62
2011.09.23 07:08:10.409,1.03061,1.03078,1.88,1.62
2011.09.23 07:08:10.887,1.03061,1.03078,2.25,2.37
2011.09.23 07:08:11.128,1.03065,1.03083,1.88,2.75
2011.09.23 07:08:11.815,1.03062,1.03079,1.50,1.50
2011.09.23 07:08:12.419,1.03062,1.03079,1.50,1.50
2011.09.23 07:08:12.909,1.03059,1.03077,1.50,2.00
2011.09.23 07:08:13.281,1.03059,1.03074,1.50,1.62
2011.09.23 07:08:14.275,1.03054,1.03072,1.13,5.00
2011.09.23 07:08:16.375,1.03055,1.03072,1.88,3.50
2011.09.23 07:08:16.853,1.03059,1.03072,1.13,2.75
2011.09.23 07:08:17.102,1.03062,1.03078,1.13,1.47
2011.09.23 07:08:18.315,1.03062,1.03078,1.13,1.47
2011.09.23 07:08:19.406,1.03061,1.03078,1.88,1.47
2011.09.23 07:08:19.648,1.03062,1.03079,1.50,4.10
2011.09.23 07:08:23.433,1.03062,1.03078,1.50,1.47
2011.09.23 07:08:26.045,1.03059,1.03076,1.13,2.00
2011.09.23 07:08:26.409,1.03057,1.03073,2.63,1.62
2011.09.23 07:08:26.537,1.03057,1.03072,1.88,1.62
2011.09.23 07:08:27.466,1.03056,1.03072,1.13,1.62
2011.09.23 07:08:28.368,1.03056,1.03072,1.13,1.62
2011.09.23 07:08:28.964,1.03055,1.03072,2.25,1.62
2011.09.23 07:08:29.435,1.03056,1.03073,1.50,1.25
2011.09.23 07:08:32.104,1.03054,1.03072,1.50,2.00
2011.09.23 07:08:32.955,1.03052,1.03069,4.13,1.25
2011.09.23 07:08:33.081,1.0305,1.03068,2.63,1.25
2011.09.23 07:08:33.213,1.0305,1.03066,1.50,1.25
2011.09.23 07:08:33.352,1.03049,1.03064,1.13,1.13
2011.09.23 07:08:33.716,1.03046,1.03061,1.13,1.62
2011.09.23 07:08:34.577,1.03046,1.03063,1.88,3.72
2011.09.23 07:08:35.165,1.03046,1.03062,1.13,1.62
2011.09.23 07:08:36.348,1.03047,1.03062,1.13,1.62
2011.09.23 07:08:36.587,1.03047,1.03064,1.88,4.10
2011.09.23 07:08:38.677,1.03049,1.03066,1.50,1.62
2011.09.23 07:08:39.264,1.03049,1.03066,1.88,2.00
2011.09.23 07:08:39.510,1.03046,1.03062,1.50,2.00
2011.09.23 07:08:39.640,1.03044,1.0306,1.13,1.25
2011.09.23 07:08:40.224,1.03044,1.0306,1.13,2.00
2011.09.23 07:08:41.036,1.03043,1.03061,1.88,2.75
2011.09.23 07:08:41.988,1.03044,1.0306,1.50,1.47
2011.09.23 07:08:42.353,1.03042,1.0306,1.88,3.35
2011.09.23 07:08:42.842,1.03041,1.03057,1.88,1.62
2011.09.23 07:08:44.510,1.03041,1.03056,1.13,1.62
2011.09.23 07:08:44.649,1.03039,1.03055,1.50,1.62
2011.09.23 07:08:44.904,1.03039,1.03056,1.50,2.37
2011.09.23 07:08:45.506,1.0304,1.03056,1.13,1.62
2011.09.23 07:08:45.630,1.03039,1.03055,1.88,1.62
2011.09.23 07:08:46.370,1.03039,1.03057,1.88,2.00
2011.09.23 07:08:46.623,1.03038,1.03055,1.13,2.00
2011.09.23 07:08:47.346,1.03038,1.03054,1.13,1.13
2011.09.23 07:08:48.287,1.03037,1.03053,2.25,1.13
2011.09.23 07:08:48.407,1.03038,1.03052,1.13,1.50
2011.09.23 07:08:48.526,1.03038,1.03054,1.50,2.00
2011.09.23 07:08:49.030,1.03041,1.03055,1.13,2.37
2011.09.23 07:08:49.519,1.0304,1.03058,1.13,2.00
2011.09.23 07:08:49.887,1.0304,1.03058,2.25,1.62
2011.09.23 07:08:50.478,1.0304,1.03057,3.00,1.50
2011.09.23 07:08:51.066,1.0304,1.03057,3.00,1.62
2011.09.23 07:08:51.306,1.0304,1.03057,2.25,2.37
2011.09.23 07:08:52.904,1.0304,1.03056,1.13,2.60
2011.09.23 07:08:53.536,1.03039,1.03056,1.13,1.85
2011.09.23 07:08:53.898,1.03036,1.03054,4.13,1.62
2011.09.23 07:08:54.811,1.03042,1.03056,1.13,2.22
2011.09.23 07:08:54.947,1.03042,1.03058,1.13,1.13
2011.09.23 07:08:55.296,1.03041,1.03057,1.13,1.50
2011.09.23 07:08:55.538,1.03042,1.03059,1.13,1.62
2011.09.23 07:08:55.660,1.03042,1.0306,1.13,4.13
2011.09.23 07:08:56.260,1.03046,1.0306,1.13,1.88
2011.09.23 07:08:57.245,1.03043,1.0306,1.50,2.75
2011.09.23 07:08:57.616,1.03045,1.0306,1.50,2.00
2011.09.23 07:08:57.981,1.03044,1.03061,1.13,1.62
2011.09.23 07:08:58.110,1.03044,1.03062,2.25,2.00
2011.09.23 07:08:58.479,1.03047,1.03063,1.13,1.62
2011.09.23 07:08:58.610,1.03047,1.03064,1.13,3.50
2011.09.23 07:08:59.213,1.03049,1.03065,1.50,1.62
2011.09.23 07:08:59.803,1.03053,1.03071,1.88,1.50
2011.09.23 07:08:59.939,1.03055,1.03072,1.88,2.63
2011.09.23 07:09:00.316,1.03057,1.03074,1.88,2.75
2011.09.23 07:09:00.684,1.03059,1.03075,1.35,2.63
2011.09.23 07:09:02.062,1.03061,1.03075,1.50,1.88
2011.09.23 07:09:02.432,1.03057,1.03072,1.50,1.62
2011.09.23 07:09:02.564,1.03056,1.03072,1.50,2.37
2011.09.23 07:09:02.693,1.03055,1.03068,1.50,1.13
2011.09.23 07:09:02.942,1.03051,1.03068,1.50,1.13
2011.09.23 07:09:03.440,1.03064,1.03068,1.50,2.63
2011.09.23 07:09:03.567,1.03054,1.03068,1.50,2.63
2011.09.23 07:09:04.332,1.03056,1.03068,1.50,2.00
2011.09.23 07:09:04.933,1.03055,1.03069,1.50,2.00
2011.09.23 07:09:05.060,1.03056,1.03071,2.25,1.25
2011.09.23 07:09:05.426,1.0306,1.03074,1.50,1.25
2011.09.23 07:09:07.170,1.03058,1.03075,1.50,2.00
2011.09.23 07:09:07.525,1.03059,1.03074,1.50,3.12
2011.09.23 07:09:08.125,1.03059,1.03075,1.50,1.13
2011.09.23 07:09:08.714,1.03059,1.03076,1.50,2.00
2011.09.23 07:09:09.845,1.0306,1.03077,1.35,2.00
2011.09.23 07:09:10.090,1.03061,1.03078,1.50,2.37
2011.09.23 07:09:10.216,1.03063,1.0308,1.50,3.50
2011.09.23 07:09:10.813,1.03064,1.03079,1.50,1.88
2011.09.23 07:09:11.300,1.03065,1.03082,3.00,1.88
2011.09.23 07:09:11.670,1.03072,1.03088,1.35,1.50
2011.09.23 07:09:11.804,1.03076,1.03089,1.50,1.62
2011.09.23 07:09:12.052,1.03076,1.0309,1.50,2.75
2011.09.23 07:09:12.299,1.03072,1.03088,1.50,1.13
2011.09.23 07:09:12.965,1.03072,1.03088,1.50,1.13
2011.09.23 07:09:13.333,1.03075,1.0309,1.50,2.75
2011.09.23 07:09:13.698,1.03075,1.03091,1.50,2.37
2011.09.23 07:09:14.060,1.03079,1.03095,1.13,2.63
2011.09.23 07:09:14.191,1.03083,1.03095,1.13,2.63
2011.09.23 07:09:14.324,1.03083,1.03098,1.13,1.50
2011.09.23 07:09:14.458,1.03088,1.031,1.50,1.50
2011.09.23 07:09:15.116,1.03088,1.03102,1.50,1.50
2011.09.23 07:09:15.718,1.03086,1.03103,1.50,2.37
2011.09.23 07:09:16.548,1.03086,1.03097,1.50,1.50
2011.09.23 07:09:16.786,1.03085,1.03099,1.50,2.25
2011.09.23 07:09:17.515,1.03085,1.03099,1.50,1.50
2011.09.23 07:09:17.755,1.03085,1.031,1.50,1.50
2011.09.23 07:09:18.324,1.03085,1.031,1.50,1.50
2011.09.23 07:09:18.555,1.03085,1.03103,2.25,1.62
2011.09.23 07:09:19.115,1.03085,1.03103,2.25,1.62
2011.09.23 07:09:19.237,1.03086,1.03099,1.13,1.50
2011.09.23 07:09:19.357,1.03086,1.03099,1.13,2.25
2011.09.23 07:09:19.834,1.0308,1.03095,1.88,1.50
2011.09.23 07:09:20.200,1.03077,1.03091,1.88,1.13
2011.09.23 07:09:20.833,1.03077,1.0309,1.13,1.50
2011.09.23 07:09:21.075,1.03074,1.0309,1.88,1.62
2011.09.23 07:09:22.334,1.03074,1.03091,1.88,1.25
2011.09.23 07:09:22.504,1.03074,1.03091,1.88,1.25
2011.09.23 07:09:22.854,1.03074,1.03091,1.88,1.25
2011.09.23 07:09:23.880,1.03074,1.03087,1.50,1.88
2011.09.23 07:09:24.014,1.03071,1.03087,1.50,2.63
2011.09.23 07:09:24.617,1.0307,1.03087,1.13,1.88
2011.09.23 07:09:25.218,1.03069,1.03087,1.88,1.88
2011.09.23 07:09:26.616,1.0307,1.03087,1.13,1.88
2011.09.23 07:09:27.499,1.03069,1.03087,1.88,2.00
2011.09.23 07:09:28.315,1.03069,1.03087,1.88,2.75
2011.09.23 07:09:29.558,1.03068,1.03084,1.13,1.50
2011.09.23 07:09:30.045,1.03067,1.03084,1.50,1.50
2011.09.23 07:09:32.789,1.03064,1.03081,2.25,1.13
2011.09.23 07:09:33.270,1.03064,1.0308,1.50,1.13
2011.09.23 07:09:33.857,1.03063,1.0308,1.50,1.13
2011.09.23 07:09:34.220,1.03063,1.03078,1.50,1.13
2011.09.23 07:09:34.950,1.03062,1.03079,1.50,1.50
2011.09.23 07:09:35.206,1.0306,1.03076,1.50,1.13
2011.09.23 07:09:35.329,1.03058,1.03075,2.25,1.13
2011.09.23 07:09:35.927,1.03058,1.03073,1.50,2.25
2011.09.23 07:09:36.060,1.03054,1.03071,1.50,1.13
2011.09.23 07:09:36.191,1.03052,1.03069,1.50,1.50
2011.09.23 07:09:36.556,1.03049,1.03064,1.13,1.62
2011.09.23 07:09:37.125,1.03049,1.03067,1.88,3.12
2011.09.23 07:09:37.802,1.03049,1.03065,1.13,2.37
2011.09.23 07:09:37.930,1.03048,1.03062,1.88,1.50
2011.09.23 07:09:38.058,1.03046,1.03063,1.50,1.62
2011.09.23 07:09:38.845,1.03041,1.03057,1.50,1.50
2011.09.23 07:09:39.453,1.03041,1.03056,1.13,1.62
2011.09.23 07:09:40.419,1.03041,1.03056,1.13,2.37
2011.09.23 07:09:40.888,1.03041,1.03058,1.88,1.50
2011.09.23 07:09:41.129,1.03041,1.03056,1.13,1.50
2011.09.23 07:09:41.830,1.03037,1.03055,1.88,1.62
2011.09.23 07:09:41.951,1.03037,1.03053,1.13,1.62
2011.09.23 07:09:42.439,1.03036,1.03052,1.50,1.50
2011.09.23 07:09:42.558,1.03035,1.03051,1.88,1.62
2011.09.23 07:09:42.926,1.03034,1.0305,2.25,1.25
2011.09.23 07:09:43.052,1.03036,1.03051,1.13,1.62
2011.09.23 07:09:43.420,1.03036,1.03052,3.00,1.50
2011.09.23 07:09:44.046,1.03035,1.03051,2.25,2.00
2011.09.23 07:09:44.170,1.03035,1.0305,1.50,1.62
2011.09.23 07:09:44.756,1.0303,1.03049,2.25,1.50
2011.09.23 07:09:45.120,1.03033,1.03047,1.50,1.62
2011.09.23 07:09:45.487,1.03029,1.03046,1.88,2.00
2011.09.23 07:09:45.851,1.03029,1.03046,1.50,2.00
2011.09.23 07:09:45.981,1.03028,1.03045,1.13,2.00
2011.09.23 07:09:46.622,1.03026,1.03041,1.88,1.50
2011.09.23 07:09:46.753,1.03025,1.03042,2.63,2.00
2011.09.23 07:09:47.132,1.03029,1.03045,1.13,1.62
2011.09.23 07:09:47.740,1.03028,1.03044,1.13,1.62
2011.09.23 07:09:48.765,1.03031,1.03045,1.50,1.25
2011.09.23 07:09:48.911,1.03032,1.03049,1.50,2.75
2011.09.23 07:09:49.166,1.03037,1.0305,1.13,1.50
2011.09.23 07:09:49.297,1.03043,1.03055,1.13,1.25
2011.09.23 07:09:49.424,1.03041,1.03056,1.35,2.37
2011.09.23 07:09:49.560,1.03041,1.0306,2.10,4.13
2011.09.23 07:09:49.692,1.03042,1.0306,3.75,1.88
2011.09.23 07:09:49.942,1.03046,1.03061,1.13,1.13
2011.09.23 07:09:50.864,1.03041,1.03051,3.23,2.25
2011.09.23 07:09:51.004,1.03034,1.03046,1.13,1.50
2011.09.23 07:09:51.606,1.03034,1.03047,1.13,1.62
2011.09.23 07:09:52.086,1.03032,1.03049,2.25,2.75
2011.09.23 07:09:52.569,1.03032,1.03046,1.13,1.50
2011.09.23 07:09:53.501,1.03034,1.0305,1.50,1.50
2011.09.23 07:09:53.640,1.03038,1.03053,1.13,1.88
2011.09.23 07:09:53.771,1.03038,1.03055,2.25,1.13
2011.09.23 07:09:54.260,1.0304,1.03056,1.88,1.13
2011.09.23 07:09:54.393,1.03042,1.03059,1.50,3.60
2011.09.23 07:09:54.999,1.03042,1.03059,1.50,1.35
2011.09.23 07:09:55.657,1.03041,1.03057,1.50,1.50
2011.09.23 07:09:55.907,1.03034,1.0305,1.88,1.62
2011.09.23 07:09:56.507,1.03033,1.03049,1.13,1.25
2011.09.23 07:09:57.830,1.03034,1.0305,1.50,2.75
2011.09.23 07:09:58.720,1.03033,1.03048,1.50,1.50
2011.09.23 07:09:58.862,1.03028,1.03044,2.63,1.50
2011.09.23 07:09:59.472,1.03027,1.03044,2.25,1.88
2011.09.23 07:09:59.717,1.03027,1.03045,2.63,1.62
2011.09.23 07:09:59.958,1.03027,1.03043,2.25,1.62
2011.09.23 07:10:01.006,1.03027,1.03042,1.13,1.62
2011.09.23 07:10:01.153,1.03027,1.03044,1.50,1.25
2011.09.23 07:10:02.346,1.03028,1.03044,1.50,1.25
2011.09.23 07:10:02.696,1.03029,1.03045,1.50,2.75
2011.09.23 07:10:03.048,1.03028,1.03044,1.50,1.25
2011.09.23 07:10:04.363,1.03027,1.03044,1.13,2.00
2011.09.23 07:10:05.348,1.03025,1.03041,1.50,1.13
2011.09.23 07:10:05.708,1.03022,1.03039,1.88,1.25
2011.09.23 07:10:06.287,1.03021,1.03038,1.13,2.75
2011.09.23 07:10:06.536,1.03019,1.03036,1.50,2.60
2011.09.23 07:10:06.662,1.03016,1.03033,3.38,1.50
2011.09.23 07:10:07.573,1.03016,1.03032,1.13,1.88
2011.09.23 07:10:10.977,1.03016,1.03031,1.13,1.50
2011.09.23 07:10:11.750,1.03013,1.03031,3.00,1.50
2011.09.23 07:10:12.232,1.03012,1.03028,1.88,1.50
2011.09.23 07:10:12.603,1.0301,1.03028,3.00,1.50
2011.09.23 07:10:13.507,1.0301,1.03028,3.00,2.37
2011.09.23 07:10:13.867,1.03011,1.03028,1.88,1.62
2011.09.23 07:10:14.226,1.03011,1.03026,1.88,1.50
2011.09.23 07:10:14.508,1.03011,1.03026,1.13,2.25
2011.09.23 07:10:15.106,1.03012,1.03026,1.13,1.50
2011.09.23 07:10:16.569,1.03014,1.03028,1.13,1.62
2011.09.23 07:10:17.070,1.03016,1.03029,1.13,1.50
2011.09.23 07:10:17.439,1.03016,1.03025,1.13,1.50
2011.09.23 07:10:19.102,1.03015,1.03029,1.13,2.63
2011.09.23 07:10:19.236,1.03015,1.03023,1.13,1.50
2011.09.23 07:10:19.598,1.03013,1.03023,1.13,1.50
2011.09.23 07:10:20.677,1.03015,1.03023,1.13,1.50
2011.09.23 07:10:21.381,1.03015,1.03024,1.50,1.50
2011.09.23 07:10:21.629,1.03015,1.03028,1.50,1.50
2011.09.23 07:10:21.747,1.03015,1.03028,2.25,1.50
2011.09.23 07:10:21.871,1.03015,1.03029,2.63,1.50
2011.09.23 07:10:22.362,1.03019,1.03029,1.50,1.50
2011.09.23 07:10:24.000,1.0302,1.03029,1.50,1.50
2011.09.23 07:10:24.602,1.0302,1.03029,1.50,1.50
2011.09.23 07:10:24.985,1.03028,1.03043,1.50,1.50
2011.09.23 07:10:25.467,1.03026,1.03041,2.25,1.88
2011.09.23 07:10:25.827,1.03028,1.03041,1.50,1.88
2011.09.23 07:10:26.187,1.03028,1.0304,1.50,1.13
2011.09.23 07:10:27.073,1.0303,1.03041,1.50,1.50
2011.09.23 07:10:27.209,1.03033,1.03045,1.50,2.00
2011.09.23 07:10:27.571,1.03033,1.03048,1.50,1.50
2011.09.23 07:10:27.700,1.03034,1.03048,1.50,1.50
2011.09.23 07:10:28.070,1.03033,1.03048,1.50,1.50
2011.09.23 07:10:29.901,1.03038,1.03049,1.50,1.50
2011.09.23 07:10:30.032,1.03038,1.03054,3.38,2.63
2011.09.23 07:10:30.284,1.03041,1.03057,1.13,3.38
2011.09.23 07:10:30.534,1.03041,1.03058,1.13,2.63
2011.09.23 07:10:30.899,1.03041,1.03059,1.13,1.50
2011.09.23 07:10:31.264,1.03045,1.03058,1.13,1.50
2011.09.23 07:10:31.988,1.03052,1.03064,1.50,3.00
2011.09.23 07:10:32.113,1.03048,1.03063,1.50,1.13
2011.09.23 07:10:32.245,1.03047,1.03063,1.13,1.88
2011.09.23 07:10:32.369,1.03045,1.03061,2.25,1.50
2011.09.23 07:10:32.740,1.03044,1.03061,1.50,1.88
2011.09.23 07:10:33.341,1.03042,1.0306,1.35,1.88
2011.09.23 07:10:33.886,1.03041,1.03054,1.13,2.25
2011.09.23 07:10:34.022,1.03038,1.03052,1.50,1.50
2011.09.23 07:10:34.274,1.03034,1.03049,1.13,2.37
2011.09.23 07:10:35.025,1.03032,1.0305,1.88,1.62
2011.09.23 07:10:35.150,1.03032,1.0305,1.88,1.62
2011.09.23 07:10:35.507,1.03032,1.03049,1.88,1.62
2011.09.23 07:10:36.431,1.03036,1.0305,1.50,1.50
2011.09.23 07:10:36.560,1.03036,1.03051,1.50,2.00
2011.09.23 07:10:37.166,1.03036,1.03052,1.88,1.88
2011.09.23 07:10:37.289,1.03036,1.03052,1.13,3.38
2011.09.23 07:10:37.776,1.03034,1.03048,1.13,1.50
2011.09.23 07:10:37.905,1.03031,1.03047,1.50,3.00
2011.09.23 07:10:38.032,1.03027,1.03041,1.13,1.50
2011.09.23 07:10:38.913,1.03027,1.03041,1.88,1.50
2011.09.23 07:10:39.044,1.03027,1.03044,1.88,4.10
2011.09.23 07:10:39.986,1.03027,1.03044,1.50,4.10
2011.09.23 07:10:40.470,1.03028,1.03039,1.50,1.35
2011.09.23 07:10:40.592,1.03023,1.03039,1.50,1.47
2011.09.23 07:10:41.525,1.03025,1.0304,1.50,2.37
2011.09.23 07:10:41.658,1.03025,1.0304,1.50,1.25
2011.09.23 07:10:42.027,1.03032,1.03043,1.50,1.13
2011.09.23 07:10:42.394,1.03039,1.03048,1.50,4.50
2011.09.23 07:10:42.519,1.03039,1.0305,1.50,2.37
2011.09.23 07:10:42.762,1.03041,1.0305,1.50,2.37
2011.09.23 07:10:42.897,1.03037,1.0305,1.88,1.62
2011.09.23 07:10:43.023,1.03037,1.03054,1.88,1.62
2011.09.23 07:10:43.520,1.0304,1.03055,1.50,2.00
2011.09.23 07:10:44.133,1.0304,1.03055,1.50,1.62
2011.09.23 07:10:44.617,1.03042,1.03055,1.50,1.62
2011.09.23 07:10:44.980,1.0304,1.03055,1.50,1.62
2011.09.23 07:10:46.133,1.03038,1.03052,1.50,1.13
2011.09.23 07:10:46.507,1.03035,1.03049,1.88,1.50
2011.09.23 07:10:46.631,1.03035,1.0305,1.50,1.13
2011.09.23 07:10:47.209,1.03037,1.03051,1.50,1.13
2011.09.23 07:10:47.569,1.03033,1.03047,1.50,2.00
2011.09.23 07:10:47.808,1.03029,1.03046,1.50,2.00
2011.09.23 07:10:48.036,1.03029,1.03046,1.50,1.25
2011.09.23 07:10:48.726,1.03029,1.03045,1.50,1.25
2011.09.23 07:10:48.972,1.03033,1.03049,1.13,2.25
2011.09.23 07:10:49.218,1.03035,1.03051,1.50,1.62
2011.09.23 07:10:49.578,1.03037,1.03051,1.50,1.25
2011.09.23 07:10:49.699,1.03035,1.03051,1.50,2.00
2011.09.23 07:10:50.058,1.03034,1.03051,1.50,2.75
2011.09.23 07:10:50.518,1.03034,1.0305,1.50,1.25
2011.09.23 07:10:53.088,1.03042,1.03054,1.50,1.47
2011.09.23 07:10:53.623,1.03048,1.03062,1.50,2.37
2011.09.23 07:10:54.128,1.03047,1.0306,1.50,1.62
2011.09.23 07:10:54.971,1.03047,1.03057,1.50,1.13
2011.09.23 07:10:55.611,1.03042,1.03056,1.50,1.88
2011.09.23 07:10:55.855,1.03043,1.03056,1.50,1.88
2011.09.23 07:10:58.040,1.03044,1.03056,1.50,1.88
2011.09.23 07:10:59.366,1.03044,1.03059,1.50,2.37
2011.09.23 07:10:59.608,1.03044,1.03058,1.50,1.85
2011.09.23 07:10:59.973,1.0304,1.03055,2.25,1.88
2011.09.23 07:11:00.103,1.0304,1.03054,1.50,1.62
2011.09.23 07:11:00.459,1.03038,1.03054,2.63,3.50
2011.09.23 07:11:02.005,1.03039,1.03055,1.50,2.75
2011.09.23 07:11:02.597,1.03038,1.03055,1.50,3.87
2011.09.23 07:11:03.197,1.03038,1.03053,1.50,3.50
2011.09.23 07:11:04.274,1.03038,1.03053,2.25,2.75
2011.09.23 07:11:04.398,1.03039,1.03055,1.50,1.62
2011.09.23 07:11:04.886,1.03042,1.03056,1.50,1.62
2011.09.23 07:11:05.008,1.03044,1.03059,1.50,1.25
2011.09.23 07:11:05.129,1.03046,1.0306,1.13,2.75
2011.09.23 07:11:05.251,1.03047,1.03062,1.88,1.35
2011.09.23 07:11:05.382,1.03049,1.03065,1.88,1.47
2011.09.23 07:11:05.510,1.03051,1.03066,1.50,2.00
2011.09.23 07:11:06.369,1.03051,1.03066,2.25,2.00
2011.09.23 07:11:06.837,1.03051,1.03067,1.88,1.50
2011.09.23 07:11:06.962,1.03051,1.03067,1.50,1.50
2011.09.23 07:11:07.345,1.03044,1.03059,1.50,2.63
2011.09.23 07:11:07.718,1.03038,1.03056,1.88,1.62
2011.09.23 07:11:07.839,1.03036,1.03053,1.88,1.50
2011.09.23 07:11:08.200,1.0304,1.03053,1.50,1.13
2011.09.23 07:11:08.791,1.03042,1.03054,2.25,1.88
2011.09.23 07:11:08.920,1.03042,1.03056,1.50,1.88
2011.09.23 07:11:09.049,1.03044,1.03056,1.50,1.88
2011.09.23 07:11:09.290,1.03046,1.0306,1.13,1.47
2011.09.23 07:11:09.538,1.03047,1.03062,1.50,2.63
2011.09.23 07:11:10.008,1.03044,1.0306,2.25,1.35
2011.09.23 07:11:10.250,1.03042,1.03058,3.38,1.88
2011.09.23 07:11:13.428,1.03042,1.03058,2.25,3.12
2011.09.23 07:11:13.796,1.03041,1.03056,1.50,1.13
2011.09.23 07:11:14.590,1.03039,1.03055,1.50,3.98
2011.09.23 07:11:18.598,1.03036,1.03051,2.25,1.62
2011.09.23 07:11:18.719,1.03035,1.03051,2.25,1.62
2011.09.23 07:11:18.841,1.03033,1.03049,2.25,2.10
2011.09.23 07:11:19.089,1.03033,1.03047,1.50,2.63
2011.09.23 07:11:19.332,1.03032,1.03046,1.50,1.25
2011.09.23 07:11:19.459,1.03031,1.03047,2.25,2.63
2011.09.23 07:11:20.347,1.03034,1.03047,2.25,1.88
2011.09.23 07:11:23.982,1.03034,1.03048,3.00,2.00
2011.09.23 07:11:24.346,1.03034,1.03049,2.25,1.88
2011.09.23 07:11:25.147,1.03034,1.0305,2.25,2.00
2011.09.23 07:11:26.668,1.03034,1.03052,3.00,2.00
2011.09.23 07:11:27.358,1.03037,1.03053,1.13,1.13
2011.09.23 07:11:27.903,1.03041,1.03053,1.50,1.13
2011.09.23 07:11:28.038,1.03041,1.03057,1.50,1.13
2011.09.23 07:11:29.439,1.0304,1.03056,1.50,1.13
2011.09.23 07:11:29.795,1.03039,1.03056,2.63,2.00
2011.09.23 07:11:30.160,1.03039,1.03054,1.13,2.37
2011.09.23 07:11:30.517,1.0304,1.03054,1.50,1.62
2011.09.23 07:11:31.499,1.03042,1.03054,1.50,1.62
2011.09.23 07:11:32.687,1.0304,1.03054,1.13,1.50
2011.09.23 07:11:32.810,1.03041,1.03054,1.50,1.50
2011.09.23 07:11:33.956,1.03039,1.03054,1.88,1.50
2011.09.23 07:11:34.592,1.03044,1.03054,1.88,1.50
2011.09.23 07:11:34.702,1.03045,1.03063,1.88,2.63
2011.09.23 07:11:34.844,1.03045,1.03062,1.88,1.50
2011.09.23 07:11:35.571,1.03046,1.03062,1.50,1.50
2011.09.23 07:11:35.705,1.03049,1.03065,1.50,3.38
2011.09.23 07:11:35.947,1.03047,1.03064,1.50,1.25
2011.09.23 07:11:36.069,1.03046,1.03062,1.50,1.13
2011.09.23 07:11:36.315,1.03045,1.03061,1.13,1.50
2011.09.23 07:11:37.408,1.03046,1.03062,1.50,3.12
2011.09.23 07:11:37.778,1.03048,1.03062,1.50,1.50
2011.09.23 07:11:37.901,1.03051,1.03065,1.50,3.50
2011.09.23 07:11:38.515,1.03048,1.03065,1.50,1.62
2011.09.23 07:11:39.115,1.03051,1.03066,1.50,1.50
2011.09.23 07:11:40.011,1.03048,1.03066,2.63,1.50
2011.09.23 07:11:40.140,1.03046,1.03062,1.13,1.13
2011.09.23 07:11:40.750,1.03046,1.03063,1.50,2.00
2011.09.23 07:11:42.846,1.03045,1.03062,1.50,1.62
2011.09.23 07:11:43.447,1.03042,1.0306,1.50,1.88
2011.09.23 07:11:44.169,1.03042,1.03056,2.63,1.13
2011.09.23 07:11:44.541,1.03039,1.03052,1.88,1.13
2011.09.23 07:11:44.673,1.03037,1.03052,1.13,1.13
2011.09.23 07:11:45.204,1.03035,1.03051,1.50,2.37
2011.09.23 07:11:45.333,1.03034,1.0305,1.13,2.10
2011.09.23 07:11:45.456,1.03034,1.0305,1.13,2.97
2011.09.23 07:11:46.996,1.03034,1.0305,1.88,1.62
2011.09.23 07:11:47.569,1.03036,1.03051,1.50,1.62
2011.09.23 07:11:47.687,1.03037,1.03052,1.50,1.13
2011.09.23 07:11:48.463,1.03037,1.03054,1.50,2.22
2011.09.23 07:11:49.187,1.03036,1.03053,1.88,3.12
2011.09.23 07:11:49.309,1.03036,1.03052,1.88,1.62
2011.09.23 07:11:49.915,1.03035,1.03049,1.50,2.37
2011.09.23 07:11:50.282,1.03033,1.03049,1.50,2.75
2011.09.23 07:11:50.411,1.03032,1.03049,1.13,2.75
2011.09.23 07:11:50.655,1.03032,1.03049,1.88,1.25
2011.09.23 07:11:51.840,1.03038,1.03053,1.50,1.47
2011.09.23 07:11:52.331,1.03038,1.03056,2.25,3.12
2011.09.23 07:11:52.698,1.03039,1.03055,1.50,1.62
2011.09.23 07:11:53.453,1.03037,1.03053,2.25,1.50
2011.09.23 07:11:54.371,1.03035,1.0305,1.13,1.88
2011.09.23 07:11:54.505,1.03036,1.0305,1.50,1.13
2011.09.23 07:11:54.981,1.03035,1.03049,1.50,1.50
2011.09.23 07:11:55.112,1.03035,1.03051,2.25,1.13
2011.09.23 07:11:55.592,1.03037,1.03053,1.50,1.25
2011.09.23 07:11:55.958,1.03037,1.03053,2.25,2.00
2011.09.23 07:11:56.558,1.03035,1.03049,1.88,1.13
2011.09.23 07:11:57.779,1.03035,1.03051,2.63,1.50
2011.09.23 07:11:58.136,1.03038,1.03054,1.88,1.62
2011.09.23 07:11:59.395,1.03038,1.03054,1.88,1.62
2011.09.23 07:11:59.981,1.0304,1.03056,1.13,1.47
2011.09.23 07:12:00.570,1.03041,1.03059,3.00,1.62
2011.09.23 07:12:00.699,1.03041,1.03059,2.25,1.62
2011.09.23 07:12:00.937,1.03042,1.03058,1.50,1.62
2011.09.23 07:12:01.297,1.03042,1.03058,1.50,1.25
2011.09.23 07:12:01.659,1.03044,1.03061,1.50,1.62
2011.09.23 07:12:01.789,1.03044,1.03062,1.50,3.87
2011.09.23 07:12:02.365,1.03043,1.0306,1.50,1.13
2011.09.23 07:12:06.112,1.03045,1.03061,1.50,2.37
2011.09.23 07:12:07.174,1.03046,1.03061,1.50,1.50
2011.09.23 07:12:07.657,1.03045,1.0306,1.50,1.62
2011.09.23 07:12:07.903,1.0304,1.03057,1.88,1.50
2011.09.23 07:12:08.510,1.0304,1.03055,1.50,1.62
2011.09.23 07:12:08.643,1.03038,1.03052,1.50,1.13
2011.09.23 07:12:08.773,1.03037,1.03052,1.13,1.50
2011.09.23 07:12:09.661,1.03034,1.03051,1.50,1.62
2011.09.23 07:12:10.034,1.03037,1.03053,1.50,2.63
2011.09.23 07:12:10.405,1.03041,1.03057,1.50,2.00
2011.09.23 07:12:10.530,1.03039,1.03055,1.50,1.25
2011.09.23 07:12:10.661,1.03038,1.03055,1.50,1.25
2011.09.23 07:12:11.029,1.03043,1.03057,1.50,2.75
2011.09.23 07:12:11.506,1.03043,1.03059,1.50,3.87
2011.09.23 07:12:12.190,1.03041,1.03059,1.50,3.87
2011.09.23 07:12:12.333,1.03042,1.03059,2.25,1.62
2011.09.23 07:12:12.708,1.03047,1.03062,1.50,2.37
2011.09.23 07:12:12.832,1.03047,1.03064,1.50,1.62
2011.09.23 07:12:12.959,1.03052,1.03064,1.50,1.50
2011.09.23 07:12:13.206,1.03054,1.03066,1.50,1.50
2011.09.23 07:12:13.331,1.03055,1.03066,1.50,1.50
2011.09.23 07:12:13.821,1.0305,1.03066,1.50,1.62
2011.09.23 07:12:14.314,1.0305,1.03066,1.50,2.37
2011.09.23 07:12:14.905,1.03052,1.03066,1.50,1.62
2011.09.23 07:12:17.637,1.0305,1.03066,1.50,1.62
2011.09.23 07:12:18.257,1.03047,1.03066,2.25,1.62
2011.09.23 07:12:18.848,1.03049,1.03066,1.50,2.37
2011.09.23 07:12:20.166,1.03049,1.03066,1.50,1.62
2011.09.23 07:12:20.760,1.03049,1.03067,1.50,1.62
2011.09.23 07:12:20.998,1.03051,1.03067,1.50,1.62
2011.09.23 07:12:22.305,1.03052,1.03068,1.50,2.25
2011.09.23 07:12:23.920,1.03055,1.03068,1.50,3.12
2011.09.23 07:12:24.756,1.03056,1.03068,1.50,1.50
2011.09.23 07:12:25.122,1.03057,1.03073,1.13,3.50
2011.09.23 07:12:25.690,1.03062,1.03073,1.50,2.75
2011.09.23 07:12:25.815,1.03068,1.03078,1.50,1.50
2011.09.23 07:12:26.409,1.03065,1.03078,1.50,1.50
2011.09.23 07:12:29.446,1.03063,1.03078,1.50,1.50
2011.09.23 07:12:29.691,1.03061,1.03075,1.50,1.73
2011.09.23 07:12:30.062,1.03057,1.0307,1.88,1.47
2011.09.23 07:12:30.549,1.03058,1.0307,1.50,1.47
2011.09.23 07:12:30.668,1.03058,1.0307,1.50,1.47
2011.09.23 07:12:31.587,1.03051,1.0307,1.13,1.47
2011.09.23 07:12:31.738,1.03045,1.03063,1.88,2.37
2011.09.23 07:12:31.862,1.03045,1.03062,1.88,1.62
2011.09.23 07:12:31.988,1.03048,1.03063,1.50,1.62
2011.09.23 07:12:32.465,1.03045,1.03063,1.88,2.37
2011.09.23 07:12:33.556,1.03047,1.03063,1.13,3.50
2011.09.23 07:12:34.152,1.03049,1.03063,1.50,1.88
2011.09.23 07:12:34.298,1.03049,1.03067,1.88,1.88
2011.09.23 07:12:34.545,1.03048,1.03065,1.88,3.38
2011.09.23 07:12:35.186,1.03048,1.03064,1.50,1.25
2011.09.23 07:12:35.781,1.03046,1.03063,1.50,1.13
2011.09.23 07:12:35.907,1.03046,1.03063,1.50,1.88
2011.09.23 07:12:36.439,1.03046,1.03059,1.50,1.50
2011.09.23 07:12:38.074,1.03043,1.03059,1.50,1.88
2011.09.23 07:12:38.318,1.03041,1.03057,2.63,1.50
2011.09.23 07:12:38.437,1.03041,1.03057,1.13,1.50
2011.09.23 07:12:40.088,1.03048,1.03063,1.50,1.88
2011.09.23 07:12:40.453,1.03052,1.03063,1.50,1.88
2011.09.23 07:12:41.110,1.03052,1.03067,1.50,1.88
2011.09.23 07:12:42.644,1.03062,1.03074,1.50,1.88
2011.09.23 07:12:42.765,1.03062,1.03076,1.50,2.25
2011.09.23 07:12:43.011,1.03058,1.03075,1.50,1.50
2011.09.23 07:12:43.143,1.03058,1.03075,2.25,1.50
2011.09.23 07:12:43.276,1.03056,1.03071,1.88,1.50
2011.09.23 07:12:43.639,1.03054,1.0307,1.50,2.63
2011.09.23 07:12:44.002,1.03055,1.03069,2.25,1.88
2011.09.23 07:12:44.823,1.03057,1.03072,1.50,1.88
2011.09.23 07:12:45.803,1.03058,1.03072,1.50,3.75
2011.09.23 07:12:46.289,1.03056,1.03072,1.50,3.75
2011.09.23 07:12:46.636,1.03053,1.03069,2.25,2.25
2011.09.23 07:12:46.998,1.03055,1.03069,1.50,1.88
2011.09.23 07:12:51.946,1.03054,1.03068,1.50,1.88
2011.09.23 07:12:52.065,1.03054,1.0307,1.50,2.63
2011.09.23 07:12:52.899,1.03055,1.03069,1.50,1.88
2011.09.23 07:12:53.506,1.03057,1.03073,1.50,1.88
2011.09.23 07:12:53.871,1.03062,1.03071,1.50,1.88
2011.09.23 07:12:54.116,1.03061,1.03071,1.50,1.88
2011.09.23 07:12:54.467,1.03061,1.03074,1.50,1.88
2011.09.23 07:12:55.067,1.03061,1.03074,1.50,1.88
2011.09.23 07:12:55.308,1.03063,1.03074,1.50,1.88
2011.09.23 07:12:56.818,1.03061,1.03074,2.25,1.88
2011.09.23 07:12:56.936,1.03061,1.03077,2.25,1.88
2011.09.23 07:12:57.536,1.03061,1.03075,1.50,1.13
2011.09.23 07:12:58.018,1.0306,1.03076,2.25,2.25
2011.09.23 07:12:58.376,1.0306,1.03076,1.50,1.25
2011.09.23 07:12:58.937,1.0306,1.03077,2.63,2.75
2011.09.23 07:12:59.458,1.0306,1.03077,1.88,3.87
2011.09.23 07:13:00.155,1.0306,1.03076,1.13,1.62
2011.09.23 07:13:00.290,1.03053,1.03069,1.13,1.88
2011.09.23 07:13:00.653,1.03049,1.03066,1.88,1.50
2011.09.23 07:13:00.785,1.03049,1.03063,1.88,1.50
2011.09.23 07:13:00.913,1.03043,1.03058,1.50,1.50
2011.09.23 07:13:01.157,1.03042,1.03058,1.88,1.50
2011.09.23 07:13:01.279,1.03043,1.0306,1.50,2.10
2011.09.23 07:13:01.523,1.03047,1.03062,1.13,1.88
2011.09.23 07:13:01.766,1.03048,1.03064,2.25,1.13
2011.09.23 07:13:02.517,1.0305,1.03064,1.50,1.88
2011.09.23 07:13:02.641,1.03048,1.03064,1.50,1.88
2011.09.23 07:13:03.476,1.03047,1.03064,1.88,3.38
2011.09.23 07:13:03.840,1.03049,1.03064,1.13,1.88
2011.09.23 07:13:03.973,1.03048,1.03064,1.13,2.63
2011.09.23 07:13:04.339,1.03052,1.03066,1.13,1.13
2011.09.23 07:13:05.196,1.03052,1.03067,1.13,2.63
2011.09.23 07:13:05.550,1.0305,1.03067,2.25,2.63
2011.09.23 07:13:05.923,1.03048,1.03064,1.13,1.50
2011.09.23 07:13:06.867,1.03047,1.03064,1.88,3.38
2011.09.23 07:13:07.693,1.0305,1.03064,1.13,2.63
2011.09.23 07:13:07.833,1.03051,1.03066,1.50,2.63
2011.09.23 07:13:08.417,1.0305,1.03065,1.88,1.88
2011.09.23 07:13:10.032,1.0305,1.03065,1.50,2.63
2011.09.23 07:13:10.275,1.03047,1.03065,2.63,3.38
2011.09.23 07:13:11.146,1.03047,1.03062,1.50,1.62
2011.09.23 07:13:11.532,1.0304,1.03054,1.88,1.35
2011.09.23 07:13:11.658,1.03038,1.03054,1.50,1.35
2011.09.23 07:13:11.902,1.03038,1.03053,1.50,1.88
2011.09.23 07:13:12.615,1.03038,1.03053,1.13,1.88
2011.09.23 07:13:12.970,1.03042,1.03055,2.25,1.85
2011.09.23 07:13:13.102,1.03042,1.03056,1.50,2.00
2011.09.23 07:13:13.352,1.0304,1.03052,1.88,2.63
2011.09.23 07:13:13.931,1.03039,1.03051,1.50,1.13
2011.09.23 07:13:14.545,1.03041,1.03052,1.13,1.88
2011.09.23 07:13:14.671,1.03041,1.03055,1.13,1.88
2011.09.23 07:13:14.798,1.03042,1.03057,1.50,2.00
2011.09.23 07:13:15.397,1.03044,1.0306,1.13,3.23
2011.09.23 07:13:15.988,1.03045,1.03059,1.88,1.88
2011.09.23 07:13:17.720,1.03044,1.0306,1.50,2.63
2011.09.23 07:13:18.210,1.03044,1.0306,1.50,1.88
2011.09.23 07:13:18.691,1.03042,1.0306,3.00,2.63
2011.09.23 07:13:19.748,1.03042,1.0306,2.25,4.47
2011.09.23 07:13:20.568,1.03042,1.03057,2.25,1.88
2011.09.23 07:13:23.619,1.03043,1.03057,1.50,3.23
2011.09.23 07:13:24.260,1.0304,1.03055,1.50,1.50
2011.09.23 07:13:24.624,1.03036,1.03054,1.50,3.50
2011.09.23 07:13:24.876,1.03035,1.03051,2.63,1.62
2011.09.23 07:13:25.247,1.03032,1.03048,1.50,2.10
2011.09.23 07:13:25.826,1.03031,1.03048,1.50,1.35
2011.09.23 07:13:26.185,1.03031,1.03047,1.50,2.63
2011.09.23 07:13:26.756,1.0303,1.03047,2.63,2.75
2011.09.23 07:13:27.599,1.03029,1.03046,2.25,1.50
2011.09.23 07:13:27.719,1.03033,1.03047,1.13,2.75
2011.09.23 07:13:28.097,1.03033,1.03047,1.50,1.88
2011.09.23 07:13:28.697,1.03037,1.03047,1.13,1.88
2011.09.23 07:13:29.640,1.03037,1.03051,1.13,1.88
2011.09.23 07:13:32.089,1.03036,1.0305,1.13,1.88
2011.09.23 07:13:32.678,1.03034,1.0305,1.13,1.50
2011.09.23 07:13:33.156,1.0303,1.03048,4.13,1.50
2011.09.23 07:13:33.649,1.03036,1.03051,1.13,2.00
2011.09.23 07:13:34.359,1.03044,1.03059,1.50,1.88
2011.09.23 07:13:34.723,1.03046,1.0306,1.50,1.88
2011.09.23 07:13:34.974,1.03046,1.03062,2.25,1.88
2011.09.23 07:13:35.225,1.03049,1.03062,1.50,1.88
2011.09.23 07:13:36.503,1.03049,1.03066,1.50,1.85
2011.09.23 07:13:37.342,1.03049,1.03065,1.50,1.88
2011.09.23 07:13:37.471,1.03047,1.03064,2.25,1.50
2011.09.23 07:13:37.839,1.03047,1.03064,2.25,2.63
2011.09.23 07:13:38.438,1.03045,1.03061,1.50,3.00
2011.09.23 07:13:39.179,1.0304,1.03052,1.50,2.25
2011.09.23 07:13:39.435,1.03042,1.03055,1.13,1.88
2011.09.23 07:13:39.801,1.0304,1.03054,1.50,1.13
2011.09.23 07:13:39.934,1.03039,1.03054,1.13,2.75
2011.09.23 07:13:40.538,1.03038,1.03054,1.50,2.75
2011.09.23 07:13:40.891,1.0304,1.03054,1.50,2.00
2011.09.23 07:13:41.828,1.03039,1.03054,2.25,2.00
2011.09.23 07:13:41.957,1.03041,1.03054,1.13,1.13
2011.09.23 07:13:42.215,1.03043,1.03057,1.50,2.75
2011.09.23 07:13:42.460,1.03044,1.0306,1.13,1.85
2011.09.23 07:13:43.165,1.03044,1.0306,2.63,2.63
2011.09.23 07:13:43.289,1.03044,1.0306,2.25,2.63
2011.09.23 07:13:44.559,1.03044,1.03061,3.00,2.00
2011.09.23 07:13:44.678,1.03044,1.03061,2.25,1.62
2011.09.23 07:13:45.829,1.03044,1.03061,2.25,1.62
2011.09.23 07:13:46.070,1.03045,1.03062,2.25,1.25
2011.09.23 07:13:47.298,1.03044,1.03062,1.50,3.12
2011.09.23 07:13:47.658,1.03045,1.03061,1.50,1.25
2011.09.23 07:13:48.022,1.03047,1.0306,1.50,1.88
2011.09.23 07:13:48.969,1.03044,1.03058,2.25,1.47
2011.09.23 07:13:49.452,1.03044,1.0306,3.00,2.63
2011.09.23 07:13:49.937,1.03042,1.03059,1.88,1.13
2011.09.23 07:13:50.788,1.0304,1.03056,2.25,1.13
2011.09.23 07:13:50.918,1.03038,1.03054,1.50,1.73
2011.09.23 07:13:51.417,1.03037,1.03054,1.50,1.73
2011.09.23 07:13:51.777,1.03038,1.03054,1.50,3.23
2011.09.23 07:13:52.006,1.03037,1.03054,1.13,3.98
2011.09.23 07:13:52.356,1.03037,1.03053,1.13,2.00
2011.09.23 07:13:53.276,1.03038,1.03053,1.50,2.00
2011.09.23 07:13:53.855,1.03037,1.03053,1.13,2.75
2011.09.23 07:13:54.648,1.03037,1.03053,1.50,2.75
2011.09.23 07:13:55.292,1.03037,1.03053,1.13,3.50
2011.09.23 07:13:56.488,1.03036,1.03053,1.13,2.75
2011.09.23 07:13:56.729,1.03035,1.03053,1.50,3.12
2011.09.23 07:13:58.503,1.03037,1.03052,1.50,1.50
2011.09.23 07:13:58.632,1.0304,1.03055,1.13,1.88
2011.09.23 07:13:58.761,1.03042,1.03055,1.50,1.88
2011.09.23 07:13:59.247,1.03042,1.03057,1.50,2.48
2011.09.23 07:13:59.846,1.03042,1.03056,1.50,1.88
2011.09.23 07:14:00.212,1.03043,1.03058,1.13,3.23
2011.09.23 07:14:00.735,1.03043,1.03058,1.88,1.88
2011.09.23 07:14:00.861,1.03043,1.03059,1.88,1.13
2011.09.23 07:14:00.986,1.03043,1.03059,1.13,1.13
2011.09.23 07:14:03.088,1.03042,1.03057,1.50,1.88
2011.09.23 07:14:03.209,1.0304,1.03057,1.50,2.63
2011.09.23 07:14:03.912,1.03039,1.03056,3.38,1.50
2011.09.23 07:14:04.428,1.0304,1.03056,1.50,1.50
2011.09.23 07:14:05.815,1.0304,1.03056,1.50,1.50
2011.09.23 07:14:06.302,1.03037,1.03054,1.50,2.85
2011.09.23 07:14:06.548,1.03035,1.03051,1.88,1.50
2011.09.23 07:14:07.197,1.03035,1.03051,1.13,1.50
2011.09.23 07:14:07.559,1.03034,1.03049,1.50,1.50
2011.09.23 07:14:07.918,1.03035,1.03051,1.88,1.50
2011.09.23 07:14:08.040,1.03036,1.03052,1.13,1.50
2011.09.23 07:14:08.878,1.03035,1.03052,1.88,1.13
2011.09.23 07:14:10.583,1.03036,1.03052,1.13,1.13
2011.09.23 07:14:10.969,1.03043,1.03059,1.13,2.25
2011.09.23 07:14:11.564,1.03042,1.03058,1.13,1.50
2011.09.23 07:14:11.806,1.03042,1.03059,1.13,1.13
2011.09.23 07:14:12.166,1.03041,1.03057,1.13,1.50
2011.09.23 07:14:12.533,1.0304,1.03057,1.13,2.25
2011.09.23 07:14:14.016,1.03045,1.03059,2.25,1.25
2011.09.23 07:14:14.262,1.03049,1.03063,1.50,2.63
2011.09.23 07:14:14.873,1.03048,1.03063,1.50,1.88
2011.09.23 07:14:15.460,1.0304,1.03053,2.25,1.50
2011.09.23 07:14:15.592,1.03037,1.03052,1.50,1.13
2011.09.23 07:14:15.725,1.03036,1.03051,1.13,1.50
2011.09.23 07:14:15.970,1.03034,1.03051,3.00,1.50
2011.09.23 07:14:16.328,1.03034,1.03048,4.13,1.50
2011.09.23 07:14:16.571,1.03035,1.03051,1.13,1.50
2011.09.23 07:14:16.698,1.03036,1.03052,1.13,1.50
2011.09.23 07:14:17.055,1.03035,1.03053,1.88,2.25
2011.09.23 07:14:17.649,1.03033,1.03051,1.13,1.62
2011.09.23 07:14:18.016,1.03031,1.03045,3.00,1.13
2011.09.23 07:14:18.383,1.03025,1.03041,1.50,1.35
2011.09.23 07:14:18.632,1.03027,1.03041,1.13,1.35
2011.09.23 07:14:19.237,1.03028,1.03044,1.50,2.00
2011.09.23 07:14:20.488,1.03026,1.03043,1.88,1.62
2011.09.23 07:14:21.319,1.03026,1.03043,1.50,2.75
2011.09.23 07:14:21.680,1.03025,1.0304,1.50,1.13
2011.09.23 07:14:22.292,1.03024,1.0304,1.50,2.25
2011.09.23 07:14:22.660,1.03021,1.03038,1.88,1.62
2011.09.23 07:14:23.274,1.03021,1.03036,1.13,1.35
2011.09.23 07:14:23.879,1.03019,1.03036,1.13,1.35
2011.09.23 07:14:24.468,1.03019,1.03036,3.38,1.73
2011.09.23 07:14:26.596,1.03019,1.03036,1.88,2.22
2011.09.23 07:14:26.960,1.03017,1.03034,1.50,2.75
2011.09.23 07:14:27.093,1.03015,1.03031,1.88,1.62
2011.09.23 07:14:27.616,1.03015,1.03033,2.63,1.62
2011.09.23 07:14:29.251,1.03016,1.03031,1.50,1.62
2011.09.23 07:14:29.386,1.03014,1.0303,1.13,2.10
2011.09.23 07:14:30.115,1.03014,1.03029,1.13,3.23
2011.09.23 07:14:30.481,1.03014,1.03028,1.13,1.35
2011.09.23 07:14:30.973,1.03012,1.03024,1.13,1.35
2011.09.23 07:14:31.328,1.03008,1.03022,1.13,1.50
2011.09.23 07:14:31.452,1.03005,1.0302,1.88,1.73
2011.09.23 07:14:31.581,1.03003,1.03018,2.63,1.13
2011.09.23 07:14:32.123,1.03002,1.03009,1.13,1.50
2011.09.23 07:14:32.246,1.02997,1.03008,1.50,1.13
2011.09.23 07:14:32.370,1.02996,1.0301,1.13,1.25
2011.09.23 07:14:32.502,1.02996,1.03011,1.88,1.25
2011.09.23 07:14:32.634,1.02993,1.03011,3.75,2.37
2011.09.23 07:14:33.118,1.02994,1.03011,2.63,2.00
2011.09.23 07:14:33.480,1.02995,1.03011,1.50,1.47
2011.09.23 07:14:33.731,1.02993,1.03009,3.00,1.62
2011.09.23 07:14:34.419,1.02993,1.03009,1.88,1.62
2011.09.23 07:14:34.886,1.02991,1.03008,1.50,1.62
2011.09.23 07:14:35.467,1.02991,1.03007,1.50,1.47
2011.09.23 07:14:35.830,1.0299,1.03005,2.25,2.37
2011.09.23 07:14:36.432,1.02988,1.03002,1.50,1.62
2011.09.23 07:14:36.960,1.02984,1.02998,1.88,1.50
2011.09.23 07:14:37.343,1.02983,1.02997,1.88,1.50
2011.09.23 07:14:37.473,1.02983,1.02997,1.50,1.50
2011.09.23 07:14:37.723,1.02983,1.02999,1.88,2.10
2011.09.23 07:14:37.969,1.02983,1.02998,1.88,1.62
2011.09.23 07:14:38.569,1.02983,1.02998,1.13,2.37
2011.09.23 07:14:39.090,1.02983,1.02998,1.13,1.50
2011.09.23 07:14:39.219,1.02983,1.02998,1.13,1.50
2011.09.23 07:14:40.886,1.02981,1.02997,1.13,1.62
2011.09.23 07:14:42.020,1.0298,1.02994,3.00,1.50
2011.09.23 07:14:43.427,1.02979,1.02993,1.88,1.50
2011.09.23 07:14:43.550,1.02977,1.02993,2.63,1.50
2011.09.23 07:14:43.670,1.02977,1.02993,2.63,1.50
2011.09.23 07:14:43.800,1.02974,1.0299,1.50,1.88
2011.09.23 07:14:44.365,1.0297,1.02985,1.50,1.13
2011.09.23 07:14:44.495,1.02969,1.02986,1.13,1.50
2011.09.23 07:14:44.622,1.02968,1.02985,2.25,1.50
2011.09.23 07:14:44.991,1.02967,1.02982,1.50,1.50
2011.09.23 07:14:45.242,1.02963,1.02978,3.00,1.35
2011.09.23 07:14:46.209,1.02962,1.02978,1.50,1.35
2011.09.23 07:14:46.334,1.02962,1.02978,1.50,1.47
2011.09.23 07:14:46.577,1.0296,1.02976,1.13,1.50
2011.09.23 07:14:46.938,1.0296,1.02977,1.13,1.50
2011.09.23 07:14:47.542,1.02963,1.02979,1.13,1.62
2011.09.23 07:14:47.909,1.0297,1.02983,1.50,1.13
2011.09.23 07:14:48.518,1.02971,1.02986,1.50,2.97
2011.09.23 07:14:48.653,1.0297,1.02986,1.50,2.22
2011.09.23 07:14:49.498,1.0297,1.02986,1.88,2.10
2011.09.23 07:14:49.869,1.02977,1.02992,1.88,1.50
2011.09.23 07:14:49.997,1.02981,1.02995,1.88,2.25
2011.09.23 07:14:50.124,1.02983,1.02996,1.50,3.00
2011.09.23 07:14:50.777,1.02983,1.02999,1.50,1.13
2011.09.23 07:14:51.140,1.0298,1.02993,3.38,1.35
2011.09.23 07:14:51.276,1.02978,1.02993,1.88,2.10
2011.09.23 07:14:51.400,1.02975,1.02991,1.88,1.50
2011.09.23 07:14:51.747,1.02975,1.02992,1.88,1.85
2011.09.23 07:14:52.950,1.02978,1.02994,1.50,1.13
2011.09.23 07:14:53.446,1.0298,1.02994,1.50,1.13
2011.09.23 07:14:53.811,1.02984,1.02998,1.50,1.35
2011.09.23 07:14:53.940,1.02984,1.03001,1.50,1.13
2011.09.23 07:14:54.430,1.02984,1.03002,1.88,2.10
2011.09.23 07:14:54.669,1.02984,1.02999,1.88,1.35
2011.09.23 07:14:55.311,1.02984,1.02999,1.88,1.35
2011.09.23 07:14:55.447,1.02983,1.02999,1.88,1.35
2011.09.23 07:14:56.060,1.02982,1.02996,1.50,1.50
2011.09.23 07:14:56.179,1.0298,1.02993,1.50,1.50
2011.09.23 07:14:56.302,1.02977,1.02993,1.13,1.50
2011.09.23 07:14:56.553,1.02978,1.02994,1.50,1.62
2011.09.23 07:14:57.387,1.02978,1.02994,1.50,1.62
2011.09.23 07:14:58.183,1.0298,1.02997,1.50,3.50
2011.09.23 07:14:58.319,1.02978,1.02995,1.50,1.62
2011.09.23 07:14:58.567,1.02981,1.02996,1.13,1.62
2011.09.23 07:14:58.696,1.02982,1.03001,1.50,2.75
2011.09.23 07:14:58.821,1.02985,1.03002,1.50,3.50
2011.09.23 07:14:59.192,1.02993,1.03009,3.00,1.50
2011.09.23 07:14:59.325,1.02993,1.03011,2.25,1.88
2011.09.23 07:14:59.455,1.02993,1.03011,2.25,2.25
2011.09.23 07:14:59.699,1.02993,1.03006,1.50,1.13
2011.09.23 07:15:00.365,1.0299,1.03006,1.50,2.00
2011.09.23 07:15:00.610,1.02989,1.03005,1.88,1.50
2011.09.23 07:15:00.968,1.02986,1.03004,1.13,2.37
2011.09.23 07:15:01.437,1.02986,1.03001,1.13,1.35
2011.09.23 07:15:01.681,1.02985,1.03001,1.13,1.50
2011.09.23 07:15:01.812,1.02984,1.03001,1.50,3.23
2011.09.23 07:15:01.943,1.02983,1.02999,3.38,1.35
2011.09.23 07:15:02.625,1.02983,1.02997,3.38,1.13
2011.09.23 07:15:02.782,1.02981,1.02995,1.50,1.50
2011.09.23 07:15:02.914,1.02978,1.02995,1.50,1.50
2011.09.23 07:15:03.042,1.02978,1.02994,1.13,1.62
2011.09.23 07:15:03.648,1.02979,1.02995,1.50,1.47
2011.09.23 07:15:03.891,1.02977,1.02994,1.13,3.23
2011.09.23 07:15:04.016,1.02977,1.02994,1.13,3.35
2011.09.23 07:15:04.390,1.02976,1.02992,2.25,1.62
2011.09.23 07:15:05.059,1.02972,1.02989,3.38,1.25
2011.09.23 07:15:05.657,1.02973,1.0299,1.50,2.75
2011.09.23 07:15:06.598,1.02973,1.02989,1.50,1.13
2011.09.23 07:15:07.195,1.02972,1.02989,1.88,1.88
2011.09.23 07:15:07.816,1.02971,1.02985,1.50,1.35
2011.09.23 07:15:08.303,1.02972,1.02989,1.13,2.00
2011.09.23 07:15:08.673,1.02983,1.02994,1.13,2.25
2011.09.23 07:15:08.801,1.02983,1.02998,1.88,2.25
2011.09.23 07:15:09.289,1.02985,1.02998,1.50,2.63
2011.09.23 07:15:09.893,1.02985,1.02999,1.50,1.13
2011.09.23 07:15:10.031,1.02985,1.03,1.50,1.50
2011.09.23 07:15:10.514,1.02985,1.03001,1.50,1.35
2011.09.23 07:15:10.765,1.02988,1.03002,1.88,1.13
2011.09.23 07:15:11.372,1.02988,1.03003,1.88,1.88
2011.09.23 07:15:11.623,1.02985,1.03002,4.50,1.50
2011.09.23 07:15:12.275,1.0298,1.02995,2.63,2.63
2011.09.23 07:15:12.877,1.02982,1.02997,1.50,1.62
2011.09.23 07:15:13.360,1.02979,1.02996,1.50,2.00
2011.09.23 07:15:13.734,1.02981,1.02994,1.50,1.50
2011.09.23 07:15:14.473,1.02987,1.03001,1.13,2.10
2011.09.23 07:15:14.613,1.03001,1.03012,1.50,3.75
2011.09.23 07:15:14.865,1.03001,1.03012,1.50,3.00
2011.09.23 07:15:14.993,1.03001,1.03016,1.50,1.13
2011.09.23 07:15:15.122,1.03001,1.03014,1.50,1.13
2011.09.23 07:15:15.495,1.03001,1.03011,1.50,1.50
2011.09.23 07:15:15.620,1.02998,1.03011,1.50,1.50
2011.09.23 07:15:16.281,1.02999,1.03013,1.50,1.62
2011.09.23 07:15:17.251,1.03002,1.03018,1.50,3.50
2011.09.23 07:15:17.496,1.03003,1.03018,1.50,1.62
2011.09.23 07:15:18.317,1.03003,1.03018,1.50,1.50
2011.09.23 07:15:18.789,1.03002,1.03015,1.13,1.50
2011.09.23 07:15:18.912,1.03005,1.03019,1.50,1.50
2011.09.23 07:15:19.618,1.03007,1.03021,1.50,1.50
2011.09.23 07:15:20.220,1.03006,1.03023,1.50,1.50
2011.09.23 07:15:20.340,1.03006,1.03024,2.25,1.62
2011.09.23 07:15:20.577,1.03006,1.03024,1.50,2.37
2011.09.23 07:15:21.046,1.03006,1.03024,2.25,1.62
2011.09.23 07:15:21.647,1.03007,1.03023,1.50,1.13
2011.09.23 07:15:22.219,1.03009,1.03025,1.50,2.75
2011.09.23 07:15:22.488,1.03021,1.03037,1.13,1.50
2011.09.23 07:15:22.614,1.03023,1.03038,1.50,2.63
2011.09.23 07:15:23.582,1.03023,1.0304,1.50,2.25
2011.09.23 07:15:23.950,1.03022,1.03038,1.50,1.13
2011.09.23 07:15:24.068,1.03021,1.03037,1.50,1.50
2011.09.23 07:15:25.310,1.03021,1.0304,1.50,3.23
2011.09.23 07:15:25.453,1.03021,1.03034,2.25,1.50
2011.09.23 07:15:25.824,1.03017,1.03029,1.50,1.13
2011.09.23 07:15:26.191,1.03014,1.03028,1.13,1.50
2011.09.23 07:15:26.325,1.03012,1.03027,1.13,1.50
2011.09.23 07:15:28.358,1.0301,1.03027,1.50,1.50
2011.09.23 07:15:28.718,1.03013,1.03027,1.13,1.50
2011.09.23 07:15:29.319,1.03013,1.03027,1.88,1.50
2011.09.23 07:15:29.688,1.03021,1.03037,1.50,2.63
2011.09.23 07:15:30.413,1.03024,1.03038,1.50,2.63
2011.09.23 07:15:30.666,1.0302,1.03036,1.50,1.50
2011.09.23 07:15:30.916,1.03019,1.03034,1.50,1.50
2011.09.23 07:15:31.278,1.03017,1.03029,1.88,1.50
2011.09.23 07:15:31.763,1.03017,1.03032,1.50,2.25
2011.09.23 07:15:32.013,1.03013,1.0303,1.50,1.50
2011.09.23 07:15:32.138,1.03012,1.03028,1.50,1.50
2011.09.23 07:15:32.706,1.0301,1.03028,3.00,2.48
2011.09.23 07:15:33.068,1.03009,1.03024,1.13,1.50
2011.09.23 07:15:33.428,1.03009,1.03022,1.13,1.50
2011.09.23 07:15:34.028,1.03006,1.03021,3.38,1.50
2011.09.23 07:15:34.517,1.03006,1.03019,1.50,1.50
2011.09.23 07:15:34.963,1.03006,1.03019,1.50,1.50
2011.09.23 07:15:35.692,1.03005,1.03015,1.50,2.25
2011.09.23 07:15:36.046,1.03006,1.03014,1.50,1.50
2011.09.23 07:15:36.412,1.03006,1.03011,1.50,1.13
2011.09.23 07:15:36.661,1.02994,1.03005,1.88,1.50
2011.09.23 07:15:36.913,1.02992,1.03005,1.13,1.50
2011.09.23 07:15:37.417,1.02988,1.03004,2.25,1.50
2011.09.23 07:15:37.901,1.02991,1.03004,3.00,1.88
2011.09.23 07:15:38.151,1.02994,1.0301,2.63,1.50
2011.09.23 07:15:38.762,1.02993,1.03008,1.50,1.50
2011.09.23 07:15:39.478,1.02992,1.03008,2.25,1.88
2011.09.23 07:15:39.632,1.02996,1.03011,1.50,1.73
2011.09.23 07:15:39.883,1.02996,1.03014,1.88,1.88
2011.09.23 07:15:40.011,1.02997,1.03014,1.13,1.50
2011.09.23 07:15:40.619,1.02996,1.03012,4.13,1.50
2011.09.23 07:15:40.743,1.02996,1.03012,3.38,1.50
2011.09.23 07:15:41.228,1.02997,1.03011,1.13,1.50
2011.09.23 07:15:41.888,1.02994,1.0301,1.50,1.50
2011.09.23 07:15:42.022,1.02997,1.0301,1.50,1.50
2011.09.23 07:15:42.153,1.02994,1.03009,1.88,1.35
2011.09.23 07:15:42.524,1.02991,1.03002,1.50,1.50
2011.09.23 07:15:42.894,1.02987,1.03002,3.00,2.25
2011.09.23 07:15:43.026,1.02985,1.03,2.25,2.10
2011.09.23 07:15:43.152,1.02985,1.02998,1.50,1.50
2011.09.23 07:15:43.400,1.02983,1.02998,1.88,2.25
2011.09.23 07:15:43.950,1.02983,1.02999,3.38,1.50
2011.09.23 07:15:44.892,1.02983,1.02995,3.38,1.13
2011.09.23 07:15:45.269,1.02972,1.02988,1.50,1.50
2011.09.23 07:15:46.186,1.02972,1.02987,1.50,1.50
2011.09.23 07:15:46.674,1.02976,1.02987,1.13,1.50
2011.09.23 07:15:47.283,1.02981,1.0299,1.50,1.50
2011.09.23 07:15:47.655,1.02981,1.02995,1.50,2.25
2011.09.23 07:15:48.237,1.02983,1.02995,3.38,1.50
2011.09.23 07:15:48.590,1.02997,1.03011,1.50,1.50
2011.09.23 07:15:48.721,1.02997,1.03013,1.50,1.88
2011.09.23 07:15:48.972,1.02996,1.03013,1.50,1.13
2011.09.23 07:15:49.566,1.02995,1.03011,1.50,1.13
2011.09.23 07:15:50.413,1.02997,1.03016,1.88,2.00
2011.09.23 07:15:51.020,1.03005,1.03021,1.13,2.25
2011.09.23 07:15:51.381,1.03006,1.03021,1.88,1.50
2011.09.23 07:15:51.749,1.03002,1.03018,2.63,2.10
2011.09.23 07:15:51.869,1.03002,1.03018,1.88,2.10
2011.09.23 07:15:52.228,1.03002,1.03016,1.88,1.50
2011.09.23 07:15:52.475,1.02997,1.03012,1.50,2.25
2011.09.23 07:15:53.009,1.02995,1.03007,1.50,1.50
2011.09.23 07:15:53.138,1.02991,1.03008,3.38,1.50
2011.09.23 07:15:53.497,1.02996,1.03007,1.88,1.50
2011.09.23 07:15:54.088,1.02996,1.03005,1.88,1.35
2011.09.23 07:15:54.208,1.02993,1.03005,2.25,1.35
2011.09.23 07:15:54.807,1.02992,1.03005,2.63,1.35
2011.09.23 07:15:55.627,1.02991,1.03005,1.13,2.10
2011.09.23 07:15:55.870,1.0299,1.03002,2.63,1.50
2011.09.23 07:15:56.243,1.02989,1.02997,1.13,1.50
2011.09.23 07:15:56.372,1.02986,1.02996,1.13,2.25
2011.09.23 07:15:56.976,1.02986,1.02997,1.88,1.50
2011.09.23 07:15:57.581,1.02986,1.02999,1.88,1.50
2011.09.23 07:15:58.175,1.02989,1.03,1.13,1.50
2011.09.23 07:15:58.304,1.02991,1.03006,2.25,1.50
2011.09.23 07:15:58.909,1.02991,1.03005,1.50,1.62
2011.09.23 07:15:59.256,1.02991,1.03004,1.50,1.62
2011.09.23 07:15:59.378,1.02991,1.03004,1.50,1.62
2011.09.23 07:15:59.946,1.02991,1.03004,1.13,2.37
2011.09.23 07:16:00.069,1.02991,1.03006,1.13,1.62
2011.09.23 07:16:00.727,1.02992,1.03007,3.38,1.17
2011.09.23 07:16:00.851,1.02992,1.03006,2.63,1.35
2011.09.23 07:16:01.106,1.02989,1.03004,1.88,1.47
2011.09.23 07:16:01.468,1.02988,1.03003,1.50,2.25
2011.09.23 07:16:01.589,1.02987,1.03002,1.13,1.50
2011.09.23 07:16:02.415,1.02987,1.03,1.13,2.48
2011.09.23 07:16:03.013,1.02982,1.02991,1.50,1.35
2011.09.23 07:16:03.155,1.02976,1.02989,1.13,1.50
2011.09.23 07:16:03.765,1.02977,1.02989,1.13,1.50
2011.09.23 07:16:04.370,1.02978,1.02993,1.13,1.50
2011.09.23 07:16:04.490,1.02978,1.02994,1.50,2.85
2011.09.23 07:16:05.154,1.02989,1.03003,1.13,1.50
2011.09.23 07:16:05.280,1.02989,1.03004,1.13,1.35
2011.09.23 07:16:05.520,1.02987,1.03001,1.88,1.35
2011.09.23 07:16:05.771,1.02984,1.02999,2.25,2.25
2011.09.23 07:16:06.139,1.02989,1.02999,1.13,2.25
2011.09.23 07:16:06.503,1.0299,1.03004,1.13,1.50
2011.09.23 07:16:07.360,1.02989,1.03002,1.88,1.50
2011.09.23 07:16:07.599,1.02985,1.03001,1.50,1.50
2011.09.23 07:16:07.724,1.02984,1.03,1.50,1.50
2011.09.23 07:16:08.087,1.0298,1.02994,2.25,1.50
2011.09.23 07:16:08.917,1.0298,1.02994,2.25,1.50
2011.09.23 07:16:09.552,1.02978,1.02992,3.00,1.50
2011.09.23 07:16:09.921,1.02978,1.02995,2.25,2.85
2011.09.23 07:16:10.050,1.02981,1.02995,1.88,2.85
2011.09.23 07:16:10.658,1.02981,1.02993,1.88,1.50
2011.09.23 07:16:11.697,1.02981,1.02992,1.88,1.50
2011.09.23 07:16:11.929,1.02978,1.02992,1.50,1.50
2011.09.23 07:16:12.623,1.0298,1.02992,1.88,1.50
2011.09.23 07:16:13.090,1.0298,1.02991,1.88,1.50
2011.09.23 07:16:13.215,1.02978,1.02991,1.13,1.50
2011.09.23 07:16:13.580,1.02976,1.02989,2.25,2.25
2011.09.23 07:16:13.702,1.02976,1.02989,2.25,1.50
2011.09.23 07:16:14.790,1.02972,1.02987,2.25,1.50
2011.09.23 07:16:14.908,1.02972,1.02986,2.25,1.50
2011.09.23 07:16:15.633,1.0297,1.02986,1.50,1.88
2011.09.23 07:16:15.769,1.02967,1.02985,1.50,1.50
2011.09.23 07:16:15.891,1.02966,1.02982,3.00,1.50
2011.09.23 07:16:16.738,1.02964,1.0298,2.25,1.50
2011.09.23 07:16:17.491,1.02964,1.02978,1.50,2.25
2011.09.23 07:16:17.619,1.02964,1.0298,1.50,1.50
2011.09.23 07:16:18.200,1.02964,1.0298,3.00,1.50
2011.09.23 07:16:18.897,1.02964,1.02978,1.13,1.50
2011.09.23 07:16:19.469,1.02964,1.02981,1.13,1.50
