2013.09.22 22:00:00.167,1.34322,1.34339,0.75,0.75
2013.09.22 22:00:00.823,1.34322,1.3437,0.75,0.38
2013.09.22 22:00:01.243,1.34322,1.34374,0.75,0.75
2013.09.22 22:00:01.304,1.34323,1.34343,0.75,0.75
2013.09.22 22:00:10.753,1.34325,1.34352,0.75,0.75
2013.09.22 22:00:10.813,1.34329,1.34354,0.75,0.75
2013.09.22 22:00:11.323,1.34329,1.34355,0.75,0.75
2013.09.22 22:00:14.794,1.34345,1.34355,0.38,0.75
2013.09.22 22:00:14.973,1.34369,1.34418,0.75,0.38
2013.09.22 22:00:15.393,1.34367,1.34418,0.75,0.38
2013.09.22 22:00:15.453,1.34379,1.34434,0.38,0.75
2013.09.22 22:00:15.933,1.34379,1.34438,0.38,0.75
2013.09.22 22:00:16.234,1.34379,1.34423,0.38,0.75
2013.09.22 22:00:16.413,1.34371,1.34423,0.75,0.75
2013.09.22 22:00:16.843,1.34369,1.34439,0.75,0.75
2013.09.22 22:00:18.773,1.34368,1.34438,0.75,0.75
2013.09.22 22:00:19.073,1.34368,1.34431,0.75,0.38
2013.09.22 22:00:21.724,1.34368,1.34427,0.75,0.38
2013.09.22 22:00:22.473,1.34369,1.34427,0.75,0.38
2013.09.22 22:00:24.693,1.34369,1.34429,0.75,0.38
2013.09.22 22:00:27.123,1.34364,1.34429,0.75,0.38
2013.09.22 22:00:27.673,1.34364,1.34431,0.75,0.38
2013.09.22 22:00:29.363,1.34367,1.34431,0.75,0.38
2013.09.22 22:00:30.333,1.34371,1.34409,0.75,0.75
2013.09.22 22:00:31.013,1.34382,1.34409,0.38,0.75
2013.09.22 22:00:31.433,1.3439,1.3441,0.75,0.75
2013.09.22 22:00:33.303,1.3439,1.34409,0.75,0.75
2013.09.22 22:00:33.903,1.3439,1.34411,0.75,0.75
2013.09.22 22:00:35.353,1.34385,1.34411,0.75,0.75
2013.09.22 22:00:35.473,1.34381,1.34411,0.38,0.75
2013.09.22 22:00:36.563,1.34375,1.34411,0.75,0.75
2013.09.22 22:00:36.803,1.34375,1.34407,0.75,0.75
2013.09.22 22:00:37.104,1.3437,1.34406,0.75,0.75
2013.09.22 22:00:38.383,1.3437,1.3442,0.75,0.75
2013.09.22 22:00:38.743,1.34365,1.3442,0.75,0.75
2013.09.22 22:00:39.543,1.34368,1.3442,0.38,0.75
2013.09.22 22:00:39.903,1.34402,1.34425,0.75,0.75
2013.09.22 22:00:40.023,1.34385,1.34425,0.75,0.75
2013.09.22 22:00:40.083,1.3438,1.3442,0.75,0.75
2013.09.22 22:00:40.384,1.34368,1.34405,0.38,0.75
2013.09.22 22:00:40.864,1.34365,1.34405,0.75,0.75
2013.09.22 22:00:40.934,1.34365,1.344,0.75,0.75
2013.09.22 22:00:41.234,1.34365,1.34405,0.75,0.75
2013.09.22 22:00:41.353,1.3437,1.34405,0.75,0.75
2013.09.22 22:00:41.533,1.34375,1.34415,0.75,0.75
2013.09.22 22:00:41.773,1.3436,1.34435,0.75,0.75
2013.09.22 22:00:41.953,1.3437,1.3441,0.75,0.75
2013.09.22 22:00:43.273,1.34375,1.34415,0.75,0.75
2013.09.22 22:00:44.514,1.3438,1.34405,0.75,0.75
2013.09.22 22:00:45.443,1.34375,1.34405,0.75,0.75
2013.09.22 22:00:46.543,1.34375,1.344,0.75,0.75
2013.09.22 22:00:46.844,1.3437,1.34395,0.75,0.75
2013.09.22 22:00:47.083,1.34365,1.34395,0.75,0.75
2013.09.22 22:00:47.264,1.34365,1.3439,0.75,0.75
2013.09.22 22:00:48.606,1.3436,1.34385,0.75,0.75
2013.09.22 22:00:48.963,1.34355,1.3438,0.75,0.75
2013.09.22 22:00:49.083,1.3435,1.3438,0.75,0.75
2013.09.22 22:00:49.203,1.34355,1.3438,0.75,0.75
2013.09.22 22:00:49.624,1.3436,1.34385,0.75,0.75
2013.09.22 22:00:50.044,1.34348,1.34397,0.75,0.75
2013.09.22 22:00:50.165,1.3435,1.3438,0.75,0.75
2013.09.22 22:00:52.174,1.34355,1.3438,0.75,0.75
2013.09.22 22:00:52.667,1.3436,1.34385,0.75,0.75
2013.09.22 22:00:53.084,1.34365,1.3439,0.75,0.75
2013.09.22 22:00:53.444,1.34387,1.34395,0.75,0.75
2013.09.22 22:00:53.623,1.34388,1.344,0.75,0.75
2013.09.22 22:00:53.923,1.34389,1.34403,0.75,0.75
2013.09.22 22:00:54.583,1.34388,1.34402,0.75,0.75
2013.09.22 22:00:56.104,1.34389,1.34403,0.75,0.75
2013.09.22 22:00:57.494,1.34395,1.34405,0.75,0.75
2013.09.22 22:00:57.554,1.34395,1.3441,0.75,0.75
2013.09.22 22:00:58.153,1.34385,1.3441,0.75,0.75
2013.09.22 22:00:58.273,1.3438,1.34405,0.75,0.75
2013.09.22 22:00:58.634,1.34399,1.34405,0.75,0.75
2013.09.22 22:00:58.693,1.34399,1.3441,0.75,0.75
2013.09.22 22:00:59.473,1.344,1.3441,0.75,0.75
2013.09.22 22:01:00.883,1.34399,1.3441,0.75,0.75
2013.09.22 22:01:01.423,1.344,1.3441,0.75,0.75
2013.09.22 22:01:12.803,1.344,1.34415,0.75,0.75
2013.09.22 22:01:15.091,1.34385,1.34403,0.75,0.75
2013.09.22 22:01:15.166,1.34367,1.34387,0.75,0.75
2013.09.22 22:01:15.224,1.34365,1.34384,0.75,0.75
2013.09.22 22:01:15.343,1.34362,1.34384,0.38,0.75
2013.09.22 22:01:15.644,1.34365,1.34384,0.75,0.75
2013.09.22 22:01:16.805,1.34365,1.3439,0.75,0.75
2013.09.22 22:01:16.985,1.34365,1.34395,0.75,0.75
2013.09.22 22:01:17.104,1.3437,1.34395,0.75,0.75
2013.09.22 22:01:17.284,1.34365,1.34395,0.75,0.75
2013.09.22 22:01:17.584,1.34365,1.3439,0.75,0.75
2013.09.22 22:01:18.834,1.3436,1.34385,1.50,0.75
2013.09.22 22:01:21.114,1.34356,1.34385,0.75,0.75
2013.09.22 22:01:21.354,1.34364,1.34385,0.75,0.75
2013.09.22 22:01:21.414,1.34364,1.3439,0.75,0.75
2013.09.22 22:01:21.774,1.34365,1.34384,0.75,0.75
2013.09.22 22:01:21.833,1.3436,1.34384,0.75,0.75
2013.09.22 22:01:21.894,1.34359,1.3438,0.75,0.75
2013.09.22 22:01:22.313,1.34359,1.34375,0.75,0.75
2013.09.22 22:01:22.554,1.34359,1.3438,0.75,0.75
2013.09.22 22:01:22.744,1.34359,1.34375,0.75,0.75
2013.09.22 22:01:25.124,1.34358,1.34375,0.75,0.75
2013.09.22 22:01:26.623,1.34358,1.3438,0.75,0.75
2013.09.22 22:01:29.994,1.34358,1.34375,0.75,0.75
2013.09.22 22:01:31.224,1.34352,1.34375,0.75,0.75
2013.09.22 22:01:31.524,1.34352,1.3437,0.75,0.75
2013.09.22 22:01:31.643,1.34352,1.34375,0.75,0.75
2013.09.22 22:01:32.244,1.34352,1.3438,0.75,0.75
2013.09.22 22:01:33.589,1.34352,1.34375,0.75,0.75
2013.09.22 22:01:33.944,1.34359,1.34365,0.75,0.75
2013.09.22 22:01:34.004,1.34355,1.34365,0.75,0.75
2013.09.22 22:01:34.063,1.3433,1.34355,0.75,0.75
2013.09.22 22:01:34.123,1.3433,1.34355,0.75,0.75
2013.09.22 22:01:34.304,1.3434,1.34365,0.75,0.75
2013.09.22 22:01:34.663,1.3435,1.34374,0.75,0.75
2013.09.22 22:01:34.964,1.34358,1.34375,0.75,0.75
2013.09.22 22:01:35.024,1.34354,1.34375,0.75,0.75
2013.09.22 22:01:35.143,1.3435,1.34375,0.75,1.50
2013.09.22 22:01:35.203,1.3435,1.34373,0.75,0.75
2013.09.22 22:01:35.264,1.34328,1.34373,0.38,0.75
2013.09.22 22:01:35.324,1.34345,1.34373,0.75,1.50
2013.09.22 22:01:35.684,1.3435,1.34373,0.75,2.25
2013.09.22 22:01:36.975,1.34345,1.34373,0.75,1.50
2013.09.22 22:01:37.977,1.3435,1.34373,0.75,1.50
2013.09.22 22:01:38.514,1.34353,1.34373,0.75,0.75
2013.09.22 22:01:38.634,1.34355,1.34375,0.75,0.75
2013.09.22 22:01:38.933,1.3436,1.3438,0.75,0.75
2013.09.22 22:01:40.784,1.3436,1.34385,0.75,0.75
2013.09.22 22:01:42.113,1.34355,1.3438,0.75,0.75
2013.09.22 22:01:42.474,1.3435,1.3437,0.75,0.75
2013.09.22 22:01:42.535,1.3435,1.34373,0.75,0.75
2013.09.22 22:01:42.595,1.3435,1.3437,0.75,0.75
2013.09.22 22:01:42.715,1.34345,1.3437,0.75,0.75
2013.09.22 22:01:43.753,1.3435,1.3437,0.75,0.75
2013.09.22 22:01:44.773,1.34345,1.3437,0.75,0.75
2013.09.22 22:01:47.265,1.34361,1.3437,0.75,0.75
2013.09.22 22:01:47.383,1.34368,1.34375,0.75,0.75
2013.09.22 22:01:47.503,1.34361,1.34375,0.75,0.75
2013.09.22 22:01:48.043,1.34361,1.34376,0.75,0.75
2013.09.22 22:01:48.103,1.3436,1.3437,0.75,0.75
2013.09.22 22:01:49.904,1.3435,1.34366,0.75,0.75
2013.09.22 22:01:50.264,1.34345,1.34366,0.75,0.75
2013.09.22 22:01:50.324,1.3435,1.34368,0.75,0.75
2013.09.22 22:01:56.310,1.3435,1.3437,0.75,1.50
2013.09.22 22:01:57.833,1.3435,1.34375,0.75,1.50
2013.09.22 22:01:59.564,1.3435,1.3437,0.75,0.75
2013.09.22 22:02:11.903,1.3435,1.34375,0.75,1.50
2013.09.22 22:02:12.024,1.34355,1.34376,0.75,0.75
2013.09.22 22:02:13.051,1.34355,1.34375,0.75,1.50
2013.09.22 22:02:13.400,1.3435,1.3437,0.75,0.75
2013.09.22 22:02:18.624,1.3435,1.34375,0.75,2.25
2013.09.22 22:02:19.104,1.3435,1.3437,0.75,0.75
2013.09.22 22:02:20.653,1.3435,1.34375,0.75,2.25
2013.09.22 22:02:22.874,1.3435,1.3437,0.75,0.75
2013.09.22 22:02:23.754,1.34355,1.34375,0.75,1.50
2013.09.22 22:02:24.354,1.3435,1.3437,0.75,0.75
2013.09.22 22:02:24.714,1.34347,1.3437,0.75,1.50
2013.09.22 22:02:25.493,1.34348,1.3437,0.75,1.50
2013.09.22 22:02:25.734,1.3435,1.3437,0.75,1.50
2013.09.22 22:02:26.094,1.34355,1.34373,0.75,0.75
2013.09.22 22:02:28.746,1.34354,1.34373,0.75,0.75
2013.09.22 22:02:29.547,1.34354,1.3437,0.75,0.75
2013.09.22 22:02:29.616,1.34354,1.34373,0.75,0.75
2013.09.22 22:02:29.794,1.34355,1.34375,0.75,0.75
2013.09.22 22:02:29.914,1.3436,1.3438,0.75,0.75
2013.09.22 22:02:30.214,1.3436,1.34384,0.75,0.38
2013.09.22 22:02:30.393,1.3436,1.3438,0.75,0.75
2013.09.22 22:02:30.934,1.3436,1.34385,0.75,0.75
2013.09.22 22:02:31.463,1.34365,1.34385,0.75,0.75
2013.09.22 22:02:32.284,1.3437,1.3439,0.75,0.75
2013.09.22 22:02:32.884,1.3436,1.34385,0.75,0.75
2013.09.22 22:02:32.944,1.3436,1.34371,0.75,0.75
2013.09.22 22:02:33.004,1.34355,1.34371,0.75,0.75
2013.09.22 22:02:33.064,1.34357,1.34375,0.75,0.75
2013.09.22 22:02:33.364,1.34364,1.34379,0.75,0.75
2013.09.22 22:02:33.904,1.3436,1.34374,0.75,0.75
2013.09.22 22:02:34.024,1.34356,1.34374,0.75,0.75
2013.09.22 22:02:45.924,1.3436,1.34374,0.75,0.75
2013.09.22 22:02:46.514,1.34365,1.34385,0.75,0.75
2013.09.22 22:02:46.635,1.34365,1.3439,0.75,0.75
2013.09.22 22:02:46.694,1.3437,1.3439,0.75,0.75
2013.09.22 22:02:46.996,1.34375,1.34395,0.75,0.75
2013.09.22 22:02:47.067,1.3437,1.34395,0.75,0.75
2013.09.22 22:02:49.144,1.34375,1.34395,0.75,0.75
2013.09.22 22:02:49.203,1.3437,1.34395,0.75,1.50
2013.09.22 22:02:49.324,1.34365,1.34373,0.75,0.75
2013.09.22 22:02:49.443,1.3436,1.34373,0.75,0.75
2013.09.22 22:02:50.284,1.3436,1.34377,1.50,0.75
2013.09.22 22:03:06.854,1.3436,1.34376,0.75,0.75
2013.09.22 22:03:07.214,1.34358,1.34376,0.75,0.75
2013.09.22 22:03:07.574,1.34358,1.3437,0.75,0.75
2013.09.22 22:03:07.934,1.3436,1.3437,0.75,0.75
2013.09.22 22:03:09.524,1.34361,1.34375,0.75,1.50
2013.09.22 22:03:09.644,1.34361,1.3437,0.75,0.13
2013.09.22 22:03:10.744,1.34362,1.3437,0.75,0.19
2013.09.22 22:03:13.825,1.34361,1.3437,0.75,0.19
2013.09.22 22:03:14.594,1.34362,1.3437,0.75,0.19
2013.09.22 22:03:16.474,1.34361,1.3437,0.75,0.19
2013.09.22 22:03:38.144,1.34362,1.3437,0.75,0.19
2013.09.22 22:03:45.093,1.34363,1.34378,0.75,0.75
2013.09.22 22:03:45.214,1.34361,1.3437,0.75,0.19
2013.09.22 22:03:45.454,1.34356,1.34367,0.75,0.75
2013.09.22 22:03:50.074,1.34355,1.34365,0.75,0.75
2013.09.22 22:03:51.484,1.34355,1.34367,0.75,0.75
2013.09.22 22:04:03.604,1.34356,1.34365,1.00,1.00
2013.09.22 22:04:04.444,1.34356,1.34367,1.00,1.00
2013.09.22 22:04:07.294,1.34355,1.34365,1.00,1.00
2013.09.22 22:04:08.884,1.34354,1.3436,1.00,1.00
2013.09.22 22:04:09.304,1.34354,1.34365,1.00,1.50
2013.09.22 22:04:09.424,1.34353,1.34365,1.00,1.60
2013.09.22 22:04:19.454,1.34353,1.34365,1.00,1.19
2013.09.22 22:04:19.994,1.34354,1.34365,1.00,1.19
2013.09.22 22:04:23.263,1.34353,1.34365,1.00,2.44
2013.09.22 22:04:27.514,1.34349,1.34355,0.75,1.00
2013.09.22 22:04:27.634,1.34349,1.3436,0.75,1.00
2013.09.22 22:04:27.874,1.34349,1.3436,0.75,1.60
2013.09.22 22:04:55.844,1.3435,1.3436,1.00,1.10
2013.09.22 22:05:03.804,1.34348,1.3436,1.00,1.10
2013.09.22 22:05:08.916,1.34344,1.3435,1.00,1.00
2013.09.22 22:05:08.975,1.3434,1.3435,1.00,1.00
2013.09.22 22:05:09.215,1.34339,1.3435,1.00,1.00
2013.09.22 22:05:09.334,1.34325,1.34349,1.75,1.00
2013.09.22 22:05:09.394,1.34325,1.34339,1.75,1.00
2013.09.22 22:05:09.515,1.34324,1.34339,1.00,1.00
2013.09.22 22:05:09.575,1.34314,1.34333,1.00,1.00
2013.09.22 22:05:09.635,1.34306,1.34333,1.00,1.00
2013.09.22 22:05:09.814,1.34315,1.34333,1.00,1.19
2013.09.22 22:05:10.174,1.34325,1.34336,1.00,1.19
2013.09.22 22:05:10.474,1.34322,1.34336,1.00,1.19
2013.09.22 22:05:10.534,1.3432,1.34334,1.00,1.00
2013.09.22 22:05:10.774,1.34315,1.34334,0.75,1.00
2013.09.22 22:05:10.894,1.34318,1.34334,1.00,1.19
2013.09.22 22:05:10.954,1.3432,1.34333,1.00,1.00
2013.09.22 22:05:11.074,1.3432,1.34333,1.00,1.19
2013.09.22 22:05:12.004,1.34325,1.34333,1.00,1.00
2013.09.22 22:05:15.145,1.34327,1.34333,1.00,1.00
2013.09.22 22:05:19.164,1.3432,1.34333,1.00,1.00
2013.09.22 22:05:19.284,1.34315,1.34333,1.00,1.00
2013.09.22 22:05:19.347,1.3432,1.34333,1.00,1.00
2013.09.22 22:05:20.084,1.34325,1.34332,1.00,1.00
2013.09.22 22:05:24.044,1.3432,1.34332,1.00,1.00
2013.09.22 22:05:24.724,1.34324,1.34332,1.00,1.00
2013.09.22 22:05:25.399,1.34317,1.34332,1.00,1.00
2013.09.22 22:05:25.455,1.34327,1.34332,1.00,1.00
2013.09.22 22:05:29.814,1.34327,1.34333,1.00,1.00
2013.09.22 22:05:30.724,1.34325,1.34333,1.00,1.00
2013.09.22 22:05:31.505,1.34327,1.34333,1.00,1.00
2013.09.22 22:05:31.565,1.34328,1.34343,0.75,1.13
2013.09.22 22:05:31.624,1.3433,1.34343,0.75,1.00
2013.09.22 22:05:31.745,1.34329,1.34343,0.75,1.00
2013.09.22 22:05:31.924,1.34327,1.34343,0.75,1.00
2013.09.22 22:05:32.044,1.34327,1.34343,0.75,1.00
2013.09.22 22:05:32.224,1.34326,1.34346,0.75,1.38
2013.09.22 22:05:32.464,1.34325,1.34346,0.75,1.00
2013.09.22 22:05:33.004,1.3432,1.34345,1.00,1.00
2013.09.22 22:05:33.304,1.3432,1.34345,1.00,1.00
2013.09.22 22:05:33.364,1.34325,1.34345,1.00,1.00
2013.09.22 22:05:33.784,1.34325,1.34345,0.75,1.00
2013.09.22 22:05:34.024,1.3432,1.34345,1.00,1.50
2013.09.22 22:05:34.084,1.34325,1.34345,0.75,1.50
2013.09.22 22:05:34.444,1.3433,1.34342,0.75,1.00
2013.09.22 22:05:34.874,1.3433,1.34345,0.75,1.00
2013.09.22 22:05:34.935,1.34325,1.34345,1.00,1.00
2013.09.22 22:05:35.054,1.3432,1.34345,1.00,1.50
2013.09.22 22:05:35.355,1.34325,1.34345,1.00,1.00
2013.09.22 22:05:35.714,1.34328,1.34345,0.75,1.00
2013.09.22 22:05:35.834,1.34325,1.34345,1.00,1.00
2013.09.22 22:05:36.994,1.3433,1.34345,1.00,1.00
2013.09.22 22:05:37.474,1.34328,1.34345,0.75,1.00
2013.09.22 22:05:37.534,1.34324,1.34345,0.75,1.00
2013.09.22 22:05:37.714,1.3432,1.34345,1.00,1.50
2013.09.22 22:05:38.375,1.34324,1.34345,0.75,1.50
2013.09.22 22:05:42.294,1.34328,1.34345,0.75,1.00
2013.09.22 22:05:42.794,1.34334,1.34349,1.00,1.00
2013.09.22 22:05:47.844,1.34335,1.34349,1.00,1.00
2013.09.22 22:05:48.984,1.34334,1.34349,1.00,1.00
2013.09.22 22:05:50.074,1.34339,1.34355,1.00,1.00
2013.09.22 22:05:50.134,1.34339,1.34357,1.00,1.13
2013.09.22 22:05:50.674,1.3434,1.34357,1.00,1.00
2013.09.22 22:05:51.824,1.34339,1.34357,1.00,1.00
2013.09.22 22:05:51.944,1.34339,1.34357,1.00,1.00
2013.09.22 22:06:00.722,1.34339,1.34357,1.00,1.00
2013.09.22 22:06:05.504,1.3434,1.34357,1.00,1.00
2013.09.22 22:06:18.584,1.3434,1.34358,1.00,1.00
2013.09.22 22:06:23.854,1.34355,1.34365,1.00,1.75
2013.09.22 22:06:23.975,1.34359,1.3437,1.00,1.00
2013.09.22 22:06:24.094,1.34359,1.34375,1.00,1.75
2013.09.22 22:06:25.265,1.34359,1.3437,1.00,1.00
2013.09.22 22:06:28.664,1.34358,1.3437,1.00,1.00
2013.09.22 22:06:29.024,1.3436,1.3437,1.00,1.00
2013.09.22 22:06:37.514,1.3436,1.34375,1.00,1.00
2013.09.22 22:06:45.935,1.34364,1.34375,1.00,1.00
2013.09.22 22:06:46.054,1.34365,1.3438,1.00,1.00
2013.09.22 22:06:46.355,1.34368,1.34385,1.00,1.00
2013.09.22 22:06:46.595,1.34365,1.34383,1.50,1.00
2013.09.22 22:06:47.944,1.34365,1.34382,1.00,1.00
2013.09.22 22:06:49.814,1.34371,1.34385,1.00,1.50
2013.09.22 22:06:53.384,1.34373,1.34385,1.00,1.50
2013.09.22 22:07:10.122,1.34373,1.34387,1.00,1.00
2013.09.22 22:07:10.424,1.34373,1.34385,1.00,1.00
2013.09.22 22:07:10.784,1.34376,1.34385,1.00,1.00
2013.09.22 22:07:11.264,1.34378,1.3439,1.00,1.00
2013.09.22 22:07:14.315,1.34379,1.3439,1.00,1.00
2013.09.22 22:07:14.794,1.34373,1.34388,1.00,1.00
2013.09.22 22:07:19.514,1.34371,1.34388,1.00,1.00
2013.09.22 22:07:19.574,1.34375,1.34388,1.00,1.00
2013.09.22 22:07:19.874,1.34378,1.34395,1.00,1.00
2013.09.22 22:07:29.954,1.3438,1.34396,1.00,1.00
2013.09.22 22:07:30.076,1.34385,1.34405,1.00,1.00
2013.09.22 22:07:30.254,1.3439,1.3441,1.00,1.00
2013.09.22 22:07:30.384,1.3439,1.34415,1.00,1.75
2013.09.22 22:07:30.924,1.3439,1.34415,1.00,1.00
2013.09.22 22:07:33.194,1.34395,1.3442,1.00,1.00
2013.09.22 22:07:34.824,1.34395,1.34415,1.00,1.00
2013.09.22 22:07:35.184,1.34385,1.34396,1.00,1.00
2013.09.22 22:07:35.244,1.3438,1.34396,1.00,1.00
2013.09.22 22:07:35.784,1.34379,1.34396,1.00,1.00
2013.09.22 22:07:37.424,1.34379,1.34395,1.00,1.00
2013.09.22 22:07:50.314,1.34378,1.34395,1.00,1.00
2013.09.22 22:07:51.000,1.34378,1.34396,1.00,1.00
2013.09.22 22:07:52.248,1.34378,1.34396,1.00,1.10
2013.09.22 22:07:53.004,1.34382,1.34399,1.00,1.19
2013.09.22 22:07:53.364,1.34382,1.34399,1.00,1.29
2013.09.22 22:07:53.724,1.34381,1.34395,1.00,1.29
2013.09.22 22:07:53.784,1.34375,1.34395,1.00,1.29
2013.09.22 22:07:54.024,1.3437,1.34395,1.00,1.29
2013.09.22 22:08:00.564,1.34365,1.3439,1.00,1.19
2013.09.22 22:08:05.304,1.3437,1.3439,1.00,1.69
2013.09.22 22:08:05.664,1.34375,1.34387,1.00,1.19
2013.09.22 22:08:05.724,1.34373,1.34385,1.00,1.19
2013.09.22 22:08:11.324,1.3437,1.34382,1.00,1.19
2013.09.22 22:08:14.024,1.34375,1.34383,1.00,1.00
2013.09.22 22:08:14.144,1.34383,1.34394,1.00,1.00
2013.09.22 22:08:14.265,1.34384,1.34396,1.00,1.00
2013.09.22 22:08:19.905,1.34384,1.3439,1.00,1.00
2013.09.22 22:08:19.964,1.34373,1.34384,1.00,1.00
2013.09.22 22:08:20.205,1.34371,1.34382,1.00,1.00
2013.09.22 22:08:22.296,1.34372,1.34384,1.00,1.00
2013.09.22 22:08:22.894,1.34371,1.34382,1.00,1.00
2013.09.22 22:08:27.204,1.34369,1.34381,1.00,1.00
2013.09.22 22:08:37.034,1.3437,1.34381,1.00,1.00
2013.09.22 22:08:37.155,1.34374,1.34386,1.00,1.50
2013.09.22 22:08:39.185,1.34373,1.34384,1.00,1.00
2013.09.22 22:08:42.354,1.34369,1.34381,1.00,1.00
2013.09.22 22:08:43.824,1.34368,1.34379,1.00,1.00
2013.09.22 22:08:44.075,1.34369,1.34381,1.00,1.00
2013.09.22 22:08:52.440,1.34367,1.34379,1.00,1.00
2013.09.22 22:08:56.464,1.34369,1.3438,1.00,1.00
2013.09.22 22:08:56.584,1.34372,1.34384,1.00,1.50
2013.09.22 22:08:58.355,1.34372,1.3438,1.00,1.00
2013.09.22 22:08:58.415,1.34365,1.34375,1.00,1.00
2013.09.22 22:09:01.796,1.34365,1.34371,1.00,1.00
2013.09.22 22:09:04.684,1.34365,1.34372,1.00,1.00
2013.09.22 22:09:08.105,1.34365,1.3437,1.00,1.00
2013.09.22 22:09:08.450,1.34365,1.34367,1.00,1.00
2013.09.22 22:09:10.445,1.34362,1.34367,1.00,1.00
2013.09.22 22:09:10.625,1.34362,1.34373,1.50,1.50
2013.09.22 22:09:10.745,1.34365,1.34377,1.00,1.00
2013.09.22 22:09:11.555,1.34364,1.34375,1.00,1.00
2013.09.22 22:09:11.674,1.34362,1.34374,1.50,1.00
2013.09.22 22:09:14.675,1.34362,1.34371,1.00,1.00
2013.09.22 22:09:15.214,1.34363,1.34371,1.00,1.00
2013.09.22 22:09:18.974,1.34363,1.34369,1.00,1.00
2013.09.22 22:09:19.505,1.34363,1.34368,1.00,1.00
2013.09.22 22:09:21.901,1.34365,1.34371,1.00,1.00
2013.09.22 22:09:22.266,1.34356,1.34367,1.00,1.00
2013.09.22 22:09:22.385,1.34353,1.34365,1.00,1.00
2013.09.22 22:09:22.505,1.34347,1.34356,1.00,1.00
2013.09.22 22:09:22.625,1.34335,1.34355,1.19,1.75
2013.09.22 22:09:22.685,1.34338,1.3435,1.50,1.75
2013.09.22 22:09:23.225,1.34338,1.3435,1.00,1.00
2013.09.22 22:09:24.605,1.3434,1.3435,1.00,1.00
2013.09.22 22:09:24.665,1.34343,1.34354,1.00,1.50
2013.09.22 22:09:24.964,1.34341,1.34354,1.00,1.00
2013.09.22 22:09:25.205,1.34338,1.34354,1.00,1.50
2013.09.22 22:09:25.565,1.34336,1.3435,1.00,1.75
2013.09.22 22:09:25.925,1.34333,1.3435,1.00,1.75
2013.09.22 22:09:28.424,1.34332,1.34343,1.00,1.00
2013.09.22 22:09:32.165,1.34335,1.34343,1.00,1.00
2013.09.22 22:09:32.525,1.3436,1.34365,1.00,1.00
2013.09.22 22:09:32.585,1.34361,1.34367,1.00,1.00
2013.09.22 22:09:32.644,1.34361,1.3437,1.00,1.00
2013.09.22 22:09:32.766,1.34361,1.34372,1.25,1.13
2013.09.22 22:09:33.005,1.34361,1.3437,1.00,1.00
2013.09.22 22:09:33.365,1.34369,1.34378,1.00,1.00
2013.09.22 22:09:33.904,1.34368,1.34377,1.00,1.00
2013.09.22 22:09:35.278,1.34367,1.34377,1.00,1.00
2013.09.22 22:09:37.783,1.34369,1.34377,1.00,1.00
2013.09.22 22:09:38.323,1.34369,1.34378,1.00,1.00
2013.09.22 22:09:40.023,1.3437,1.34381,1.00,1.00
2013.09.22 22:09:40.144,1.34378,1.34389,1.00,1.00
2013.09.22 22:09:40.263,1.34379,1.34391,1.00,1.00
2013.09.22 22:09:40.743,1.34375,1.34386,1.00,1.00
2013.09.22 22:09:41.103,1.3437,1.34381,1.00,1.00
2013.09.22 22:10:00.503,1.34371,1.34383,1.00,1.00
2013.09.22 22:10:00.623,1.34373,1.34384,1.00,1.00
2013.09.22 22:10:00.983,1.34376,1.34385,1.00,1.00
2013.09.22 22:10:02.003,1.34374,1.34385,2.25,1.00
2013.09.22 22:10:02.543,1.34373,1.34384,1.00,1.00
2013.09.22 22:10:02.663,1.34371,1.34382,1.00,1.00
2013.09.22 22:10:02.783,1.34367,1.34379,1.50,1.00
2013.09.22 22:10:02.843,1.34366,1.34377,1.00,1.00
2013.09.22 22:10:03.383,1.3437,1.34377,1.00,1.00
2013.09.22 22:10:03.443,1.3437,1.34381,1.00,1.00
2013.09.22 22:10:04.060,1.34371,1.34383,1.00,1.00
2013.09.22 22:10:07.300,1.34371,1.3438,1.00,1.00
2013.09.22 22:10:07.483,1.34363,1.34374,1.00,1.00
2013.09.22 22:10:07.543,1.34356,1.34367,3.00,1.00
2013.09.22 22:10:07.844,1.3435,1.34361,1.13,1.00
2013.09.22 22:10:08.263,1.34351,1.34363,1.00,1.00
2013.09.22 22:10:08.383,1.34353,1.34364,1.00,1.00
2013.09.22 22:10:08.743,1.34355,1.34366,1.00,1.00
2013.09.22 22:10:08.863,1.34353,1.34365,1.00,1.00
2013.09.22 22:10:09.163,1.34352,1.34363,1.00,1.00
2013.09.22 22:10:10.484,1.3435,1.34362,1.00,1.00
2013.09.22 22:10:11.204,1.34357,1.34367,1.00,1.50
2013.09.22 22:10:11.503,1.34353,1.34365,1.50,1.00
2013.09.22 22:10:11.683,1.34355,1.34366,1.00,1.00
2013.09.22 22:10:12.043,1.34352,1.34363,1.00,1.00
2013.09.22 22:10:12.583,1.3435,1.34362,1.13,1.00
2013.09.22 22:10:12.763,1.34352,1.34363,1.00,1.00
2013.09.22 22:10:13.184,1.3435,1.34362,1.00,1.00
2013.09.22 22:10:13.483,1.34352,1.34363,1.00,1.00
2013.09.22 22:10:13.723,1.3435,1.34362,1.00,1.00
2013.09.22 22:10:14.293,1.34352,1.34363,1.00,1.00
2013.09.22 22:10:15.333,1.34354,1.34366,1.00,1.00
2013.09.22 22:10:15.393,1.34367,1.34379,0.75,1.50
2013.09.22 22:10:15.694,1.34365,1.34376,1.00,1.00
2013.09.22 22:10:16.053,1.34359,1.34371,1.50,1.00
2013.09.22 22:10:16.593,1.3436,1.34372,1.13,1.00
2013.09.22 22:10:17.803,1.34363,1.34375,1.00,1.00
2013.09.22 22:10:19.498,1.34361,1.34373,1.50,1.00
2013.09.22 22:10:19.923,1.34355,1.34367,1.13,1.00
2013.09.22 22:10:20.283,1.3435,1.34362,1.00,1.00
2013.09.22 22:10:21.013,1.34352,1.34363,1.00,1.00
2013.09.22 22:10:22.033,1.34361,1.3437,1.00,1.00
2013.09.22 22:10:22.093,1.34361,1.34373,1.00,1.00
2013.09.22 22:10:22.513,1.34361,1.3437,1.00,1.00
2013.09.22 22:10:22.573,1.34356,1.34367,1.00,1.00
2013.09.22 22:10:22.753,1.34358,1.34369,1.00,1.00
2013.09.22 22:10:22.873,1.34355,1.34367,1.00,1.00
2013.09.22 22:10:22.993,1.34353,1.34365,1.50,1.00
2013.09.22 22:10:23.353,1.34352,1.34363,1.75,1.00
2013.09.22 22:10:24.033,1.34352,1.34363,1.00,1.00
2013.09.22 22:10:25.253,1.3435,1.34362,1.50,1.00
2013.09.22 22:10:25.853,1.34357,1.34367,1.00,1.00
2013.09.22 22:10:26.093,1.3436,1.34372,1.00,1.00
2013.09.22 22:10:26.665,1.34362,1.34373,1.00,1.00
2013.09.22 22:10:27.084,1.3436,1.34372,1.50,1.00
2013.09.22 22:10:27.144,1.34362,1.34373,1.00,1.00
2013.09.22 22:10:27.265,1.3436,1.34372,1.50,1.00
2013.09.22 22:10:27.623,1.34362,1.34373,1.00,1.00
2013.09.22 22:10:27.863,1.3436,1.34372,1.00,1.00
2013.09.22 22:10:28.873,1.34364,1.34376,1.00,1.50
2013.09.22 22:10:29.233,1.3437,1.34381,1.00,1.50
2013.09.22 22:10:29.593,1.34364,1.34376,1.00,1.00
2013.09.22 22:10:29.714,1.34363,1.34374,1.00,1.00
2013.09.22 22:10:29.833,1.34361,1.34373,1.50,1.00
2013.09.22 22:10:30.014,1.34363,1.34374,1.00,1.00
2013.09.22 22:10:30.774,1.34366,1.34378,1.00,1.50
2013.09.22 22:10:30.894,1.34373,1.34384,1.00,1.00
2013.09.22 22:10:31.314,1.3437,1.34379,1.00,1.00
2013.09.22 22:10:31.374,1.34368,1.34379,1.00,1.00
2013.09.22 22:10:31.434,1.34365,1.34377,1.50,1.00
2013.09.22 22:10:31.554,1.34355,1.34374,1.75,1.00
2013.09.22 22:10:31.793,1.34356,1.34368,1.00,1.00
2013.09.22 22:10:44.823,1.34356,1.34365,1.00,1.00
2013.09.22 22:10:45.003,1.34353,1.34365,1.00,1.50
2013.09.22 22:10:45.123,1.3435,1.3436,1.00,1.00
2013.09.22 22:10:45.243,1.34347,1.3436,1.00,1.75
2013.09.22 22:10:46.353,1.34348,1.3436,1.00,1.00
2013.09.22 22:10:46.473,1.34357,1.34363,1.00,1.00
2013.09.22 22:10:46.593,1.34357,1.34368,1.00,1.00
2013.09.22 22:10:46.653,1.34354,1.34368,1.00,1.00
2013.09.22 22:10:46.773,1.34351,1.34367,1.00,1.00
2013.09.22 22:10:46.893,1.34349,1.34366,1.00,1.00
2013.09.22 22:10:48.743,1.34346,1.34362,1.00,1.00
2013.09.22 22:10:48.863,1.34344,1.34361,1.00,1.00
2013.09.22 22:10:55.245,1.34346,1.34357,1.00,1.00
2013.09.22 22:11:14.723,1.34344,1.34356,1.00,1.00
2013.09.22 22:11:15.795,1.34342,1.34356,1.13,1.00
2013.09.22 22:11:15.915,1.34338,1.34355,1.50,1.50
2013.09.22 22:11:16.034,1.34336,1.34353,1.00,1.00
2013.09.22 22:11:16.394,1.3433,1.34345,2.25,1.75
2013.09.22 22:11:16.753,1.3434,1.34352,1.00,1.00
2013.09.22 22:11:17.353,1.34336,1.34352,1.00,1.00
2013.09.22 22:11:17.654,1.34334,1.3435,1.00,1.75
2013.09.22 22:11:17.953,1.34332,1.34349,1.13,1.00
2013.09.22 22:11:20.033,1.34336,1.34347,1.00,1.00
2013.09.22 22:11:20.274,1.34337,1.34349,1.00,1.00
2013.09.22 22:11:23.673,1.34339,1.34351,1.00,1.00
2013.09.22 22:11:24.033,1.34341,1.34353,1.00,1.00
2013.09.22 22:11:25.303,1.34343,1.34354,1.00,1.00
2013.09.22 22:11:29.304,1.34344,1.34356,1.00,1.00
2013.09.22 22:11:33.124,1.34344,1.34355,1.00,1.00
2013.09.22 22:11:33.183,1.3434,1.34355,1.00,1.75
2013.09.22 22:11:33.544,1.34336,1.3435,1.13,1.75
2013.09.22 22:11:34.093,1.34336,1.3435,1.00,1.75
2013.09.22 22:11:41.113,1.34337,1.3435,1.00,1.75
2013.09.22 22:11:42.053,1.34336,1.3435,1.00,1.75
2013.09.22 22:11:42.715,1.34337,1.3435,1.00,1.00
2013.09.22 22:11:44.974,1.34336,1.34347,1.00,1.00
2013.09.22 22:11:45.034,1.34334,1.34347,1.00,1.00
2013.09.22 22:11:45.093,1.3433,1.34345,1.50,1.75
2013.09.22 22:11:45.453,1.34334,1.34345,1.00,1.00
2013.09.22 22:11:45.514,1.34335,1.34347,1.00,1.00
2013.09.22 22:11:58.403,1.34339,1.34351,1.00,1.50
2013.09.22 22:11:58.763,1.34342,1.34354,1.00,1.00
2013.09.22 22:12:02.093,1.34338,1.34354,1.00,1.00
2013.09.22 22:12:02.697,1.3434,1.34351,1.00,1.00
2013.09.22 22:12:03.843,1.34341,1.34353,1.00,1.00
2013.09.22 22:12:03.903,1.34343,1.34354,1.00,1.00
2013.09.22 22:12:04.384,1.34341,1.34354,1.00,1.00
2013.09.22 22:12:04.503,1.3434,1.34354,1.00,1.00
2013.09.22 22:12:05.044,1.34341,1.34354,1.00,1.00
2013.09.22 22:12:06.303,1.3434,1.34354,1.00,1.00
2013.09.22 22:12:06.844,1.34341,1.34354,1.00,1.00
2013.09.22 22:12:08.104,1.34346,1.34357,1.00,1.00
2013.09.22 22:12:08.285,1.34351,1.34363,1.00,1.00
2013.09.22 22:12:08.405,1.34355,1.34363,1.00,1.00
2013.09.22 22:12:08.764,1.34358,1.34364,1.00,1.00
2013.09.22 22:12:09.288,1.34358,1.34365,1.00,1.00
2013.09.22 22:12:09.593,1.34355,1.34365,1.50,1.00
2013.09.22 22:12:10.374,1.3436,1.34365,1.00,1.00
2013.09.22 22:12:10.434,1.34361,1.34373,1.00,1.50
2013.09.22 22:12:10.494,1.34363,1.34374,1.00,1.00
2013.09.22 22:12:22.533,1.34361,1.34373,1.00,1.00
2013.09.22 22:12:22.933,1.3436,1.34371,1.00,1.00
2013.09.22 22:12:23.053,1.34358,1.3437,1.00,1.00
2013.09.22 22:12:24.073,1.3436,1.34372,1.00,1.00
2013.09.22 22:12:25.615,1.34359,1.3437,1.00,1.00
2013.09.22 22:12:25.733,1.34355,1.34367,1.50,1.00
2013.09.22 22:12:25.864,1.34353,1.34365,1.00,1.00
2013.09.22 22:12:26.284,1.34358,1.3437,1.00,1.50
2013.09.22 22:12:26.644,1.34356,1.34367,1.00,1.00
2013.09.22 22:12:26.823,1.34359,1.34371,1.00,1.00
2013.09.22 22:12:27.304,1.34356,1.34368,1.00,1.00
2013.09.22 22:12:27.664,1.34355,1.34366,1.00,1.00
2013.09.22 22:12:28.264,1.34353,1.34365,1.00,1.00
2013.09.22 22:12:28.924,1.34354,1.34365,1.00,1.00
2013.09.22 22:12:28.985,1.3436,1.34371,1.00,1.50
2013.09.22 22:12:29.288,1.34365,1.34377,1.00,1.88
2013.09.22 22:12:29.703,1.34368,1.3438,1.00,1.00
2013.09.22 22:12:30.936,1.34371,1.34383,1.00,1.13
2013.09.22 22:12:31.903,1.34373,1.34385,1.00,2.63
2013.09.22 22:12:32.573,1.34373,1.34385,1.00,1.13
2013.09.22 22:12:45.503,1.34375,1.34386,1.00,1.13
2013.09.22 22:12:46.844,1.34376,1.34388,1.00,3.00
2013.09.22 22:12:47.204,1.34382,1.34389,1.00,1.50
2013.09.22 22:12:47.949,1.34382,1.34389,1.00,1.00
2013.09.22 22:12:48.515,1.34382,1.34389,1.00,1.00
2013.09.22 22:13:07.574,1.34383,1.34389,1.00,1.00
2013.09.22 22:13:07.934,1.34387,1.344,1.00,1.00
2013.09.22 22:13:07.994,1.34386,1.34389,1.00,1.00
2013.09.22 22:13:11.835,1.34386,1.3439,1.00,1.00
2013.09.22 22:13:12.093,1.34387,1.34402,0.75,1.00
2013.09.22 22:13:12.274,1.34396,1.34407,1.00,1.38
2013.09.22 22:13:12.334,1.34401,1.34411,1.00,1.00
2013.09.22 22:13:12.454,1.34403,1.34416,1.75,1.13
2013.09.22 22:13:12.634,1.34405,1.34416,2.65,1.13
2013.09.22 22:13:13.114,1.34406,1.34418,1.00,1.75
2013.09.22 22:13:13.354,1.34407,1.34419,1.00,1.75
2013.09.22 22:13:13.795,1.34408,1.34419,1.00,1.00
2013.09.22 22:13:18.243,1.34406,1.34418,1.00,1.00
2013.09.22 22:13:22.664,1.34408,1.34419,1.00,1.00
2013.09.22 22:13:25.434,1.34406,1.34418,1.00,1.00
2013.09.22 22:13:25.925,1.34408,1.34419,1.00,1.00
2013.09.22 22:13:26.284,1.34406,1.3442,1.00,1.38
2013.09.22 22:13:26.464,1.34405,1.34417,1.65,1.00
2013.09.22 22:13:26.936,1.34407,1.34418,1.00,1.00
2013.09.22 22:13:30.953,1.34408,1.3442,1.00,1.00
2013.09.22 22:13:36.484,1.34412,1.34423,1.00,1.00
2013.09.22 22:13:43.293,1.3441,1.34425,1.50,1.38
2013.09.22 22:13:43.924,1.34412,1.34423,1.00,1.00
2013.09.22 22:13:44.044,1.34407,1.34428,1.00,1.38
2013.09.22 22:13:44.164,1.34405,1.34428,1.65,1.38
2013.09.22 22:13:44.704,1.34405,1.34423,1.20,1.13
2013.09.22 22:13:45.184,1.34405,1.34425,1.20,1.38
2013.09.22 22:13:45.423,1.34405,1.34423,1.20,1.13
2013.09.22 22:13:45.960,1.34405,1.3442,1.20,1.00
2013.09.22 22:13:46.134,1.34399,1.34418,1.64,1.00
2013.09.22 22:13:46.433,1.34402,1.3442,1.00,1.13
2013.09.22 22:13:46.693,1.34403,1.3442,1.00,1.13
2013.09.22 22:13:47.224,1.34404,1.3442,1.64,1.13
2013.09.22 22:13:47.523,1.34385,1.3442,1.51,1.13
2013.09.22 22:13:53.414,1.34382,1.34425,1.64,1.38
2013.09.22 22:13:53.474,1.34378,1.34421,1.14,1.00
2013.09.22 22:13:53.593,1.3438,1.34421,1.00,1.00
2013.09.22 22:13:53.653,1.34383,1.34421,1.13,1.00
2013.09.22 22:13:54.013,1.34385,1.34425,1.18,1.38
2013.09.22 22:13:57.204,1.34388,1.34428,1.00,1.13
2013.09.22 22:13:59.627,1.34386,1.34428,1.13,1.13
2013.09.22 22:14:00.245,1.34385,1.34428,1.18,1.13
2013.09.22 22:14:11.874,1.34387,1.34409,1.00,0.38
2013.09.22 22:14:12.414,1.34387,1.34425,1.00,1.38
2013.09.22 22:14:12.613,1.34387,1.34425,1.00,1.38
2013.09.22 22:14:12.974,1.34382,1.34425,1.26,1.38
2013.09.22 22:14:13.784,1.34382,1.34419,1.26,1.13
2013.09.22 22:14:20.544,1.34378,1.34417,1.14,1.13
2013.09.22 22:14:20.604,1.34378,1.34415,1.14,1.75
2013.09.22 22:14:20.723,1.34375,1.34415,1.26,1.75
2013.09.22 22:14:20.966,1.34377,1.34415,1.14,1.75
2013.09.22 22:14:21.275,1.34383,1.34415,1.00,2.25
2013.09.22 22:14:21.334,1.34383,1.34415,1.00,1.75
2013.09.22 22:14:21.874,1.34382,1.34415,1.13,1.75
2013.09.22 22:14:22.491,1.34383,1.34412,1.00,1.75
2013.09.22 22:14:23.733,1.34382,1.34412,1.00,1.75
2013.09.22 22:14:24.793,1.34384,1.34412,1.13,1.75
2013.09.22 22:14:25.045,1.34382,1.34414,1.00,1.13
2013.09.22 22:14:25.166,1.3438,1.34414,1.64,1.13
2013.09.22 22:14:25.403,1.34384,1.34417,1.00,1.13
2013.09.22 22:14:27.746,1.34381,1.34414,1.00,1.00
2013.09.22 22:14:29.954,1.34382,1.34419,1.00,1.75
2013.09.22 22:14:31.885,1.3438,1.34419,2.01,1.75
2013.09.22 22:14:36.483,1.34381,1.34418,1.00,1.13
2013.09.22 22:14:37.275,1.34386,1.34418,1.13,1.13
2013.09.22 22:14:37.634,1.34381,1.34414,1.00,2.25
2013.09.22 22:14:38.174,1.3438,1.34409,1.18,1.38
2013.09.22 22:14:43.963,1.34381,1.34409,1.00,1.38
2013.09.22 22:14:44.574,1.34379,1.3441,1.14,1.13
2013.09.22 22:14:44.934,1.34378,1.34409,1.26,1.38
2013.09.22 22:15:01.304,1.34379,1.34412,1.26,1.13
2013.09.22 22:15:01.364,1.34381,1.34414,1.13,1.13
2013.09.22 22:15:02.494,1.34379,1.34412,1.26,1.38
2013.09.22 22:15:06.085,1.34383,1.34414,1.13,1.38
2013.09.22 22:15:06.744,1.34387,1.34417,1.00,1.75
2013.09.22 22:15:06.804,1.34391,1.34417,1.00,1.75
2013.09.22 22:15:07.404,1.34388,1.34427,1.00,1.75
2013.09.22 22:15:09.394,1.34393,1.34426,1.00,1.75
2013.09.22 22:15:14.604,1.34391,1.34415,1.00,1.38
2013.09.22 22:15:14.844,1.34393,1.34415,1.00,1.38
2013.09.22 22:15:19.125,1.3439,1.34415,1.00,1.38
2013.09.22 22:15:19.244,1.34384,1.34399,1.50,1.00
2013.09.22 22:15:19.604,1.3438,1.34393,1.00,1.00
2013.09.22 22:15:19.665,1.3438,1.3439,1.00,1.00
2013.09.22 22:15:19.735,1.3438,1.34395,1.00,1.00
2013.09.22 22:15:20.274,1.3438,1.34396,1.00,1.00
2013.09.22 22:15:21.613,1.3438,1.34399,1.00,1.38
2013.09.22 22:15:27.114,1.34379,1.34398,1.00,1.13
2013.09.22 22:15:44.964,1.34381,1.34398,1.00,1.00
2013.09.22 22:15:47.114,1.34383,1.34402,1.00,1.38
2013.09.22 22:15:47.733,1.34383,1.34398,1.00,1.00
2013.09.22 22:15:48.044,1.34366,1.3438,1.38,1.00
2013.09.22 22:15:50.003,1.34378,1.34381,1.00,1.00
2013.09.22 22:15:52.284,1.34375,1.34385,1.00,1.00
2013.09.22 22:15:52.524,1.3438,1.34385,1.00,1.00
2013.09.22 22:15:52.584,1.34381,1.34383,1.00,1.00
2013.09.22 22:15:53.135,1.3438,1.34383,1.00,1.00
2013.09.22 22:15:54.914,1.3438,1.34384,1.00,1.00
2013.09.22 22:15:55.274,1.34383,1.34384,1.00,1.00
2013.09.22 22:15:58.314,1.34383,1.34386,1.00,1.00
2013.09.22 22:15:58.815,1.34383,1.34387,1.00,1.00
2013.09.22 22:15:59.793,1.34383,1.34389,1.00,1.00
2013.09.22 22:16:01.605,1.34383,1.34392,1.00,1.00
2013.09.22 22:16:01.725,1.34385,1.34392,1.00,1.00
2013.09.22 22:16:04.734,1.34385,1.34395,1.00,1.00
2013.09.22 22:16:08.984,1.34384,1.34395,1.00,1.00
2013.09.22 22:16:10.984,1.34382,1.34392,1.00,1.00
2013.09.22 22:16:31.833,1.34382,1.34393,1.00,1.00
2013.09.22 22:16:42.804,1.34384,1.34393,1.00,1.00
2013.09.22 22:16:46.996,1.3439,1.34395,1.00,1.00
2013.09.22 22:16:47.066,1.34396,1.34407,1.00,1.00
2013.09.22 22:16:50.364,1.34397,1.34409,1.00,1.00
2013.09.22 22:16:50.484,1.344,1.34411,1.00,1.00
2013.09.22 22:16:50.604,1.34401,1.34413,1.00,1.00
2013.09.22 22:16:53.924,1.34403,1.34414,1.00,1.00
2013.09.22 22:16:54.284,1.34406,1.34417,1.00,1.00
2013.09.22 22:16:54.704,1.34404,1.34413,1.00,1.00
2013.09.22 22:16:54.764,1.34402,1.34413,1.00,1.00
2013.09.22 22:16:54.824,1.344,1.34411,2.25,1.00
2013.09.22 22:16:55.184,1.34403,1.34414,1.00,1.00
2013.09.22 22:16:55.904,1.344,1.34411,1.00,1.00
2013.09.22 22:16:56.564,1.34401,1.34413,1.00,1.00
2013.09.22 22:16:57.824,1.34405,1.34413,1.00,1.00
2013.09.22 22:16:57.884,1.34409,1.34421,1.00,1.50
2013.09.22 22:16:58.184,1.34411,1.34422,1.00,1.00
2013.09.22 22:16:58.544,1.34414,1.34424,1.00,1.25
2013.09.22 22:17:03.495,1.34414,1.34419,1.00,1.00
2013.09.22 22:17:03.556,1.3441,1.34419,1.00,1.00
2013.09.22 22:17:03.615,1.34409,1.34415,1.00,1.00
2013.09.22 22:17:03.735,1.34404,1.34415,1.50,1.00
2013.09.22 22:17:04.275,1.34402,1.34414,1.00,1.00
2013.09.22 22:17:04.336,1.34396,1.34408,1.00,1.00
2013.09.22 22:17:04.694,1.34395,1.34406,1.00,1.00
2013.09.22 22:17:05.124,1.34391,1.34402,1.00,1.00
2013.09.22 22:17:05.424,1.34383,1.34395,1.00,1.50
2013.09.22 22:17:05.544,1.34382,1.34393,1.00,1.00
2013.09.22 22:17:05.904,1.34383,1.34395,1.00,1.00
2013.09.22 22:17:12.784,1.34385,1.34395,1.00,1.00
2013.09.22 22:17:12.844,1.34388,1.34399,1.00,1.50
2013.09.22 22:17:12.964,1.34391,1.34402,1.00,1.00
2013.09.22 22:17:13.144,1.34389,1.34401,1.00,1.00
2013.09.22 22:17:18.474,1.34389,1.344,1.00,1.00
2013.09.22 22:17:18.534,1.34386,1.34398,1.00,1.00
2013.09.22 22:17:18.654,1.34389,1.34398,1.00,1.00
2013.09.22 22:17:18.834,1.3439,1.34401,1.00,1.00
2013.09.22 22:17:27.964,1.3439,1.34402,1.00,1.00
2013.09.22 22:17:28.504,1.34393,1.34405,1.00,1.00
2013.09.22 22:17:44.894,1.34391,1.344,1.00,1.00
2013.09.22 22:17:44.961,1.34389,1.344,1.00,1.00
2013.09.22 22:17:51.455,1.3439,1.34402,1.50,1.00
2013.09.22 22:17:51.516,1.34395,1.34405,1.00,1.00
2013.09.22 22:17:51.637,1.344,1.34411,1.00,1.50
2013.09.22 22:17:51.755,1.34401,1.34413,1.00,1.00
2013.09.22 22:18:02.584,1.34401,1.3441,1.00,1.00
2013.09.22 22:18:02.764,1.34398,1.3441,1.00,1.50
2013.09.22 22:18:02.944,1.34395,1.34407,1.00,1.13
2013.09.22 22:18:03.602,1.34392,1.34404,1.00,1.00
2013.09.22 22:18:03.904,1.34396,1.34407,1.00,1.00
2013.09.22 22:18:03.964,1.34397,1.34409,1.00,1.00
2013.09.22 22:18:06.154,1.34399,1.3441,1.00,1.00
2013.09.22 22:18:19.025,1.34407,1.34415,1.00,1.00
2013.09.22 22:18:19.144,1.34409,1.34421,1.00,1.00
2013.09.22 22:18:19.384,1.34411,1.34419,1.00,1.00
2013.09.22 22:18:19.624,1.34408,1.34419,1.00,1.00
2013.09.22 22:18:19.744,1.34404,1.34416,1.00,1.00
2013.09.22 22:18:19.864,1.34409,1.34416,1.00,1.00
2013.09.22 22:18:20.164,1.34404,1.34416,1.00,1.00
2013.09.22 22:18:20.404,1.34406,1.34417,1.00,1.00
2013.09.22 22:18:20.764,1.3441,1.34417,1.00,1.00
2013.09.22 22:18:20.944,1.34403,1.34414,1.00,1.00
2013.09.22 22:18:21.484,1.34404,1.34416,1.00,1.00
2013.09.22 22:18:21.604,1.34408,1.34418,1.00,1.00
2013.09.22 22:18:21.964,1.34406,1.34418,1.00,1.00
2013.09.22 22:18:26.334,1.34407,1.34418,1.00,1.00
2013.09.22 22:18:27.104,1.34406,1.34418,1.00,1.00
2013.09.22 22:18:27.344,1.34409,1.34418,1.00,1.00
2013.09.22 22:18:27.704,1.34409,1.34415,1.00,1.00
2013.09.22 22:18:27.824,1.34403,1.34415,1.00,1.00
2013.09.22 22:18:28.064,1.34405,1.34415,1.00,1.00
2013.09.22 22:18:28.424,1.34403,1.34415,1.00,1.00
2013.09.22 22:18:28.544,1.34407,1.34415,1.00,1.00
2013.09.22 22:18:28.724,1.34403,1.34415,1.00,1.00
2013.09.22 22:18:29.164,1.34406,1.34418,1.00,1.00
2013.09.22 22:18:29.524,1.34408,1.34418,1.00,1.00
2013.09.22 22:18:29.944,1.34406,1.34418,1.00,1.00
2013.09.22 22:18:30.434,1.34408,1.34418,1.00,1.00
2013.09.22 22:18:30.614,1.34403,1.34414,1.00,1.00
2013.09.22 22:18:30.734,1.34405,1.34414,1.00,1.00
2013.09.22 22:18:30.854,1.34401,1.34413,1.00,1.00
2013.09.22 22:18:31.034,1.34403,1.34413,1.00,1.00
2013.09.22 22:18:31.274,1.34404,1.34415,1.00,1.00
2013.09.22 22:18:31.395,1.34407,1.34415,1.00,1.00
2013.09.22 22:18:31.694,1.34403,1.34415,1.00,1.00
2013.09.22 22:18:31.874,1.34403,1.34413,1.00,1.00
2013.09.22 22:18:32.564,1.34403,1.34415,1.00,1.00
2013.09.22 22:18:32.624,1.34407,1.34415,1.00,1.00
2013.09.22 22:18:32.864,1.34403,1.34415,1.00,1.00
2013.09.22 22:18:33.464,1.34407,1.34415,1.00,1.00
2013.09.22 22:18:36.274,1.34403,1.34415,1.00,1.00
2013.09.22 22:18:36.814,1.34404,1.34415,1.00,1.00
2013.09.22 22:18:36.994,1.34406,1.34415,1.00,1.00
2013.09.22 22:18:37.234,1.34403,1.34415,1.00,1.00
2013.09.22 22:18:37.774,1.34404,1.34415,1.00,1.00
2013.09.22 22:18:38.314,1.34403,1.34415,1.00,1.00
2013.09.22 22:18:38.554,1.34403,1.34413,1.00,1.00
2013.09.22 22:18:38.734,1.34398,1.3441,1.00,1.00
2013.09.22 22:18:43.074,1.34396,1.34406,1.00,1.00
2013.09.22 22:18:43.134,1.34394,1.34406,1.50,1.00
2013.09.22 22:18:43.194,1.34392,1.34404,1.00,1.00
2013.09.22 22:18:43.854,1.34397,1.34409,1.00,1.00
2013.09.22 22:18:44.434,1.34399,1.3441,1.00,1.00
2013.09.22 22:18:48.564,1.34402,1.34414,1.00,1.50
2013.09.22 22:18:48.744,1.34401,1.34412,1.50,1.00
2013.09.22 22:18:50.924,1.34403,1.34412,1.00,1.00
2013.09.22 22:18:51.274,1.34401,1.34412,1.00,1.00
2013.09.22 22:18:51.514,1.34405,1.34412,1.00,1.00
2013.09.22 22:18:51.694,1.34407,1.34415,1.00,1.00
2013.09.22 22:18:51.875,1.34404,1.34415,1.00,1.00
2013.09.22 22:18:51.934,1.34409,1.34415,1.00,1.00
2013.09.22 22:18:54.684,1.34409,1.34417,1.00,1.00
2013.09.22 22:18:54.804,1.34411,1.34417,1.00,1.00
2013.09.22 22:18:54.984,1.34405,1.34417,1.00,1.00
2013.09.22 22:18:55.044,1.34412,1.34417,1.00,1.00
2013.09.22 22:18:55.284,1.34406,1.34417,1.00,1.00
2013.09.22 22:18:55.404,1.34413,1.3442,1.00,1.00
2013.09.22 22:18:56.094,1.34413,1.34418,1.00,1.00
2013.09.22 22:18:56.334,1.34411,1.34417,1.00,1.00
2013.09.22 22:19:00.904,1.34403,1.34417,1.38,1.00
2013.09.22 22:19:01.204,1.34411,1.34417,1.00,1.00
2013.09.22 22:19:03.854,1.34406,1.34417,1.13,1.00
2013.09.22 22:19:03.914,1.34408,1.3442,1.00,1.00
2013.09.22 22:19:03.974,1.34413,1.3442,1.00,1.00
2013.09.22 22:19:05.874,1.34412,1.3442,1.00,1.50
2013.09.22 22:19:06.174,1.34399,1.34415,1.00,1.38
2013.09.22 22:19:06.234,1.34397,1.34408,1.00,1.13
2013.09.22 22:19:06.355,1.344,1.34409,1.00,1.00
2013.09.22 22:19:08.114,1.34401,1.3441,1.00,1.00
2013.09.22 22:19:08.354,1.34402,1.34412,1.00,1.00
2013.09.22 22:19:08.474,1.344,1.34412,1.00,1.00
2013.09.22 22:19:08.594,1.34404,1.34412,1.00,1.00
2013.09.22 22:19:08.919,1.34408,1.34415,1.00,1.00
2013.09.22 22:19:12.830,1.34406,1.34415,1.00,1.00
2013.09.22 22:19:13.085,1.34404,1.34415,1.00,1.00
2013.09.22 22:19:13.264,1.34402,1.34413,1.00,1.00
2013.09.22 22:19:13.385,1.34403,1.34415,1.50,1.50
2013.09.22 22:19:17.664,1.34403,1.34413,1.00,1.00
2013.09.22 22:19:18.024,1.34392,1.34401,1.00,1.00
2013.09.22 22:19:18.145,1.34394,1.34406,1.00,1.50
2013.09.22 22:19:18.264,1.34396,1.34407,1.00,1.00
2013.09.22 22:19:18.684,1.34397,1.34409,1.00,1.00
2013.09.22 22:19:19.964,1.34396,1.34407,1.00,1.00
2013.09.22 22:19:20.084,1.34394,1.34406,1.00,1.00
2013.09.22 22:19:20.384,1.34393,1.34404,1.00,1.00
2013.09.22 22:19:23.735,1.34394,1.34404,1.00,1.00
2013.09.22 22:19:24.194,1.34394,1.34401,1.00,1.00
2013.09.22 22:19:24.254,1.3439,1.34401,1.50,1.00
2013.09.22 22:19:27.024,1.34391,1.34403,1.00,1.00
2013.09.22 22:19:27.084,1.34394,1.34403,1.00,1.00
2013.09.22 22:19:27.564,1.34396,1.34406,1.00,1.50
2013.09.22 22:19:27.624,1.34398,1.34406,1.00,1.50
2013.09.22 22:19:28.945,1.344,1.34408,1.00,1.00
2013.09.22 22:19:29.543,1.34399,1.34408,1.00,1.00
2013.09.22 22:19:30.805,1.34397,1.34408,1.00,1.00
2013.09.22 22:19:30.871,1.34398,1.34406,1.50,1.00
2013.09.22 22:19:31.549,1.344,1.34406,1.00,1.00
2013.09.22 22:19:31.664,1.34401,1.3441,1.00,1.00
2013.09.22 22:19:31.726,1.3441,1.34412,1.00,1.00
2013.09.22 22:19:31.784,1.3441,1.34417,1.00,1.00
2013.09.22 22:19:31.845,1.3441,1.3442,1.00,1.00
2013.09.22 22:19:32.024,1.34415,1.34424,1.00,1.00
2013.09.22 22:19:32.564,1.34415,1.34425,1.00,1.00
2013.09.22 22:19:33.109,1.34416,1.34425,1.00,1.00
2013.09.22 22:19:36.174,1.34416,1.34427,1.00,1.00
2013.09.22 22:19:36.354,1.34416,1.34424,1.00,1.00
2013.09.22 22:19:59.714,1.34421,1.34424,1.00,1.00
2013.09.22 22:19:59.954,1.34417,1.34424,1.00,1.00
2013.09.22 22:20:08.774,1.34417,1.34422,1.00,1.00
2013.09.22 22:20:09.304,1.34417,1.34421,1.00,1.00
2013.09.22 22:20:11.574,1.34416,1.34419,1.00,1.00
2013.09.22 22:20:13.128,1.34417,1.34419,1.00,1.00
2013.09.22 22:20:14.395,1.34416,1.34419,1.00,1.00
2013.09.22 22:20:14.754,1.34412,1.34418,1.00,1.00
2013.09.22 22:20:21.605,1.34411,1.34416,1.00,1.00
2013.09.22 22:20:29.564,1.34408,1.34416,1.00,1.00
2013.09.22 22:20:30.434,1.34408,1.34417,1.00,1.00
2013.09.22 22:20:42.844,1.34408,1.34419,1.00,1.00
2013.09.22 22:20:58.099,1.34407,1.34419,1.50,1.00
2013.09.22 22:21:19.265,1.3441,1.34419,1.00,1.00
2013.09.22 22:21:19.325,1.34412,1.34423,1.00,1.00
2013.09.22 22:21:19.924,1.3441,1.34422,1.00,1.00
2013.09.22 22:21:39.055,1.34418,1.34422,1.00,1.00
2013.09.22 22:21:41.724,1.34418,1.3442,1.00,1.00
2013.09.22 22:21:42.755,1.34417,1.3442,1.00,1.00
2013.09.22 22:21:43.056,1.3441,1.34417,1.00,1.00
2013.09.22 22:21:43.116,1.34414,1.34417,1.00,1.00
2013.09.22 22:21:43.475,1.34411,1.34417,1.00,1.00
2013.09.22 22:21:43.535,1.34411,1.34414,1.00,1.00
2013.09.22 22:21:44.074,1.34409,1.34413,1.00,1.00
2013.09.22 22:21:46.686,1.34411,1.34413,1.00,1.00
2013.09.22 22:21:46.806,1.34412,1.34416,1.00,1.00
2013.09.22 22:21:48.004,1.3441,1.34416,1.00,1.00
2013.09.22 22:21:56.244,1.3441,1.34418,1.00,1.00
2013.09.22 22:22:00.875,1.3441,1.3442,1.00,1.00
2013.09.22 22:22:01.600,1.3441,1.34421,1.00,1.00
2013.09.22 22:22:02.054,1.34414,1.34422,1.00,1.50
2013.09.22 22:22:02.414,1.3442,1.34426,1.00,1.25
2013.09.22 22:22:02.534,1.34423,1.34431,1.00,1.88
2013.09.22 22:22:02.655,1.34423,1.34433,1.00,1.57
2013.09.22 22:22:03.015,1.34427,1.34432,1.00,1.38
2013.09.22 22:22:03.075,1.34423,1.34434,1.50,1.38
2013.09.22 22:22:03.195,1.34426,1.34434,1.00,1.38
2013.09.22 22:22:03.554,1.34423,1.34433,1.00,1.38
2013.09.22 22:22:03.674,1.34426,1.34433,1.00,1.38
2013.09.22 22:22:06.205,1.34425,1.34434,1.00,1.38
2013.09.22 22:22:06.724,1.34424,1.34434,1.00,1.38
2013.09.22 22:22:08.116,1.34424,1.34433,1.00,1.38
2013.09.22 22:22:08.596,1.34422,1.34433,1.00,1.38
2013.09.22 22:22:09.134,1.34422,1.34433,1.50,1.38
2013.09.22 22:22:11.815,1.34422,1.34427,1.00,1.00
2013.09.22 22:22:11.874,1.34419,1.34427,1.00,1.00
2013.09.22 22:22:11.994,1.34421,1.34428,1.00,1.00
2013.09.22 22:22:12.714,1.3442,1.34428,1.00,1.00
2013.09.22 22:22:12.835,1.34418,1.34427,1.00,1.00
2013.09.22 22:22:14.655,1.34415,1.34427,1.88,1.00
2013.09.22 22:22:14.715,1.34418,1.34425,1.00,1.00
2013.09.22 22:22:16.595,1.34415,1.34425,1.00,1.00
2013.09.22 22:22:16.774,1.34417,1.34428,1.50,1.00
2013.09.22 22:22:16.895,1.34418,1.3443,1.00,1.00
2013.09.22 22:22:18.026,1.34417,1.34426,1.50,1.00
2013.09.22 22:22:18.154,1.34417,1.34429,1.50,1.00
2013.09.22 22:22:18.394,1.34416,1.34427,1.00,1.50
2013.09.22 22:22:18.754,1.34414,1.34425,1.50,1.00
2013.09.22 22:22:19.724,1.34415,1.34425,1.00,1.00
2013.09.22 22:22:20.440,1.34415,1.34424,1.00,1.00
2013.09.22 22:22:20.984,1.34415,1.34425,1.00,1.00
2013.09.22 22:22:25.404,1.34416,1.34427,1.00,1.50
2013.09.22 22:22:26.495,1.34417,1.34427,1.00,1.00
2013.09.22 22:22:26.854,1.34415,1.34426,1.00,1.00
2013.09.22 22:22:34.366,1.34415,1.34427,1.50,2.25
2013.09.22 22:22:37.359,1.34415,1.34427,1.50,1.69
2013.09.22 22:22:38.384,1.34417,1.34427,1.00,2.44
2013.09.22 22:22:40.415,1.34416,1.34427,1.00,1.00
2013.09.22 22:22:47.355,1.34416,1.34425,1.00,1.00
2013.09.22 22:22:47.534,1.34414,1.34425,1.00,1.50
2013.09.22 22:22:48.755,1.34414,1.34424,1.00,1.00
2013.09.22 22:22:49.360,1.34415,1.34425,1.00,1.00
2013.09.22 22:22:51.934,1.34414,1.34425,1.00,1.50
2013.09.22 22:22:56.204,1.34415,1.34425,1.00,1.00
2013.09.22 22:23:00.035,1.34414,1.34422,1.00,1.00
2013.09.22 22:23:00.334,1.34409,1.34419,1.00,1.00
2013.09.22 22:23:00.634,1.34412,1.34421,1.00,1.00
2013.09.22 22:23:06.784,1.34412,1.3442,1.00,1.50
2013.09.22 22:23:06.905,1.34406,1.34417,1.50,1.50
2013.09.22 22:23:06.965,1.34406,1.34414,1.00,1.00
2013.09.22 22:23:07.025,1.34404,1.34414,1.00,1.00
2013.09.22 22:23:07.764,1.34404,1.34415,1.00,1.00
2013.09.22 22:23:08.195,1.34406,1.34414,1.00,1.00
2013.09.22 22:23:08.794,1.34406,1.34417,1.00,1.50
2013.09.22 22:23:11.815,1.34406,1.34415,1.00,1.00
2013.09.22 22:23:12.824,1.34406,1.34414,1.00,1.00
2013.09.22 22:23:18.725,1.34403,1.34411,1.00,1.00
2013.09.22 22:23:18.785,1.344,1.34409,1.50,1.00
2013.09.22 22:23:18.966,1.34403,1.34411,1.00,1.00
2013.09.22 22:23:19.978,1.34403,1.34412,1.00,1.00
2013.09.22 22:23:25.355,1.34403,1.34413,1.00,1.00
2013.09.22 22:23:25.865,1.34402,1.34412,1.00,1.00
2013.09.22 22:23:27.354,1.344,1.3441,1.00,1.13
2013.09.22 22:23:27.655,1.34395,1.34405,1.00,1.00
2013.09.22 22:23:30.155,1.34401,1.34408,1.00,1.13
2013.09.22 22:23:30.275,1.34401,1.3441,1.00,1.00
2013.09.22 22:23:30.395,1.34401,1.34412,1.50,1.00
2013.09.22 22:23:31.215,1.34403,1.34413,1.00,1.00
2013.09.22 22:23:32.256,1.34403,1.34411,1.00,1.00
2013.09.22 22:23:34.754,1.34401,1.34411,1.00,1.00
2013.09.22 22:23:34.995,1.34404,1.3441,1.00,1.50
2013.09.22 22:23:35.294,1.34404,1.34412,1.00,1.00
2013.09.22 22:23:36.239,1.34404,1.34413,1.00,1.00
2013.09.22 22:23:39.134,1.34405,1.34415,1.00,1.50
2013.09.22 22:23:39.635,1.34404,1.34415,1.50,2.25
2013.09.22 22:23:55.485,1.34404,1.34413,1.50,1.00
2013.09.22 22:23:56.996,1.34405,1.34415,1.00,1.00
2013.09.22 22:23:57.116,1.34408,1.34417,1.00,1.00
2013.09.22 22:23:57.664,1.34408,1.34416,1.00,1.00
2013.09.22 22:24:05.566,1.34405,1.34415,1.00,1.00
2013.09.22 22:24:05.805,1.34405,1.34413,1.00,1.00
2013.09.22 22:24:06.105,1.34402,1.34411,1.50,1.00
2013.09.22 22:24:15.715,1.34402,1.34409,1.00,1.00
2013.09.22 22:24:16.255,1.34401,1.34409,1.00,1.50
2013.09.22 22:24:18.205,1.34401,1.34407,1.00,1.00
2013.09.22 22:24:18.266,1.34398,1.34409,1.50,2.25
2013.09.22 22:24:18.325,1.34398,1.34404,1.00,1.00
2013.09.22 22:24:18.447,1.34398,1.34409,1.50,1.50
2013.09.22 22:24:18.985,1.34398,1.34408,1.00,1.00
2013.09.22 22:24:22.814,1.34396,1.34405,1.00,1.00
2013.09.22 22:24:23.435,1.34396,1.34404,1.00,1.00
2013.09.22 22:24:26.564,1.34396,1.34405,1.00,1.00
2013.09.22 22:24:37.129,1.34396,1.34406,1.00,1.00
2013.09.22 22:24:37.424,1.34396,1.34408,1.50,1.50
2013.09.22 22:24:37.485,1.34398,1.34408,1.00,1.00
2013.09.22 22:24:38.025,1.34399,1.34408,1.00,1.00
2013.09.22 22:24:39.446,1.34399,1.3441,1.00,1.00
2013.09.22 22:24:43.086,1.34399,1.34405,1.00,1.00
2013.09.22 22:24:43.395,1.34396,1.34405,1.00,1.00
2013.09.22 22:24:54.346,1.34398,1.34408,1.00,1.00
2013.09.22 22:24:54.466,1.34401,1.3441,1.00,1.00
2013.09.22 22:24:54.825,1.34406,1.34415,1.00,1.00
2013.09.22 22:24:55.524,1.34404,1.34414,1.00,1.00
2013.09.22 22:24:58.887,1.34403,1.34414,1.00,1.50
2013.09.22 22:25:18.815,1.34403,1.34413,1.00,1.00
2013.09.22 22:25:39.415,1.34403,1.34412,1.00,1.00
2013.09.22 22:25:44.225,1.34403,1.34411,1.00,1.00
2013.09.22 22:25:44.345,1.34403,1.34409,1.00,1.00
2013.09.22 22:25:50.215,1.34404,1.34409,1.00,1.00
2013.09.22 22:25:50.765,1.34404,1.34408,1.00,1.00
2013.09.22 22:25:54.035,1.34398,1.34404,1.00,1.00
2013.09.22 22:25:57.385,1.344,1.34404,1.00,1.00
2013.09.22 22:25:57.445,1.34393,1.344,1.00,1.00
2013.09.22 22:25:57.565,1.3439,1.34399,1.13,1.00
2013.09.22 22:25:57.625,1.34388,1.34395,1.38,1.00
2013.09.22 22:25:57.685,1.34388,1.34395,1.00,1.00
2013.09.22 22:25:57.745,1.34386,1.3439,1.00,1.00
2013.09.22 22:25:58.105,1.34386,1.34388,1.00,1.00
2013.09.22 22:26:05.385,1.34385,1.34387,1.00,1.00
2013.09.22 22:26:05.445,1.34381,1.34385,1.00,1.00
2013.09.22 22:26:05.565,1.34374,1.34385,1.00,1.00
2013.09.22 22:26:05.686,1.34371,1.34385,1.00,1.00
2013.09.22 22:26:18.085,1.34372,1.3438,1.00,1.00
2013.09.22 22:26:19.665,1.34375,1.3438,1.00,1.00
2013.09.22 22:26:20.026,1.34373,1.34382,1.00,1.00
2013.09.22 22:26:22.705,1.34372,1.34382,1.00,1.00
2013.09.22 22:26:25.525,1.34373,1.34382,1.00,1.00
2013.09.22 22:26:25.825,1.34373,1.34382,1.00,1.00
2013.09.22 22:26:36.284,1.34373,1.34379,1.00,1.00
2013.09.22 22:26:39.127,1.34373,1.34381,1.00,1.00
2013.09.22 22:26:39.186,1.34375,1.34381,1.00,1.00
2013.09.22 22:26:39.246,1.34375,1.34389,1.00,1.00
2013.09.22 22:26:39.366,1.3438,1.34389,1.00,1.00
2013.09.22 22:26:41.761,1.34383,1.34389,1.00,1.00
2013.09.22 22:26:42.056,1.3438,1.34389,1.00,1.00
2013.09.22 22:26:42.296,1.3438,1.34384,1.00,1.00
2013.09.22 22:26:51.038,1.34382,1.34384,1.00,1.00
2013.09.22 22:26:51.586,1.34382,1.34385,1.00,1.00
2013.09.22 22:26:56.906,1.34383,1.3439,1.00,1.00
2013.09.22 22:27:04.786,1.34385,1.34387,1.00,1.00
2013.09.22 22:27:24.850,1.34384,1.34388,1.00,1.00
2013.09.22 22:27:29.486,1.34385,1.34389,1.00,1.00
2013.09.22 22:27:32.726,1.34385,1.34391,1.00,1.00
2013.09.22 22:27:45.396,1.34385,1.34392,1.50,1.00
2013.09.22 22:27:45.516,1.34385,1.34396,2.25,1.00
2013.09.22 22:27:47.866,1.34386,1.34396,1.00,1.00
2013.09.22 22:27:48.166,1.34386,1.34398,2.25,1.00
2013.09.22 22:27:52.156,1.34391,1.34398,1.00,1.00
2013.09.22 22:27:53.796,1.34391,1.34399,1.00,1.00
2013.09.22 22:27:53.916,1.34391,1.34401,1.00,1.50
2013.09.22 22:27:54.036,1.34396,1.34401,1.00,1.00
2013.09.22 22:27:54.096,1.34396,1.34404,1.00,1.00
2013.09.22 22:27:54.336,1.34396,1.34402,1.00,1.00
2013.09.22 22:28:16.986,1.34396,1.34404,1.00,1.00
2013.09.22 22:28:17.166,1.34396,1.34402,1.00,1.00
2013.09.22 22:28:20.276,1.34396,1.34404,1.00,1.00
2013.09.22 22:28:21.826,1.34396,1.34402,1.00,1.00
2013.09.22 22:28:22.277,1.34396,1.34404,1.00,1.00
2013.09.22 22:28:22.816,1.34396,1.34405,1.00,1.00
2013.09.22 22:28:42.856,1.34396,1.34406,1.00,1.00
2013.09.22 22:29:22.896,1.34396,1.34405,1.00,1.00
2013.09.22 22:29:26.600,1.34396,1.34403,1.00,1.00
2013.09.22 22:29:26.778,1.34392,1.34402,1.00,1.00
2013.09.22 22:29:26.897,1.3439,1.344,1.00,1.00
2013.09.22 22:29:27.258,1.34387,1.34396,1.00,1.00
2013.09.22 22:29:30.296,1.34386,1.34396,1.00,1.00
2013.09.22 22:29:34.067,1.3439,1.34396,1.00,1.00
2013.09.22 22:29:34.246,1.34395,1.34405,1.00,1.50
2013.09.22 22:29:34.307,1.34399,1.34408,1.00,1.00
2013.09.22 22:29:34.827,1.34399,1.34409,1.00,1.00
2013.09.22 22:29:35.097,1.34396,1.34408,1.38,1.00
2013.09.22 22:29:35.606,1.34396,1.34408,1.00,1.00
2013.09.22 22:29:36.006,1.34394,1.34402,1.00,1.00
2013.09.22 22:29:36.366,1.34393,1.34395,1.00,1.00
2013.09.22 22:29:38.076,1.34394,1.34397,1.00,1.00
2013.09.22 22:29:38.756,1.34394,1.34395,1.00,1.00
2013.09.22 22:29:39.322,1.34385,1.34394,1.38,1.00
2013.09.22 22:29:40.610,1.34392,1.34395,1.00,1.00
2013.09.22 22:29:40.956,1.34385,1.34397,1.88,1.00
2013.09.22 22:29:41.276,1.34385,1.34395,1.38,1.00
2013.09.22 22:29:42.798,1.34384,1.34394,1.00,1.00
2013.09.22 22:29:43.346,1.34387,1.34395,1.00,1.00
2013.09.22 22:29:43.406,1.34393,1.34395,1.00,1.00
2013.09.22 22:29:43.586,1.34387,1.34395,1.00,1.00
2013.09.22 22:29:47.669,1.34383,1.34391,1.00,1.00
2013.09.22 22:29:49.956,1.3438,1.34385,1.50,1.00
2013.09.22 22:29:50.316,1.34367,1.34379,2.25,2.50
2013.09.22 22:29:50.676,1.34352,1.34368,1.00,1.00
2013.09.22 22:29:50.857,1.34353,1.34367,1.00,1.00
2013.09.22 22:29:51.036,1.34353,1.34365,1.00,1.00
2013.09.22 22:29:54.756,1.34356,1.3436,1.00,1.00
2013.09.22 22:29:54.936,1.34371,1.34382,1.13,1.50
2013.09.22 22:29:54.996,1.34374,1.34385,1.00,1.75
2013.09.22 22:29:55.356,1.34384,1.34389,1.00,1.00
2013.09.22 22:29:55.716,1.34385,1.34396,1.00,1.00
2013.09.22 22:29:56.718,1.34393,1.34396,1.00,1.00
2013.09.22 22:29:57.366,1.34394,1.34398,1.00,1.00
2013.09.22 22:29:57.837,1.34395,1.34401,1.00,1.00
2013.09.22 22:29:57.957,1.34398,1.34403,1.00,1.00
2013.09.22 22:29:58.496,1.34398,1.34403,1.00,1.00
2013.09.22 22:30:03.067,1.34397,1.34403,1.00,1.00
2013.09.22 22:30:19.396,1.34394,1.34403,1.00,1.00
2013.09.22 22:30:23.988,1.34394,1.34401,1.00,1.00
2013.09.22 22:30:24.346,1.34394,1.34399,1.00,1.00
2013.09.22 22:30:26.426,1.34393,1.34399,1.00,1.00
2013.09.22 22:30:26.966,1.34393,1.34398,1.00,1.00
2013.09.22 22:30:28.556,1.34394,1.34398,1.00,1.00
2013.09.22 22:30:29.096,1.34395,1.34399,1.00,1.00
2013.09.22 22:30:32.226,1.34394,1.34396,1.00,1.00
2013.09.22 22:30:48.366,1.34391,1.344,1.00,1.50
2013.09.22 22:30:48.667,1.34392,1.34396,1.00,1.00
2013.09.22 22:30:48.787,1.34381,1.34393,1.00,1.00
2013.09.22 22:30:49.026,1.34371,1.34382,1.50,1.00
2013.09.22 22:30:49.087,1.34376,1.34382,1.00,1.00
2013.09.22 22:30:49.147,1.34376,1.34382,1.00,1.00
2013.09.22 22:30:49.387,1.34369,1.34378,1.13,1.00
2013.09.22 22:30:50.416,1.34369,1.34378,1.00,1.00
2013.09.22 22:30:52.476,1.34368,1.34378,1.00,1.00
2013.09.22 22:30:53.328,1.34365,1.34375,1.00,1.00
2013.09.22 22:30:53.435,1.34389,1.34395,1.00,1.00
2013.09.22 22:30:53.748,1.34381,1.34393,2.63,1.00
2013.09.22 22:30:54.106,1.34381,1.34393,3.57,1.00
2013.09.22 22:30:54.876,1.34381,1.34391,1.19,1.00
2013.09.22 22:30:54.996,1.34383,1.34393,1.00,1.00
2013.09.22 22:30:57.926,1.34381,1.34393,3.75,1.00
2013.09.22 22:31:00.557,1.34381,1.34393,3.00,1.00
2013.09.22 22:31:00.877,1.34381,1.34393,2.44,1.00
2013.09.22 22:31:04.006,1.34382,1.34393,1.00,1.00
2013.09.22 22:31:04.246,1.34382,1.34395,1.50,1.00
2013.09.22 22:31:05.866,1.34383,1.34395,1.00,1.00
2013.09.22 22:31:20.557,1.34389,1.34397,1.00,1.00
2013.09.22 22:31:24.188,1.34384,1.34396,1.00,1.00
2013.09.22 22:31:27.426,1.34384,1.34396,1.00,1.00
2013.09.22 22:31:28.596,1.34384,1.34396,1.00,1.00
2013.09.22 22:31:31.808,1.34398,1.34405,1.13,1.00
2013.09.22 22:31:31.867,1.34406,1.34412,1.38,1.00
2013.09.22 22:31:31.928,1.34409,1.34417,1.38,1.00
2013.09.22 22:31:32.048,1.34409,1.34414,1.38,1.00
2013.09.22 22:31:32.107,1.34403,1.34414,1.00,1.00
2013.09.22 22:31:32.167,1.34406,1.34414,1.00,1.00
2013.09.22 22:31:32.227,1.34403,1.34407,1.00,1.00
2013.09.22 22:31:36.066,1.34395,1.34407,1.00,1.00
2013.09.22 22:31:41.706,1.34403,1.34407,1.00,1.00
2013.09.22 22:31:42.766,1.34392,1.34404,6.00,1.00
2013.09.22 22:31:47.796,1.34394,1.34406,1.00,1.00
2013.09.22 22:31:59.388,1.344,1.34408,1.00,1.00
2013.09.22 22:32:07.184,1.34403,1.34408,1.00,1.00
2013.09.22 22:32:13.356,1.34391,1.34406,1.00,1.00
2013.09.22 22:32:15.667,1.34402,1.3441,1.00,1.00
2013.09.22 22:32:24.554,1.34393,1.34404,1.00,1.00
2013.09.22 22:32:29.747,1.34399,1.34408,1.00,1.00
2013.09.22 22:32:30.066,1.34393,1.34404,1.50,1.00
2013.09.22 22:32:34.307,1.34393,1.34404,1.00,1.00
2013.09.22 22:32:34.367,1.34399,1.34404,1.00,1.00
2013.09.22 22:32:34.546,1.34391,1.34402,1.00,1.00
2013.09.22 22:32:34.906,1.3439,1.34401,1.00,1.00
2013.09.22 22:32:39.007,1.3439,1.34401,1.00,1.00
2013.09.22 22:32:39.307,1.34393,1.34405,1.00,1.00
2013.09.22 22:32:39.847,1.34395,1.34406,1.00,1.00
2013.09.22 22:32:58.437,1.34404,1.34408,1.00,1.00
2013.09.22 22:32:59.051,1.34405,1.34409,1.00,1.50
2013.09.22 22:33:13.027,1.34403,1.34407,1.00,1.00
2013.09.22 22:33:23.261,1.34395,1.34406,1.00,1.00
2013.09.22 22:33:39.416,1.34395,1.34406,1.00,1.00
2013.09.22 22:33:42.856,1.34393,1.34405,1.50,1.00
2013.09.22 22:33:44.057,1.34395,1.34406,1.50,1.00
2013.09.22 22:33:53.406,1.34394,1.34405,1.00,1.00
2013.09.22 22:33:57.447,1.34401,1.34405,1.00,1.50
2013.09.22 22:33:57.808,1.34382,1.34396,1.50,1.00
2013.09.22 22:33:57.867,1.34387,1.34393,1.00,1.00
2013.09.22 22:33:57.927,1.34387,1.3439,1.00,1.00
2013.09.22 22:33:59.617,1.34387,1.34391,1.00,1.00
2013.09.22 22:33:59.736,1.34387,1.34393,1.00,1.00
2013.09.22 22:34:05.417,1.34387,1.34388,1.00,1.00
2013.09.22 22:34:05.537,1.3438,1.34387,1.00,1.00
2013.09.22 22:34:05.717,1.34384,1.34387,1.00,1.00
2013.09.22 22:34:05.777,1.34383,1.34387,1.00,1.00
2013.09.22 22:34:07.837,1.34383,1.34392,1.38,1.00
2013.09.22 22:34:08.077,1.34403,1.34409,1.00,1.00
2013.09.22 22:34:08.256,1.34406,1.34409,1.00,1.00
2013.09.22 22:34:08.757,1.344,1.34409,1.00,1.00
2013.09.22 22:34:08.877,1.34398,1.34408,1.00,1.50
2013.09.22 22:34:09.177,1.34405,1.34407,1.00,1.00
2013.09.22 22:34:09.237,1.34405,1.34411,1.00,1.50
2013.09.22 22:34:09.296,1.34405,1.34409,1.00,1.00
2013.09.22 22:34:12.797,1.344,1.34409,1.50,1.00
2013.09.22 22:34:12.917,1.344,1.34406,1.50,1.00
2013.09.22 22:34:13.098,1.344,1.34408,1.00,1.00
2013.09.22 22:34:13.457,1.344,1.34403,1.00,1.00
2013.09.22 22:34:26.086,1.34397,1.34403,1.00,1.00
2013.09.22 22:34:28.967,1.34397,1.34406,1.00,1.00
2013.09.22 22:34:53.337,1.34398,1.34406,1.00,1.00
2013.09.22 22:34:53.458,1.34397,1.34404,1.00,1.00
2013.09.22 22:34:53.517,1.34387,1.34397,1.00,1.00
2013.09.22 22:34:53.577,1.34385,1.34397,1.00,1.50
2013.09.22 22:34:53.697,1.34384,1.34395,1.50,1.00
2013.09.22 22:35:03.947,1.34385,1.34395,1.00,1.00
2013.09.22 22:35:04.307,1.34395,1.34401,1.00,1.00
2013.09.22 22:35:05.887,1.34396,1.34401,1.00,1.00
2013.09.22 22:35:06.187,1.34395,1.34401,1.00,1.00
2013.09.22 22:35:15.237,1.34395,1.344,1.00,1.00
2013.09.22 22:35:15.297,1.34388,1.34397,1.00,1.00
2013.09.22 22:35:15.357,1.34386,1.34397,1.00,1.00
2013.09.22 22:35:15.657,1.34388,1.34399,1.00,1.00
2013.09.22 22:35:16.018,1.34395,1.34399,1.00,1.00
2013.09.22 22:35:17.447,1.34393,1.34398,1.00,1.00
2013.09.22 22:35:25.747,1.34391,1.34398,1.00,1.00
2013.09.22 22:35:25.867,1.34393,1.34398,1.00,1.00
2013.09.22 22:35:34.879,1.34391,1.34398,1.00,1.00
2013.09.22 22:35:35.417,1.34391,1.34397,1.00,1.00
2013.09.22 22:35:57.347,1.34392,1.34397,1.00,1.00
2013.09.22 22:36:03.268,1.34391,1.34395,1.00,1.00
2013.09.22 22:36:03.387,1.34377,1.34388,1.13,2.50
2013.09.22 22:36:03.507,1.34375,1.34384,1.50,1.00
2013.09.22 22:36:03.629,1.34376,1.34384,1.00,1.00
2013.09.22 22:36:03.687,1.34376,1.34384,1.00,1.00
2013.09.22 22:36:03.747,1.34372,1.34384,1.00,1.00
2013.09.22 22:36:04.049,1.34374,1.34385,1.00,1.00
2013.09.22 22:36:04.947,1.34375,1.34387,1.00,1.00
2013.09.22 22:36:05.067,1.34377,1.34389,1.00,1.50
2013.09.22 22:36:08.547,1.34379,1.3439,1.00,1.00
2013.09.22 22:36:08.857,1.34381,1.34392,1.00,1.00
2013.09.22 22:36:09.557,1.34384,1.34392,1.00,1.00
2013.09.22 22:36:09.617,1.34384,1.34395,1.00,1.00
2013.09.22 22:36:11.047,1.34385,1.34396,1.00,1.00
2013.09.22 22:36:12.857,1.34385,1.34395,1.00,1.00
2013.09.22 22:36:14.227,1.34385,1.3439,1.00,1.00
2013.09.22 22:36:14.287,1.34379,1.3439,1.00,1.00
2013.09.22 22:36:15.237,1.34381,1.34393,1.00,1.00
2013.09.22 22:36:15.297,1.34388,1.34393,1.00,1.00
2013.09.22 22:36:34.057,1.34388,1.34393,1.00,1.00
2013.09.22 22:36:35.477,1.34388,1.34392,1.00,1.00
2013.09.22 22:36:40.367,1.34389,1.34394,1.00,1.00
2013.09.22 22:36:40.787,1.34388,1.34392,1.00,1.00
2013.09.22 22:36:41.067,1.34389,1.34394,1.00,1.00
2013.09.22 22:36:41.427,1.34389,1.34392,1.00,1.00
2013.09.22 22:36:49.357,1.34386,1.34392,1.00,1.00
2013.09.22 22:36:49.907,1.34386,1.34391,1.00,1.00
2013.09.22 22:36:49.972,1.34385,1.34386,1.00,1.00
2013.09.22 22:36:53.992,1.34384,1.34388,1.00,1.00
2013.09.22 22:36:54.568,1.34385,1.34389,1.00,1.00
2013.09.22 22:36:56.708,1.34383,1.34389,1.00,1.00
2013.09.22 22:36:57.067,1.34383,1.34386,1.00,1.00
2013.09.22 22:36:57.127,1.3438,1.34386,1.00,1.00
2013.09.22 22:36:57.637,1.3438,1.34385,1.00,1.00
2013.09.22 22:37:08.917,1.34384,1.34386,1.00,1.00
2013.09.22 22:37:08.977,1.34384,1.34393,1.00,1.00
2013.09.22 22:37:09.097,1.34384,1.34395,1.00,1.50
2013.09.22 22:37:27.097,1.34384,1.3439,1.00,1.00
2013.09.22 22:37:27.562,1.34384,1.34388,1.00,1.00
2013.09.22 22:37:30.468,1.34385,1.34388,1.00,1.00
2013.09.22 22:38:00.347,1.34378,1.34388,1.00,1.00
2013.09.22 22:38:00.407,1.34376,1.34386,1.00,1.00
2013.09.22 22:38:02.667,1.34373,1.3438,1.00,1.00
2013.09.22 22:38:02.969,1.34371,1.3438,2.25,1.88
2013.09.22 22:38:03.327,1.3437,1.3438,1.00,1.00
2013.09.22 22:38:05.807,1.34365,1.3438,1.50,3.00
2013.09.22 22:38:05.927,1.34365,1.34378,1.50,1.00
2013.09.22 22:38:06.287,1.34365,1.34375,1.50,2.13
2013.09.22 22:38:07.427,1.34365,1.34368,1.00,1.00
2013.09.22 22:38:07.487,1.34363,1.34368,1.00,1.00
2013.09.22 22:38:07.667,1.34362,1.34365,1.00,1.00
2013.09.22 22:38:07.727,1.34359,1.34365,1.00,1.00
2013.09.22 22:38:07.847,1.34354,1.34363,1.00,1.00
2013.09.22 22:38:07.967,1.34354,1.34363,1.00,1.00
2013.09.22 22:38:09.277,1.34353,1.34363,1.50,1.00
2013.09.22 22:38:09.758,1.34351,1.34363,1.50,1.00
2013.09.22 22:38:09.818,1.34349,1.34361,1.00,1.00
2013.09.22 22:38:09.937,1.34347,1.34361,1.00,1.00
2013.09.22 22:38:10.447,1.34347,1.34359,1.00,1.50
2013.09.22 22:38:11.692,1.34347,1.34357,1.00,2.50
2013.09.22 22:38:12.797,1.34351,1.34357,1.50,1.00
2013.09.22 22:38:13.157,1.34355,1.34365,1.00,1.13
2013.09.22 22:38:13.217,1.34357,1.34365,1.00,1.00
2013.09.22 22:38:13.277,1.34357,1.34365,1.00,1.50
2013.09.22 22:38:13.821,1.34357,1.34366,1.00,1.00
2013.09.22 22:38:17.788,1.34355,1.34366,1.00,1.00
2013.09.22 22:38:17.967,1.34354,1.34365,1.00,2.63
2013.09.22 22:38:18.328,1.34353,1.34365,1.00,2.88
2013.09.22 22:38:18.926,1.34353,1.34365,1.00,1.13
2013.09.22 22:38:20.268,1.3435,1.34364,1.00,1.00
2013.09.22 22:38:20.627,1.34349,1.34364,1.00,1.88
2013.09.22 22:38:20.687,1.34347,1.34364,1.00,2.63
2013.09.22 22:38:24.198,1.34347,1.3436,1.00,2.63
2013.09.22 22:38:26.097,1.34347,1.3436,1.00,2.63
2013.09.22 22:38:28.527,1.34347,1.3436,1.00,1.38
2013.09.22 22:38:28.649,1.34347,1.34359,1.00,1.00
2013.09.22 22:38:28.827,1.34347,1.34357,1.00,1.00
2013.09.22 22:38:30.227,1.34344,1.34353,1.00,1.00
2013.09.22 22:38:39.148,1.34343,1.34349,1.00,1.00
2013.09.22 22:38:39.208,1.34344,1.34353,1.00,1.00
2013.09.22 22:38:39.388,1.34344,1.34349,1.00,1.00
2013.09.22 22:38:42.087,1.34347,1.3435,1.00,1.00
2013.09.22 22:38:42.267,1.34347,1.3436,1.00,1.38
2013.09.22 22:38:42.327,1.34352,1.3436,1.00,1.38
2013.09.22 22:38:42.387,1.34352,1.34355,1.00,1.13
2013.09.22 22:38:42.447,1.34352,1.3436,1.00,1.88
2013.09.22 22:38:42.508,1.34347,1.3436,1.00,1.88
2013.09.22 22:38:43.047,1.3435,1.3436,1.00,1.00
2013.09.22 22:38:43.358,1.3435,1.34355,1.00,1.00
2013.09.22 22:38:43.418,1.34343,1.34355,1.50,1.00
2013.09.22 22:38:48.180,1.34343,1.34349,1.00,1.00
2013.09.22 22:39:08.577,1.34343,1.34348,1.00,1.00
2013.09.22 22:39:11.959,1.34348,1.34353,1.00,1.00
2013.09.22 22:39:12.018,1.34348,1.34355,1.00,1.00
2013.09.22 22:39:20.228,1.34351,1.34355,1.00,1.00
2013.09.22 22:39:32.837,1.34351,1.34356,1.00,1.00
2013.09.22 22:39:37.099,1.34353,1.34356,1.00,1.00
2013.09.22 22:39:37.158,1.34353,1.3436,1.00,1.50
2013.09.22 22:39:37.457,1.34353,1.34365,1.00,2.25
2013.09.22 22:39:38.997,1.34349,1.34363,1.50,1.00
2013.09.22 22:39:43.018,1.34349,1.34358,1.00,1.00
2013.09.22 22:39:43.257,1.34344,1.34354,1.00,1.00
2013.09.22 22:39:59.517,1.34346,1.34356,1.00,1.00
2013.09.22 22:40:00.537,1.34348,1.34358,1.00,1.50
2013.09.22 22:40:01.256,1.34348,1.34357,1.00,1.00
2013.09.22 22:40:18.029,1.34348,1.34358,1.00,1.50
2013.09.22 22:40:18.337,1.3435,1.34358,1.00,1.00
2013.09.22 22:40:19.009,1.34352,1.34358,1.00,1.00
2013.09.22 22:40:19.069,1.34352,1.34361,1.00,1.00
2013.09.22 22:40:19.188,1.34352,1.34358,1.00,1.00
2013.09.22 22:40:23.957,1.34352,1.34354,1.00,1.00
2013.09.22 22:40:25.961,1.3435,1.34354,1.00,1.00
2013.09.22 22:40:27.907,1.3435,1.34358,1.00,1.00
2013.09.22 22:40:32.077,1.34348,1.34358,1.00,1.50
2013.09.22 22:40:32.137,1.34346,1.34356,1.00,1.00
2013.09.22 22:41:12.748,1.34344,1.34358,1.00,1.50
2013.09.22 22:41:12.807,1.34347,1.34358,1.00,1.00
2013.09.22 22:41:13.447,1.34347,1.34357,1.00,1.00
2013.09.22 22:41:19.428,1.34349,1.34359,1.50,1.00
2013.09.22 22:41:19.788,1.34351,1.34358,1.00,1.00
2013.09.22 22:41:34.357,1.34347,1.34357,1.00,1.00
2013.09.22 22:41:36.128,1.34349,1.34358,1.00,1.00
2013.09.22 22:41:36.427,1.34353,1.34363,2.25,1.00
2013.09.22 22:41:36.488,1.34358,1.34363,1.00,1.00
2013.09.22 22:41:36.608,1.34354,1.34363,1.00,1.00
2013.09.22 22:41:37.088,1.34354,1.34361,1.00,1.00
2013.09.22 22:41:37.149,1.34351,1.34361,1.00,1.00
2013.09.22 22:41:37.209,1.34349,1.34357,1.50,1.00
2013.09.22 22:41:37.387,1.34347,1.34357,1.50,1.00
2013.09.22 22:42:18.897,1.34345,1.34357,1.00,1.00
2013.09.22 22:42:19.089,1.34347,1.34356,1.00,1.00
2013.09.22 22:42:39.838,1.34348,1.34357,1.00,1.00
2013.09.22 22:42:56.409,1.34348,1.34355,1.00,1.00
2013.09.22 22:42:56.768,1.34344,1.34349,1.00,1.00
2013.09.22 22:42:56.828,1.34337,1.34346,1.00,1.00
2013.09.22 22:42:56.948,1.34339,1.34349,1.00,1.00
2013.09.22 22:43:01.157,1.34337,1.34347,1.00,1.00
2013.09.22 22:43:15.018,1.34339,1.34349,1.00,1.00
2013.09.22 22:43:35.792,1.34338,1.34348,1.00,1.00
2013.09.22 22:43:37.047,1.3434,1.3435,1.00,1.00
2013.09.22 22:43:37.597,1.34341,1.3435,1.00,1.00
2013.09.22 22:44:09.898,1.34342,1.34352,1.00,1.00
2013.09.22 22:44:17.748,1.34342,1.3435,1.00,1.50
2013.09.22 22:44:17.808,1.3434,1.3435,1.00,1.50
2013.09.22 22:44:17.868,1.34338,1.34348,1.00,1.00
2013.09.22 22:44:18.228,1.34338,1.34343,1.00,1.00
2013.09.22 22:44:18.588,1.3434,1.3435,1.00,1.00
2013.09.22 22:44:24.558,1.34338,1.34343,1.00,1.00
2013.09.22 22:44:44.837,1.34337,1.34343,1.00,1.00
2013.09.22 22:44:45.377,1.34337,1.34342,1.00,1.00
2013.09.22 22:45:21.288,1.34337,1.34343,1.00,1.00
2013.09.22 22:45:21.849,1.34337,1.34342,1.00,1.00
2013.09.22 22:45:25.107,1.34335,1.34342,1.00,1.00
2013.09.22 22:45:25.828,1.34334,1.34342,1.00,1.00
2013.09.22 22:45:25.948,1.34336,1.34342,1.00,1.00
2013.09.22 22:45:30.639,1.34334,1.34342,1.00,1.00
2013.09.22 22:45:30.998,1.34332,1.34342,1.00,1.50
2013.09.22 22:45:31.178,1.3433,1.3434,1.00,1.00
2013.09.22 22:45:31.958,1.34334,1.34342,1.00,1.00
2013.09.22 22:45:33.958,1.34334,1.34344,1.00,1.00
2013.09.22 22:45:51.768,1.34334,1.34343,1.00,1.00
2013.09.22 22:45:51.828,1.34337,1.34343,1.00,1.00
2013.09.22 22:45:51.888,1.34334,1.34343,1.00,1.00
2013.09.22 22:46:02.328,1.34333,1.34343,1.00,1.00
2013.09.22 22:46:12.778,1.34335,1.34343,1.00,1.00
2013.09.22 22:46:13.301,1.34334,1.34344,1.00,1.00
2013.09.22 22:46:45.969,1.34332,1.34342,1.50,1.00
2013.09.22 22:46:46.328,1.34328,1.34338,1.00,1.00
2013.09.22 22:46:51.718,1.34327,1.34334,1.00,1.00
2013.09.22 22:46:51.778,1.34325,1.34334,1.00,1.00
2013.09.22 22:46:51.958,1.34325,1.34332,1.00,1.00
2013.09.22 22:46:52.318,1.34316,1.34326,1.00,1.00
2013.09.22 22:46:52.678,1.3431,1.34321,1.50,1.00
2013.09.22 22:46:52.798,1.34312,1.34322,1.00,1.00
2013.09.22 22:46:53.178,1.34322,1.34324,1.00,1.00
2013.09.22 22:46:53.558,1.34318,1.34326,1.00,1.00
2013.09.22 22:46:57.338,1.34316,1.34326,1.00,1.00
2013.09.22 22:46:57.578,1.34316,1.34321,1.00,1.00
2013.09.22 22:46:57.638,1.34314,1.34321,1.00,1.00
2013.09.22 22:46:57.878,1.34316,1.34321,1.00,1.00
2013.09.22 22:46:58.358,1.34318,1.34321,1.00,1.00
2013.09.22 22:46:58.538,1.34318,1.34324,1.00,1.00
2013.09.22 22:46:58.658,1.3432,1.34324,1.50,1.00
2013.09.22 22:46:58.778,1.34322,1.34328,1.00,1.00
2013.09.22 22:46:59.018,1.34322,1.34332,1.00,1.00
2013.09.22 22:46:59.078,1.3432,1.3433,1.50,1.00
2013.09.22 22:46:59.438,1.34318,1.34328,1.00,1.00
2013.09.22 22:46:59.798,1.34316,1.34326,1.00,1.00
2013.09.22 22:47:08.448,1.34313,1.34323,1.50,1.00
2013.09.22 22:47:08.808,1.34308,1.34316,1.00,1.00
2013.09.22 22:47:09.168,1.34306,1.34308,1.00,1.00
2013.09.22 22:47:09.228,1.34303,1.34308,1.00,1.00
2013.09.22 22:47:09.348,1.34306,1.34308,1.00,1.00
2013.09.22 22:47:10.688,1.34306,1.3431,1.00,1.00
2013.09.22 22:47:11.108,1.34306,1.34312,1.00,1.00
2013.09.22 22:47:13.569,1.343,1.3431,1.50,1.00
2013.09.22 22:47:13.869,1.34298,1.34308,1.00,1.00
2013.09.22 22:47:14.228,1.343,1.34308,1.00,1.00
2013.09.22 22:47:18.739,1.343,1.3431,1.50,1.50
2013.09.22 22:47:20.528,1.34305,1.34312,1.00,1.00
2013.09.22 22:47:20.589,1.34308,1.34318,1.00,1.50
2013.09.22 22:47:21.288,1.34306,1.34316,1.00,1.00
2013.09.22 22:47:21.718,1.34304,1.34314,1.00,1.00
2013.09.22 22:47:29.938,1.34305,1.34314,1.00,1.00
2013.09.22 22:48:01.009,1.34304,1.34314,1.50,1.00
2013.09.22 22:48:03.018,1.34305,1.34315,1.00,1.00
2013.09.22 22:48:10.415,1.34303,1.34313,1.00,1.50
2013.09.22 22:48:19.768,1.34304,1.34313,1.00,1.50
2013.09.22 22:48:20.128,1.34307,1.34313,1.00,1.00
2013.09.22 22:48:31.658,1.34307,1.34315,2.25,1.00
2013.09.22 22:48:31.718,1.34311,1.34317,1.00,1.50
2013.09.22 22:48:31.958,1.34311,1.34319,1.00,1.00
2013.09.22 22:48:38.128,1.34311,1.34321,2.25,1.00
2013.09.22 22:48:41.488,1.34313,1.34322,1.50,1.00
2013.09.22 22:48:41.870,1.34315,1.34322,1.00,1.00
2013.09.22 22:48:42.598,1.34316,1.34325,1.50,1.00
2013.09.22 22:48:53.008,1.34318,1.34325,1.00,1.00
2013.09.22 22:48:53.624,1.34319,1.34326,1.00,1.00
2013.09.22 22:49:00.508,1.34321,1.34326,1.00,1.00
2013.09.22 22:49:00.978,1.34319,1.34326,1.00,1.00
2013.09.22 22:49:01.218,1.34321,1.34326,1.00,1.00
2013.09.22 22:49:04.118,1.34319,1.34326,1.00,1.00
2013.09.22 22:49:04.638,1.34321,1.34326,1.00,1.00
2013.09.22 22:49:04.758,1.34319,1.34326,1.00,1.00
2013.09.22 22:49:09.708,1.34321,1.34326,1.00,1.00
2013.09.22 22:49:11.148,1.34323,1.34326,1.00,1.00
2013.09.22 22:49:11.328,1.34321,1.34326,1.00,1.00
2013.09.22 22:49:25.378,1.34322,1.34326,1.00,1.00
2013.09.22 22:49:26.628,1.34323,1.34326,1.00,1.00
2013.09.22 22:49:42.904,1.34323,1.34332,1.00,2.63
2013.09.22 22:49:45.928,1.34325,1.34335,1.00,2.25
2013.09.22 22:49:45.989,1.34329,1.34332,1.00,1.00
2013.09.22 22:49:49.428,1.34331,1.34332,1.00,1.00
2013.09.22 22:49:49.848,1.34332,1.34335,1.00,1.00
2013.09.22 22:49:50.029,1.34334,1.34335,1.00,1.00
2013.09.22 22:49:56.468,1.3433,1.34335,1.50,1.00
2013.09.22 22:49:56.528,1.34334,1.34337,1.00,1.00
2013.09.22 22:49:56.648,1.34334,1.34339,1.00,1.00
2013.09.22 22:49:56.768,1.34337,1.34339,1.00,1.00
2013.09.22 22:50:10.168,1.34337,1.34342,1.00,1.00
2013.09.22 22:50:10.293,1.34339,1.34342,1.00,1.00
2013.09.22 22:50:10.649,1.34339,1.34341,1.00,1.00
2013.09.22 22:50:18.763,1.3434,1.34348,1.00,1.38
2013.09.22 22:50:18.818,1.3434,1.34343,1.00,1.00
2013.09.22 22:50:18.879,1.34339,1.34351,1.00,1.00
2013.09.22 22:50:19.000,1.34345,1.34349,1.50,1.00
2013.09.22 22:50:19.060,1.34349,1.34353,1.00,1.00
2013.09.22 22:50:19.178,1.3435,1.34361,1.00,1.13
2013.09.22 22:50:25.668,1.34354,1.34363,1.00,1.13
2013.09.22 22:50:26.052,1.34354,1.34356,1.00,1.00
2013.09.22 22:50:30.183,1.34354,1.34357,1.00,1.00
2013.09.22 22:50:32.102,1.34354,1.34355,1.00,1.00
2013.09.22 22:50:39.999,1.34353,1.34355,1.00,1.00
2013.09.22 22:50:44.498,1.34353,1.34357,1.00,1.00
2013.09.22 22:51:07.938,1.34353,1.34354,1.00,1.00
2013.09.22 22:51:08.059,1.3435,1.34354,1.00,1.00
2013.09.22 22:51:08.119,1.34348,1.34354,1.00,1.00
2013.09.22 22:51:08.178,1.3435,1.34354,1.00,1.00
2013.09.22 22:51:08.238,1.3435,1.34358,1.00,1.00
2013.09.22 22:51:11.548,1.3435,1.3436,1.50,1.13
2013.09.22 22:51:11.668,1.34354,1.34361,1.00,1.00
2013.09.22 22:51:11.970,1.3436,1.34362,1.00,1.00
2013.09.22 22:51:12.031,1.3436,1.34364,1.00,1.00
2013.09.22 22:51:18.419,1.3436,1.34366,1.50,1.00
2013.09.22 22:51:18.478,1.34362,1.34366,1.00,1.00
2013.09.22 22:51:19.019,1.34362,1.34367,1.00,1.00
2013.09.22 22:51:25.010,1.34364,1.34367,1.00,1.00
2013.09.22 22:51:25.129,1.34364,1.34369,1.50,1.00
2013.09.22 22:51:25.309,1.34362,1.34369,1.50,1.00
2013.09.22 22:51:25.488,1.3436,1.34364,1.50,1.00
2013.09.22 22:51:25.549,1.34357,1.34364,1.50,1.00
2013.09.22 22:51:26.328,1.3436,1.34364,1.00,1.00
2013.09.22 22:51:26.388,1.3436,1.34367,1.00,1.00
2013.09.22 22:51:26.449,1.34365,1.34373,1.00,1.50
2013.09.22 22:51:26.568,1.34365,1.34375,1.00,1.13
2013.09.22 22:51:27.158,1.34363,1.34373,1.00,1.00
2013.09.22 22:51:28.928,1.34364,1.34373,1.00,1.50
2013.09.22 22:51:35.259,1.34366,1.34375,1.00,1.50
2013.09.22 22:51:41.016,1.34367,1.34375,1.00,1.00
2013.09.22 22:51:41.319,1.34371,1.34375,1.00,1.00
2013.09.22 22:51:41.439,1.34372,1.3438,1.00,1.50
2013.09.22 22:51:41.619,1.34375,1.34381,1.00,1.00
2013.09.22 22:51:41.679,1.34375,1.34383,1.00,1.00
2013.09.22 22:51:41.738,1.34373,1.34383,1.00,1.00
2013.09.22 22:51:41.979,1.34372,1.34381,1.00,1.00
2013.09.22 22:51:42.339,1.34366,1.34375,1.00,1.00
2013.09.22 22:51:44.488,1.34368,1.34375,1.00,1.00
2013.09.22 22:51:44.548,1.34366,1.34375,1.00,1.00
2013.09.22 22:51:45.408,1.34369,1.34379,1.00,1.50
2013.09.22 22:51:45.469,1.34373,1.34379,1.00,1.50
2013.09.22 22:51:45.528,1.34369,1.34379,1.00,1.00
2013.09.22 22:51:46.068,1.3437,1.34378,1.00,1.00
2013.09.22 22:51:46.128,1.34368,1.34378,1.00,1.00
2013.09.22 22:51:47.118,1.34369,1.34378,1.00,1.00
2013.09.22 22:51:47.625,1.34368,1.34378,1.00,1.00
2013.09.22 22:51:48.188,1.34369,1.34378,1.00,1.00
2013.09.22 22:51:48.738,1.34368,1.34378,1.00,1.00
2013.09.22 22:51:49.278,1.34369,1.34378,1.00,1.00
2013.09.22 22:51:53.489,1.34374,1.34379,1.00,1.00
2013.09.22 22:51:53.549,1.34374,1.34382,1.00,1.00
2013.09.22 22:51:54.218,1.34377,1.34386,1.00,1.50
2013.09.22 22:51:54.279,1.34376,1.34383,1.00,1.00
2013.09.22 22:51:54.338,1.34374,1.34383,1.50,1.00
2013.09.22 22:52:00.159,1.34374,1.34384,1.50,1.00
2013.09.22 22:52:25.488,1.34374,1.34381,1.00,1.00
2013.09.22 22:52:25.865,1.34374,1.34378,1.00,1.00
2013.09.22 22:52:31.758,1.34372,1.34378,1.00,1.00
2013.09.22 22:52:39.368,1.34372,1.34379,1.00,1.00
2013.09.22 22:52:45.480,1.34372,1.34381,1.00,1.00
2013.09.22 22:52:46.039,1.34373,1.34382,1.00,1.00
2013.09.22 22:52:53.008,1.34373,1.34383,1.50,1.00
2013.09.22 22:53:06.248,1.34373,1.34381,1.00,1.00
2013.09.22 22:53:06.429,1.34371,1.34381,1.00,1.00
2013.09.22 22:53:22.408,1.34369,1.34379,2.25,1.00
2013.09.22 22:53:52.579,1.34375,1.34379,1.00,1.50
2013.09.22 22:53:52.938,1.34379,1.34389,1.00,1.50
2013.09.22 22:53:53.569,1.34372,1.34379,1.00,1.50
2013.09.22 22:53:53.689,1.34365,1.3437,2.25,1.00
2013.09.22 22:53:54.049,1.34367,1.34377,1.00,1.00
2013.09.22 22:53:54.989,1.34365,1.34369,1.50,1.00
2013.09.22 22:53:55.989,1.34363,1.34367,1.00,1.00
2013.09.22 22:53:56.109,1.34361,1.34367,1.50,1.00
2013.09.22 22:53:56.539,1.3436,1.34365,1.00,1.00
2013.09.22 22:53:57.079,1.34361,1.34365,1.00,1.00
2013.09.22 22:53:57.325,1.34361,1.3437,1.00,1.00
2013.09.22 22:53:57.389,1.34367,1.3437,1.00,1.00
2013.09.22 22:53:57.509,1.34367,1.34372,1.00,1.00
2013.09.22 22:53:57.569,1.34365,1.34372,2.25,1.00
2013.09.22 22:53:57.929,1.34367,1.34372,1.00,1.00
2013.09.22 22:53:58.289,1.34367,1.34374,1.00,1.00
2013.09.22 22:53:58.529,1.34369,1.34377,1.00,1.00
2013.09.22 22:53:59.070,1.3437,1.34377,1.00,1.00
2013.09.22 22:54:00.170,1.3437,1.34378,1.00,1.00
2013.09.22 22:54:00.869,1.3437,1.34377,1.00,1.00
2013.09.22 22:54:02.373,1.34374,1.34379,1.00,1.00
2013.09.22 22:54:03.911,1.34373,1.34379,1.00,1.00
2013.09.22 22:54:04.269,1.34373,1.34374,1.00,1.00
2013.09.22 22:54:04.449,1.34369,1.34373,1.00,1.00
2013.09.22 22:54:04.569,1.34366,1.34376,1.00,2.25
2013.09.22 22:54:04.629,1.34365,1.34374,1.00,1.00
2013.09.22 22:54:04.979,1.34366,1.34372,1.00,1.00
2013.09.22 22:54:07.539,1.34366,1.3437,1.00,1.00
2013.09.22 22:54:12.039,1.34368,1.3437,1.00,1.00
2013.09.22 22:54:12.219,1.34366,1.34369,1.00,1.00
2013.09.22 22:54:26.729,1.34366,1.34372,1.00,1.00
2013.09.22 22:54:26.791,1.34368,1.34372,1.00,1.00
2013.09.22 22:54:26.850,1.34366,1.34376,1.50,1.00
2013.09.22 22:54:27.150,1.3437,1.34373,1.00,1.00
2013.09.22 22:54:28.660,1.34366,1.34373,1.50,1.00
2013.09.22 22:54:28.720,1.34363,1.34373,1.50,1.50
2013.09.22 22:54:28.899,1.34363,1.34369,1.00,1.00
2013.09.22 22:54:29.199,1.34364,1.34373,1.00,1.50
2013.09.22 22:54:32.350,1.34364,1.34369,1.00,1.00
2013.09.22 22:54:32.709,1.34363,1.34366,1.00,1.00
2013.09.22 22:54:32.889,1.34359,1.34363,1.00,1.00
2013.09.22 22:54:32.949,1.34352,1.34362,1.50,1.00
2013.09.22 22:54:33.009,1.34352,1.34357,1.50,1.00
2013.09.22 22:54:33.189,1.3435,1.34357,1.00,1.00
2013.09.22 22:54:34.419,1.34354,1.34359,1.00,1.00
2013.09.22 22:54:34.721,1.34358,1.34366,1.00,1.00
2013.09.22 22:54:34.839,1.3436,1.34366,1.00,1.00
2013.09.22 22:54:35.679,1.3436,1.34367,1.00,1.00
2013.09.22 22:54:38.062,1.34362,1.34367,1.00,1.00
2013.09.22 22:54:38.419,1.34364,1.34367,1.00,1.00
2013.09.22 22:54:41.199,1.34364,1.34368,1.00,1.00
2013.09.22 22:54:42.369,1.34366,1.34368,1.00,1.00
2013.09.22 22:54:42.969,1.34364,1.34368,1.00,1.00
2013.09.22 22:54:56.139,1.34364,1.3437,1.00,1.00
2013.09.22 22:55:03.119,1.34363,1.3437,1.50,1.00
2013.09.22 22:55:05.169,1.34363,1.34368,1.50,1.00
2013.09.22 22:55:15.949,1.34367,1.3437,1.00,1.00
2013.09.22 22:55:16.009,1.34367,1.34377,1.50,1.50
2013.09.22 22:55:16.189,1.34367,1.34375,1.50,1.00
2013.09.22 22:55:18.569,1.34367,1.34373,1.00,1.00
2013.09.22 22:55:18.629,1.34364,1.34373,1.00,1.00
2013.09.22 22:55:19.169,1.34363,1.34373,1.13,1.00
2013.09.22 22:55:23.039,1.34361,1.3437,1.00,1.00
2013.09.22 22:55:23.222,1.34359,1.34369,1.00,1.00
2013.09.22 22:55:23.281,1.34355,1.34365,1.00,1.50
2013.09.22 22:55:28.209,1.34357,1.34365,1.00,1.00
2013.09.22 22:55:42.959,1.34359,1.34365,1.00,1.00
2013.09.22 22:55:57.449,1.34359,1.34364,1.00,1.00
2013.09.22 22:56:00.933,1.34361,1.34364,1.00,1.00
2013.09.22 22:56:19.368,1.34361,1.34363,1.00,1.00
2013.09.22 22:56:39.662,1.34361,1.34364,1.00,1.00
2013.09.22 22:56:42.757,1.34356,1.34364,1.00,1.00
2013.09.22 22:56:51.759,1.34356,1.34363,1.00,1.00
2013.09.22 22:56:52.295,1.34356,1.34364,1.00,1.00
2013.09.22 22:56:56.489,1.34356,1.34363,1.00,1.00
2013.09.22 22:56:57.017,1.34356,1.34364,1.00,1.00
2013.09.22 22:57:07.229,1.3436,1.34364,1.00,1.00
2013.09.22 22:57:07.409,1.3436,1.3437,1.00,1.00
2013.09.22 22:57:07.649,1.34357,1.34367,1.13,1.00
2013.09.22 22:57:08.020,1.3436,1.34367,1.00,1.00
2013.09.22 22:57:09.249,1.3436,1.34369,1.13,1.00
2013.09.22 22:57:09.309,1.34362,1.34369,1.00,1.00
2013.09.22 22:57:10.199,1.3436,1.34369,1.00,1.00
2013.09.22 22:57:14.249,1.34362,1.34369,1.00,1.00
2013.09.22 22:57:14.808,1.34362,1.3437,1.00,1.00
2013.09.22 22:57:16.402,1.34363,1.3437,1.00,1.00
2013.09.22 22:57:26.600,1.34365,1.3437,1.50,1.00
2013.09.22 22:57:26.780,1.34365,1.34373,1.00,1.00
2013.09.22 22:57:27.299,1.34365,1.3437,1.00,1.00
2013.09.22 22:57:41.899,1.34359,1.34369,1.00,1.00
2013.09.22 22:58:22.434,1.34359,1.3437,1.00,1.00
2013.09.22 22:58:27.567,1.34359,1.34371,1.00,1.00
2013.09.22 22:58:42.117,1.34355,1.34371,1.88,1.00
2013.09.22 22:58:47.969,1.34355,1.34371,1.38,1.00
2013.09.22 22:58:50.109,1.34365,1.34371,1.00,1.00
2013.09.22 22:58:50.169,1.34359,1.3437,1.00,1.00
2013.09.22 22:58:50.349,1.34359,1.34366,1.00,1.00
2013.09.22 22:58:51.149,1.34361,1.34366,1.00,1.00
2013.09.22 22:58:51.272,1.34357,1.34364,1.00,1.00
2013.09.22 22:58:51.836,1.34358,1.34364,1.00,1.00
2013.09.22 22:58:54.997,1.34358,1.34366,1.00,1.00
2013.09.22 22:58:55.564,1.34359,1.34366,1.00,1.00
2013.09.22 22:59:02.220,1.34363,1.34366,1.00,1.00
2013.09.22 22:59:02.279,1.34363,1.34368,1.00,1.00
2013.09.22 22:59:02.340,1.34367,1.3437,1.00,2.25
2013.09.22 22:59:02.700,1.3437,1.34373,1.00,1.00
2013.09.22 22:59:03.239,1.34369,1.34376,1.00,1.50
2013.09.22 22:59:15.869,1.34372,1.34376,1.00,1.50
2013.09.22 22:59:15.989,1.34374,1.34379,1.00,1.50
2013.09.22 22:59:16.760,1.34374,1.34379,1.38,1.50
2013.09.22 22:59:16.879,1.34376,1.34379,1.00,1.00
2013.09.22 22:59:16.999,1.3438,1.34385,1.00,1.00
2013.09.22 22:59:17.060,1.34378,1.34386,1.13,1.00
2013.09.22 22:59:17.239,1.34378,1.34384,1.00,1.00
2013.09.22 22:59:17.359,1.34378,1.34388,1.00,1.00
2013.09.22 22:59:17.659,1.34377,1.34386,1.00,1.00
2013.09.22 22:59:17.899,1.34378,1.34388,1.00,1.00
2013.09.22 22:59:20.859,1.34377,1.34386,1.00,1.00
2013.09.22 22:59:21.044,1.34378,1.34388,1.00,1.00
2013.09.22 22:59:21.159,1.34382,1.34388,1.00,1.00
2013.09.22 22:59:37.989,1.3438,1.34388,1.00,1.00
2013.09.22 22:59:41.739,1.34383,1.34393,1.00,2.25
