2013.09.25 10:00:00.803,1.33152,1.33158,1.13,1.00
2013.09.25 10:00:01.282,1.33151,1.33155,1.13,1.00
2013.09.25 10:00:01.641,1.33149,1.33152,1.00,2.25
2013.09.25 10:00:01.701,1.33151,1.33152,2.07,1.00
2013.09.25 10:00:01.761,1.33154,1.3316,1.00,1.00
2013.09.25 10:00:01.942,1.33168,1.33178,3.75,1.00
2013.09.25 10:00:02.002,1.33177,1.3318,1.50,1.13
2013.09.25 10:00:02.181,1.33177,1.33185,1.50,1.00
2013.09.25 10:00:02.301,1.33175,1.33185,1.88,1.00
2013.09.25 10:00:02.541,1.33173,1.33185,1.30,1.00
2013.09.25 10:00:02.661,1.33173,1.3318,1.30,1.00
2013.09.25 10:00:03.201,1.33173,1.33179,2.10,1.13
2013.09.25 10:00:04.021,1.33173,1.3318,1.73,1.00
2013.09.25 10:00:04.512,1.33171,1.33178,1.50,1.00
2013.09.25 10:00:04.871,1.33173,1.33178,1.00,1.00
2013.09.25 10:00:06.931,1.33173,1.33178,1.38,1.00
2013.09.25 10:00:06.991,1.33175,1.33181,1.57,1.09
2013.09.25 10:00:07.111,1.33175,1.33183,1.32,1.84
2013.09.25 10:00:07.171,1.33175,1.33183,1.13,3.75
2013.09.25 10:00:09.202,1.33179,1.33183,1.00,1.13
2013.09.25 10:00:09.382,1.33179,1.33185,1.00,1.13
2013.09.25 10:00:10.492,1.33177,1.33185,1.38,1.13
2013.09.25 10:00:11.271,1.33178,1.33183,1.13,1.00
2013.09.25 10:00:11.631,1.33187,1.33194,1.50,1.38
2013.09.25 10:00:11.992,1.33187,1.33194,1.88,1.88
2013.09.25 10:00:12.501,1.33187,1.33194,1.88,1.88
2013.09.25 10:00:13.281,1.33187,1.33194,2.25,1.00
2013.09.25 10:00:13.822,1.33186,1.33194,1.38,3.38
2013.09.25 10:00:13.881,1.33186,1.33194,1.00,2.63
2013.09.25 10:00:14.001,1.33184,1.33192,1.00,1.00
2013.09.25 10:00:14.121,1.33184,1.3319,1.00,1.00
2013.09.25 10:00:14.871,1.33182,1.3319,1.13,1.00
2013.09.25 10:00:15.051,1.33182,1.33188,1.00,1.00
2013.09.25 10:00:15.171,1.3318,1.33188,1.00,1.00
2013.09.25 10:00:15.651,1.33178,1.33185,1.30,2.25
2013.09.25 10:00:15.952,1.33175,1.33181,1.88,1.50
2013.09.25 10:00:16.311,1.33175,1.33179,1.50,1.00
2013.09.25 10:00:16.851,1.33175,1.33179,1.88,1.00
2013.09.25 10:00:17.392,1.33175,1.33178,1.88,1.00
2013.09.25 10:00:17.931,1.33175,1.33178,1.88,1.00
2013.09.25 10:00:18.451,1.33175,1.33178,1.50,1.00
2013.09.25 10:00:18.632,1.33175,1.3318,1.50,1.00
2013.09.25 10:00:18.811,1.33175,1.3318,1.88,1.00
2013.09.25 10:00:19.111,1.33176,1.33182,1.69,1.00
2013.09.25 10:00:19.631,1.33176,1.33183,1.69,1.50
2013.09.25 10:00:20.191,1.33176,1.33184,1.50,1.13
2013.09.25 10:00:20.493,1.33176,1.33181,1.63,1.00
2013.09.25 10:00:21.243,1.33176,1.33181,1.00,1.00
2013.09.25 10:00:21.551,1.33167,1.33173,1.88,1.50
2013.09.25 10:00:21.792,1.33167,1.33175,3.00,1.00
2013.09.25 10:00:21.972,1.3317,1.33175,1.75,1.00
2013.09.25 10:00:22.031,1.33172,1.33177,1.73,1.00
2013.09.25 10:00:22.271,1.3317,1.33175,3.38,1.00
2013.09.25 10:00:22.451,1.33172,1.33176,1.00,1.00
2013.09.25 10:00:24.172,1.33172,1.33175,1.50,1.00
2013.09.25 10:00:24.351,1.3317,1.33175,1.88,1.00
2013.09.25 10:00:24.742,1.33172,1.33174,1.00,1.00
2013.09.25 10:00:26.141,1.33172,1.33177,1.88,1.50
2013.09.25 10:00:27.412,1.33173,1.33179,1.50,1.00
2013.09.25 10:00:27.472,1.33175,1.33181,1.13,1.50
2013.09.25 10:00:27.831,1.33175,1.33181,1.88,1.50
2013.09.25 10:00:28.131,1.33175,1.33181,1.50,1.50
2013.09.25 10:00:28.672,1.33172,1.3318,2.44,1.00
2013.09.25 10:00:28.851,1.33175,1.3318,2.25,1.00
2013.09.25 10:00:29.391,1.33176,1.33184,1.88,1.00
2013.09.25 10:00:29.753,1.33181,1.33187,1.88,1.50
2013.09.25 10:00:30.132,1.33184,1.3319,1.00,1.00
2013.09.25 10:00:30.251,1.33183,1.33188,1.38,1.00
2013.09.25 10:00:30.552,1.33182,1.33186,1.38,1.00
2013.09.25 10:00:30.732,1.33178,1.33183,1.38,1.50
2013.09.25 10:00:30.792,1.33177,1.33181,1.13,1.00
2013.09.25 10:00:30.851,1.33177,1.3318,1.00,1.00
2013.09.25 10:00:31.423,1.33174,1.3318,2.07,1.00
2013.09.25 10:00:31.731,1.33174,1.33182,2.07,1.00
2013.09.25 10:00:31.911,1.33182,1.33185,1.00,1.35
2013.09.25 10:00:32.656,1.33181,1.33184,1.00,1.00
2013.09.25 10:00:32.723,1.33177,1.33184,1.75,1.00
2013.09.25 10:00:33.262,1.33178,1.33183,1.13,1.00
2013.09.25 10:00:35.131,1.33178,1.33183,1.38,1.00
2013.09.25 10:00:35.632,1.33178,1.33184,1.38,1.00
2013.09.25 10:00:36.171,1.3318,1.33186,3.38,1.00
2013.09.25 10:00:36.232,1.33181,1.33186,1.38,1.00
2013.09.25 10:00:36.591,1.33188,1.33191,1.25,1.75
2013.09.25 10:00:36.711,1.33188,1.33193,1.25,1.50
2013.09.25 10:00:39.472,1.33189,1.33195,1.00,1.88
2013.09.25 10:00:39.591,1.33189,1.33195,1.00,1.13
2013.09.25 10:00:39.652,1.33192,1.33195,1.13,1.13
2013.09.25 10:00:39.774,1.33193,1.33199,1.13,2.25
2013.09.25 10:00:39.833,1.33195,1.33199,1.00,2.25
2013.09.25 10:00:40.013,1.33196,1.33203,1.13,1.38
2013.09.25 10:00:40.539,1.33196,1.33203,1.80,1.38
2013.09.25 10:00:40.601,1.33196,1.33203,1.05,1.13
2013.09.25 10:00:41.132,1.33194,1.33202,1.43,1.00
2013.09.25 10:00:42.191,1.33194,1.33202,1.50,1.00
2013.09.25 10:00:42.512,1.33193,1.332,2.25,1.00
2013.09.25 10:00:42.813,1.33191,1.33194,1.13,1.00
2013.09.25 10:00:43.751,1.33189,1.33194,1.50,1.00
2013.09.25 10:00:44.642,1.33187,1.33192,2.82,1.00
2013.09.25 10:00:45.513,1.33188,1.33194,1.38,1.00
2013.09.25 10:00:45.872,1.33191,1.33198,1.00,1.38
2013.09.25 10:00:46.052,1.33191,1.33199,1.54,1.50
2013.09.25 10:00:46.622,1.33193,1.33199,1.00,1.13
2013.09.25 10:00:47.381,1.33193,1.33198,1.13,1.00
2013.09.25 10:00:47.682,1.33193,1.33197,1.00,2.25
2013.09.25 10:00:47.921,1.33187,1.33193,3.00,1.50
2013.09.25 10:00:51.101,1.33187,1.3319,3.57,1.00
2013.09.25 10:00:53.081,1.33187,1.33192,2.44,1.00
2013.09.25 10:00:53.201,1.33187,1.33192,1.88,1.00
2013.09.25 10:00:54.381,1.33188,1.33192,1.63,1.00
2013.09.25 10:00:54.441,1.33188,1.33195,1.63,1.88
2013.09.25 10:00:54.991,1.33187,1.33194,3.00,1.13
2013.09.25 10:00:57.452,1.3319,1.33194,1.38,1.00
2013.09.25 10:00:58.251,1.3319,1.33194,1.38,1.00
2013.09.25 10:00:58.492,1.33188,1.33194,1.63,1.50
2013.09.25 10:00:59.792,1.3319,1.33194,1.38,1.00
2013.09.25 10:01:00.331,1.3319,1.33195,2.63,1.00
2013.09.25 10:01:01.021,1.3319,1.33195,2.63,1.00
2013.09.25 10:01:01.571,1.3319,1.33195,2.63,1.00
2013.09.25 10:01:02.457,1.33191,1.33199,3.00,1.13
2013.09.25 10:01:02.523,1.33191,1.33197,3.00,1.00
2013.09.25 10:01:02.583,1.33192,1.33199,1.75,1.13
2013.09.25 10:01:03.128,1.33195,1.332,1.38,1.00
2013.09.25 10:01:03.671,1.33195,1.332,1.13,1.50
2013.09.25 10:01:03.853,1.33195,1.33198,1.38,1.00
2013.09.25 10:01:03.972,1.33193,1.33197,1.38,1.00
2013.09.25 10:01:04.511,1.33192,1.33197,1.38,1.50
2013.09.25 10:01:05.402,1.33191,1.33197,1.38,1.50
2013.09.25 10:01:05.523,1.33191,1.33197,1.38,1.50
2013.09.25 10:01:05.704,1.33194,1.33201,1.38,1.13
2013.09.25 10:01:06.241,1.33194,1.332,1.50,1.00
2013.09.25 10:01:06.792,1.33194,1.332,1.50,1.50
2013.09.25 10:01:06.853,1.33193,1.33198,1.35,1.00
2013.09.25 10:01:07.155,1.33192,1.33196,1.88,1.00
2013.09.25 10:01:09.461,1.33192,1.33198,1.13,1.00
2013.09.25 10:01:10.652,1.33192,1.33198,1.13,1.00
2013.09.25 10:01:11.422,1.33192,1.33198,2.25,1.50
2013.09.25 10:01:11.482,1.33192,1.332,2.25,1.00
2013.09.25 10:01:11.543,1.33195,1.332,1.50,1.88
2013.09.25 10:01:11.661,1.33195,1.33201,1.75,1.88
2013.09.25 10:01:12.334,1.33195,1.33201,1.75,1.00
2013.09.25 10:01:12.867,1.33195,1.332,2.18,1.00
2013.09.25 10:01:16.593,1.33195,1.332,2.63,1.00
2013.09.25 10:01:18.081,1.33195,1.332,1.50,1.00
2013.09.25 10:01:18.851,1.33195,1.33197,1.13,1.00
2013.09.25 10:01:19.152,1.3319,1.33194,1.38,2.63
2013.09.25 10:01:19.271,1.33185,1.3319,1.13,3.25
2013.09.25 10:01:19.512,1.33183,1.33188,1.50,1.50
2013.09.25 10:01:19.931,1.33181,1.33188,1.00,1.50
2013.09.25 10:01:20.471,1.3318,1.33187,3.38,1.00
2013.09.25 10:01:20.975,1.33181,1.33188,1.00,1.50
2013.09.25 10:01:21.591,1.33181,1.33188,1.38,1.50
2013.09.25 10:01:21.652,1.33181,1.33188,1.75,1.50
2013.09.25 10:01:22.481,1.3318,1.33187,3.75,1.00
2013.09.25 10:01:24.311,1.3318,1.33187,3.38,1.00
2013.09.25 10:01:24.372,1.33185,1.33189,1.00,1.00
2013.09.25 10:01:24.612,1.33187,1.33191,1.50,1.00
2013.09.25 10:01:25.502,1.33188,1.33191,1.00,1.00
2013.09.25 10:01:28.283,1.33188,1.33191,1.00,1.38
2013.09.25 10:01:28.462,1.33182,1.3319,1.50,1.88
2013.09.25 10:01:28.991,1.33181,1.33189,2.63,1.00
2013.09.25 10:01:31.742,1.33183,1.33188,1.88,1.00
2013.09.25 10:01:32.254,1.33183,1.33188,1.50,1.00
2013.09.25 10:01:32.756,1.33183,1.33188,1.88,1.00
2013.09.25 10:01:33.454,1.33183,1.33189,1.88,1.00
2013.09.25 10:01:34.041,1.33183,1.33188,1.88,1.00
2013.09.25 10:01:34.803,1.33182,1.33188,2.85,1.00
2013.09.25 10:01:38.382,1.33184,1.33187,1.00,1.00
2013.09.25 10:01:39.362,1.33184,1.33186,1.00,1.00
2013.09.25 10:01:43.063,1.33182,1.33189,3.23,1.50
2013.09.25 10:01:43.781,1.33184,1.33188,1.00,1.00
2013.09.25 10:01:48.421,1.33184,1.33189,1.13,1.00
2013.09.25 10:01:48.661,1.33185,1.33186,1.00,1.00
2013.09.25 10:01:49.021,1.33182,1.33188,2.10,1.50
2013.09.25 10:01:49.262,1.33182,1.33186,2.10,1.00
2013.09.25 10:01:49.622,1.3318,1.33183,1.50,2.50
2013.09.25 10:01:49.862,1.33179,1.33181,1.00,1.00
2013.09.25 10:01:49.981,1.33174,1.3318,1.88,1.00
2013.09.25 10:01:50.222,1.33173,1.33178,3.00,1.00
2013.09.25 10:01:50.872,1.33177,1.33179,1.00,1.00
2013.09.25 10:01:50.932,1.33177,1.33183,1.00,1.50
2013.09.25 10:01:51.111,1.33176,1.33183,1.00,1.13
2013.09.25 10:01:51.171,1.33173,1.33181,1.38,1.00
2013.09.25 10:01:51.721,1.33173,1.3318,1.38,1.00
2013.09.25 10:01:52.262,1.33175,1.33181,1.00,1.50
2013.09.25 10:01:52.962,1.33182,1.33183,1.00,1.00
2013.09.25 10:01:53.035,1.33176,1.33181,2.25,1.00
2013.09.25 10:01:53.652,1.33176,1.33182,2.25,1.00
2013.09.25 10:01:54.802,1.33182,1.33183,1.00,1.00
2013.09.25 10:01:54.868,1.33182,1.33185,1.00,1.00
2013.09.25 10:01:55.053,1.33185,1.3319,1.50,1.50
2013.09.25 10:01:55.933,1.33184,1.3319,1.00,3.00
2013.09.25 10:01:57.116,1.33185,1.3319,1.00,3.00
2013.09.25 10:01:58.119,1.33184,1.3319,1.00,3.00
2013.09.25 10:01:59.402,1.33187,1.3319,1.00,2.25
2013.09.25 10:01:59.951,1.33188,1.3319,1.00,1.00
2013.09.25 10:02:03.703,1.33186,1.3319,1.00,1.88
2013.09.25 10:02:04.209,1.33183,1.33189,1.38,1.00
2013.09.25 10:02:04.332,1.33183,1.33186,1.38,1.00
2013.09.25 10:02:04.685,1.33183,1.33186,1.00,1.00
2013.09.25 10:02:06.894,1.33184,1.33191,2.25,2.63
2013.09.25 10:02:10.651,1.33184,1.33188,1.88,1.00
2013.09.25 10:02:14.442,1.33183,1.33188,1.00,1.00
2013.09.25 10:02:16.801,1.33183,1.33187,1.00,1.00
2013.09.25 10:02:22.623,1.33182,1.33187,2.25,1.00
2013.09.25 10:02:25.112,1.33181,1.33185,1.88,1.00
2013.09.25 10:02:27.825,1.33182,1.33185,1.00,1.00
2013.09.25 10:02:28.430,1.33179,1.33185,1.38,1.00
2013.09.25 10:02:35.211,1.3318,1.33185,1.00,1.00
2013.09.25 10:02:35.512,1.3318,1.33183,1.00,1.00
2013.09.25 10:02:35.812,1.3318,1.33185,1.00,1.13
2013.09.25 10:02:38.061,1.33179,1.33185,3.38,1.00
2013.09.25 10:02:39.553,1.33182,1.33188,1.00,1.88
2013.09.25 10:02:39.854,1.33184,1.33189,1.00,1.00
2013.09.25 10:02:43.662,1.33186,1.3319,1.00,1.13
2013.09.25 10:02:44.281,1.33186,1.33191,1.00,1.88
2013.09.25 10:02:44.931,1.33186,1.33191,1.00,1.38
2013.09.25 10:02:45.533,1.33184,1.33191,2.25,1.38
2013.09.25 10:02:52.684,1.33182,1.33187,3.75,1.00
2013.09.25 10:02:52.921,1.33181,1.33187,3.00,1.00
2013.09.25 10:02:53.476,1.33181,1.33186,1.13,1.00
2013.09.25 10:02:54.242,1.33183,1.33186,1.00,1.00
2013.09.25 10:02:54.661,1.33183,1.33189,1.88,1.00
2013.09.25 10:02:54.722,1.33186,1.33189,1.00,1.00
2013.09.25 10:02:55.055,1.33184,1.33188,2.25,1.00
2013.09.25 10:02:55.362,1.33182,1.33188,2.25,1.00
2013.09.25 10:02:55.603,1.33185,1.33191,1.00,1.75
2013.09.25 10:02:56.144,1.33185,1.33191,1.00,1.38
2013.09.25 10:02:56.452,1.33183,1.33187,1.00,1.00
2013.09.25 10:02:57.025,1.33182,1.33187,1.00,1.00
2013.09.25 10:02:57.573,1.33181,1.33187,2.63,1.00
2013.09.25 10:02:58.053,1.33184,1.33187,1.50,1.00
2013.09.25 10:02:58.113,1.33184,1.33191,2.25,1.88
2013.09.25 10:03:01.273,1.33185,1.33191,3.00,1.38
2013.09.25 10:03:01.973,1.33189,1.33196,1.88,1.38
2013.09.25 10:03:02.047,1.33185,1.33192,4.50,1.38
2013.09.25 10:03:02.890,1.33185,1.33192,2.63,1.38
2013.09.25 10:03:04.275,1.33185,1.33192,2.63,1.13
2013.09.25 10:03:04.393,1.33187,1.33192,1.00,1.00
2013.09.25 10:03:04.632,1.33189,1.33196,1.50,1.38
2013.09.25 10:03:04.992,1.33192,1.33196,1.50,1.38
2013.09.25 10:03:05.052,1.33192,1.33198,1.50,1.13
2013.09.25 10:03:06.904,1.33193,1.33198,1.50,1.00
2013.09.25 10:03:08.462,1.33193,1.33199,1.50,1.00
2013.09.25 10:03:10.961,1.33193,1.33205,1.00,2.63
2013.09.25 10:03:11.083,1.33206,1.33209,1.50,2.63
2013.09.25 10:03:11.202,1.33204,1.33208,1.00,1.05
2013.09.25 10:03:11.263,1.33202,1.33208,1.00,1.05
2013.09.25 10:03:11.322,1.33202,1.33205,1.00,1.05
2013.09.25 10:03:11.382,1.332,1.33205,2.63,1.05
2013.09.25 10:03:11.501,1.33197,1.33203,1.50,1.50
2013.09.25 10:03:12.032,1.33196,1.33203,1.88,1.80
2013.09.25 10:03:12.216,1.33201,1.33204,1.00,1.00
2013.09.25 10:03:12.272,1.33202,1.33205,1.00,1.00
2013.09.25 10:03:12.332,1.33202,1.3321,1.00,1.75
2013.09.25 10:03:12.452,1.33203,1.33211,1.00,1.38
2013.09.25 10:03:13.399,1.33204,1.33212,1.50,1.88
2013.09.25 10:03:13.964,1.33205,1.33212,1.00,1.88
2013.09.25 10:03:14.502,1.33204,1.33212,1.13,1.88
2013.09.25 10:03:16.822,1.33203,1.33207,1.13,1.00
2013.09.25 10:03:17.241,1.33202,1.33209,1.88,1.13
2013.09.25 10:03:17.603,1.33201,1.33206,1.75,1.00
2013.09.25 10:03:17.901,1.33199,1.33206,1.13,1.88
2013.09.25 10:03:18.443,1.33198,1.33204,2.48,1.50
2013.09.25 10:03:19.543,1.33198,1.33204,1.35,1.50
2013.09.25 10:03:25.482,1.33197,1.33204,2.25,2.25
2013.09.25 10:03:26.142,1.33198,1.33204,1.13,1.00
2013.09.25 10:03:26.682,1.33197,1.33204,1.13,2.25
2013.09.25 10:03:27.881,1.33198,1.33205,1.13,1.13
2013.09.25 10:03:28.001,1.332,1.33205,1.00,1.13
2013.09.25 10:03:28.611,1.33198,1.33205,1.50,1.13
2013.09.25 10:03:28.735,1.33196,1.33203,3.38,1.50
2013.09.25 10:03:29.092,1.33193,1.33197,2.10,1.00
2013.09.25 10:03:29.451,1.33191,1.33198,1.88,2.63
2013.09.25 10:03:29.511,1.33188,1.33197,1.88,1.88
2013.09.25 10:03:30.056,1.33188,1.33197,2.63,2.63
2013.09.25 10:03:31.442,1.3319,1.33197,1.00,1.88
2013.09.25 10:03:31.503,1.3319,1.33198,2.25,4.13
2013.09.25 10:03:31.563,1.33194,1.33199,1.00,1.50
2013.09.25 10:03:31.623,1.33194,1.33199,1.00,1.88
2013.09.25 10:03:31.801,1.33195,1.33199,1.50,1.50
2013.09.25 10:03:32.341,1.33195,1.33199,1.50,1.50
2013.09.25 10:03:33.762,1.33198,1.33202,1.00,1.88
2013.09.25 10:03:34.371,1.33198,1.33204,1.00,2.25
2013.09.25 10:03:37.174,1.33197,1.33204,1.50,1.13
2013.09.25 10:03:39.362,1.33198,1.33205,1.00,1.88
2013.09.25 10:03:42.461,1.33197,1.33205,1.50,1.50
2013.09.25 10:03:42.991,1.33197,1.33205,1.50,1.50
2013.09.25 10:03:49.863,1.332,1.33205,1.05,1.00
2013.09.25 10:03:50.708,1.33206,1.33211,1.50,2.63
2013.09.25 10:03:51.011,1.33208,1.33215,1.50,1.38
2013.09.25 10:03:52.384,1.33208,1.33215,1.00,1.88
2013.09.25 10:03:52.854,1.33205,1.33211,1.00,1.38
2013.09.25 10:03:53.162,1.33202,1.33208,1.38,1.13
2013.09.25 10:03:53.522,1.33198,1.33205,1.38,1.88
2013.09.25 10:03:53.783,1.33198,1.33203,1.13,1.13
2013.09.25 10:03:57.331,1.33197,1.33204,1.88,1.38
2013.09.25 10:03:57.932,1.33197,1.33204,1.88,1.38
2013.09.25 10:04:00.793,1.33198,1.33205,1.00,2.25
2013.09.25 10:04:00.912,1.33201,1.33205,1.00,1.50
2013.09.25 10:04:01.032,1.332,1.33205,1.00,1.38
2013.09.25 10:04:01.092,1.332,1.33205,1.50,1.00
2013.09.25 10:04:01.273,1.33199,1.33202,1.13,1.00
2013.09.25 10:04:01.392,1.33194,1.33201,1.50,1.00
2013.09.25 10:04:01.751,1.33194,1.33202,2.25,1.00
2013.09.25 10:04:02.422,1.33194,1.33201,1.13,1.13
2013.09.25 10:04:02.933,1.33195,1.33201,1.13,1.00
2013.09.25 10:04:03.052,1.33197,1.33203,1.00,3.75
2013.09.25 10:04:03.611,1.33197,1.33203,1.13,1.88
2013.09.25 10:04:04.152,1.33197,1.33203,1.88,1.88
2013.09.25 10:04:05.192,1.33197,1.33204,1.88,2.63
2013.09.25 10:04:05.763,1.33197,1.33204,1.38,2.63
2013.09.25 10:04:06.871,1.33197,1.33204,1.88,1.88
2013.09.25 10:04:08.614,1.33197,1.33198,1.13,1.00
2013.09.25 10:04:08.852,1.33193,1.33198,1.13,1.38
2013.09.25 10:04:08.972,1.33195,1.33202,2.25,3.23
2013.09.25 10:04:09.332,1.33198,1.33201,1.50,1.38
2013.09.25 10:04:14.472,1.33196,1.33201,2.25,1.38
2013.09.25 10:04:15.074,1.33196,1.33201,1.50,1.00
2013.09.25 10:04:18.021,1.33194,1.33201,2.25,1.00
2013.09.25 10:04:19.212,1.33196,1.33198,1.00,1.13
2013.09.25 10:04:20.891,1.33196,1.33198,1.50,1.38
2013.09.25 10:04:21.441,1.33196,1.33198,1.50,1.00
2013.09.25 10:04:21.742,1.33194,1.33196,1.50,1.00
2013.09.25 10:04:21.862,1.33194,1.33196,1.00,1.00
2013.09.25 10:04:23.382,1.33193,1.33196,1.00,1.00
2013.09.25 10:04:23.894,1.33194,1.33196,1.00,1.00
2013.09.25 10:04:24.183,1.33194,1.33199,1.00,1.00
2013.09.25 10:04:24.362,1.33196,1.33199,1.00,1.00
2013.09.25 10:04:29.122,1.33195,1.33197,1.00,1.00
2013.09.25 10:04:29.692,1.33195,1.33197,1.00,1.00
2013.09.25 10:04:31.061,1.33193,1.33196,1.00,1.00
2013.09.25 10:04:31.422,1.33191,1.33195,1.00,1.38
2013.09.25 10:04:31.541,1.33187,1.33193,2.25,1.13
2013.09.25 10:04:31.662,1.33187,1.33193,2.25,1.38
2013.09.25 10:04:32.202,1.33187,1.33193,1.50,2.63
2013.09.25 10:04:35.162,1.33187,1.33189,1.00,1.00
2013.09.25 10:04:37.752,1.33187,1.33192,1.00,1.38
2013.09.25 10:04:39.652,1.33187,1.33192,1.00,1.38
2013.09.25 10:04:40.201,1.33187,1.33192,1.00,1.38
2013.09.25 10:04:40.941,1.33187,1.33189,1.00,1.00
2013.09.25 10:04:47.362,1.33186,1.33189,1.00,1.00
2013.09.25 10:04:47.663,1.33181,1.33187,1.30,1.00
2013.09.25 10:04:48.022,1.33185,1.33189,1.00,1.38
2013.09.25 10:04:52.841,1.33184,1.33191,1.50,1.38
2013.09.25 10:04:53.373,1.33184,1.33192,1.50,1.38
2013.09.25 10:04:54.902,1.33184,1.33187,1.00,1.00
2013.09.25 10:05:01.862,1.33184,1.3319,1.50,1.13
2013.09.25 10:05:10.141,1.33186,1.3319,1.00,1.00
2013.09.25 10:05:17.575,1.33184,1.3319,2.25,1.00
2013.09.25 10:05:18.152,1.33184,1.33186,1.00,1.00
2013.09.25 10:05:18.212,1.33182,1.33186,1.50,1.00
2013.09.25 10:05:20.142,1.33184,1.33186,1.00,1.00
2013.09.25 10:05:20.813,1.33184,1.33187,1.00,1.00
2013.09.25 10:05:21.672,1.33182,1.33187,2.63,1.00
2013.09.25 10:05:21.911,1.33184,1.33187,1.00,1.00
2013.09.25 10:05:23.894,1.33184,1.33186,1.00,1.00
2013.09.25 10:05:24.432,1.33183,1.33186,1.00,1.00
2013.09.25 10:05:26.158,1.33183,1.33185,1.00,1.00
2013.09.25 10:05:26.962,1.33183,1.33188,1.00,1.38
2013.09.25 10:05:27.562,1.33183,1.3319,1.50,2.63
2013.09.25 10:05:27.682,1.33183,1.3319,1.50,1.13
2013.09.25 10:05:27.742,1.33185,1.3319,1.00,1.13
2013.09.25 10:05:28.102,1.33183,1.33186,1.00,1.00
2013.09.25 10:05:28.342,1.33184,1.3319,1.00,1.13
2013.09.25 10:05:28.582,1.33186,1.3319,1.00,1.00
2013.09.25 10:05:29.192,1.33185,1.3319,1.28,1.00
2013.09.25 10:05:30.832,1.33186,1.33192,1.00,1.38
2013.09.25 10:05:31.371,1.33186,1.33192,1.00,1.38
2013.09.25 10:05:31.892,1.33185,1.33189,1.00,1.00
2013.09.25 10:05:32.684,1.33187,1.33191,1.00,1.13
2013.09.25 10:05:32.805,1.33185,1.33191,1.50,1.00
2013.09.25 10:05:33.341,1.33185,1.3319,1.00,1.13
2013.09.25 10:05:33.887,1.33184,1.33189,1.13,1.00
2013.09.25 10:05:36.152,1.33184,1.33189,1.00,1.38
2013.09.25 10:05:36.272,1.33182,1.33185,2.25,1.00
2013.09.25 10:05:36.911,1.33182,1.33185,1.00,1.00
2013.09.25 10:05:51.692,1.3318,1.33183,1.00,1.00
2013.09.25 10:05:52.232,1.33175,1.33182,1.13,1.00
2013.09.25 10:05:52.592,1.33181,1.33184,1.00,1.00
2013.09.25 10:05:52.952,1.33179,1.33184,1.88,1.00
2013.09.25 10:05:53.716,1.33181,1.33185,1.00,1.00
2013.09.25 10:05:54.223,1.33181,1.33183,1.00,1.00
2013.09.25 10:05:54.463,1.3318,1.33185,1.00,1.00
2013.09.25 10:05:56.623,1.33182,1.33185,1.00,1.00
2013.09.25 10:05:58.903,1.33182,1.33184,1.00,1.00
2013.09.25 10:05:59.023,1.3318,1.33183,1.00,1.00
2013.09.25 10:06:01.393,1.33181,1.33187,1.00,1.38
2013.09.25 10:06:01.453,1.33182,1.33187,1.00,1.00
2013.09.25 10:06:01.633,1.33182,1.33185,1.50,1.00
2013.09.25 10:06:02.052,1.33183,1.33189,1.00,1.38
2013.09.25 10:06:02.624,1.33184,1.33189,1.00,1.13
2013.09.25 10:06:10.852,1.33185,1.33191,1.00,2.25
2013.09.25 10:06:11.392,1.33186,1.3319,1.00,1.00
2013.09.25 10:06:11.452,1.33184,1.3319,3.38,1.00
2013.09.25 10:06:13.863,1.33184,1.3319,2.63,1.00
2013.09.25 10:06:19.612,1.33184,1.33187,1.00,1.00
2013.09.25 10:06:19.972,1.33183,1.33185,1.00,1.00
2013.09.25 10:06:20.522,1.33182,1.33185,2.25,1.00
2013.09.25 10:06:22.545,1.33182,1.33184,1.00,1.00
2013.09.25 10:06:24.212,1.33183,1.33185,1.00,1.00
2013.09.25 10:06:24.522,1.33185,1.33191,1.00,1.13
2013.09.25 10:06:24.582,1.33185,1.3319,1.00,1.00
2013.09.25 10:06:24.642,1.33187,1.3319,1.00,1.00
2013.09.25 10:06:25.182,1.33188,1.3319,1.00,1.00
2013.09.25 10:06:25.242,1.33188,1.33192,1.00,1.00
2013.09.25 10:06:25.422,1.3319,1.33192,1.00,1.00
2013.09.25 10:06:27.312,1.3319,1.33196,1.50,1.50
2013.09.25 10:06:27.493,1.33192,1.33196,1.00,1.00
2013.09.25 10:06:28.032,1.33189,1.33195,1.50,1.38
2013.09.25 10:06:28.332,1.33188,1.33191,1.00,1.00
2013.09.25 10:06:28.835,1.33188,1.3319,1.50,1.00
2013.09.25 10:06:30.942,1.33188,1.33191,1.00,1.38
2013.09.25 10:06:31.064,1.33186,1.33188,1.00,1.00
2013.09.25 10:06:31.122,1.33184,1.33187,1.00,1.00
2013.09.25 10:06:33.024,1.33184,1.33187,1.13,1.00
2013.09.25 10:06:36.912,1.33184,1.33187,1.00,1.00
2013.09.25 10:06:38.082,1.33183,1.33187,1.00,1.00
2013.09.25 10:06:38.142,1.33181,1.33187,2.25,1.00
2013.09.25 10:06:38.322,1.33181,1.33184,1.13,1.00
2013.09.25 10:06:38.622,1.33176,1.33183,1.00,1.13
2013.09.25 10:06:38.942,1.33175,1.33181,3.15,1.00
2013.09.25 10:06:39.484,1.33176,1.33181,1.50,1.00
2013.09.25 10:06:40.383,1.33176,1.33181,1.38,1.00
2013.09.25 10:06:42.022,1.33176,1.33181,1.00,1.00
2013.09.25 10:06:43.972,1.33176,1.33181,1.50,1.00
2013.09.25 10:06:44.591,1.33177,1.33181,1.88,1.00
2013.09.25 10:06:47.452,1.33178,1.33184,3.00,1.13
2013.09.25 10:06:47.512,1.3318,1.33184,1.88,1.13
2013.09.25 10:06:49.844,1.3318,1.33182,1.88,1.00
2013.09.25 10:06:49.902,1.3318,1.33184,2.63,1.13
2013.09.25 10:06:49.962,1.33182,1.33184,1.13,1.00
2013.09.25 10:06:53.482,1.33183,1.33185,1.00,1.00
2013.09.25 10:06:58.825,1.3318,1.33185,1.65,1.00
2013.09.25 10:06:58.884,1.33181,1.33183,1.00,1.00
2013.09.25 10:06:59.002,1.33181,1.33186,1.00,1.00
2013.09.25 10:06:59.362,1.33183,1.3319,1.00,3.00
2013.09.25 10:06:59.722,1.33191,1.33194,1.00,1.00
2013.09.25 10:06:59.782,1.33193,1.33197,1.53,1.88
2013.09.25 10:07:00.202,1.33193,1.332,1.88,2.63
2013.09.25 10:07:02.294,1.33194,1.332,1.00,2.63
2013.09.25 10:07:02.795,1.33195,1.332,1.00,1.88
2013.09.25 10:07:02.972,1.33196,1.33201,1.00,1.00
2013.09.25 10:07:04.822,1.33196,1.332,1.50,1.13
2013.09.25 10:07:06.059,1.33196,1.33199,1.00,1.00
2013.09.25 10:07:06.302,1.33197,1.33202,1.13,1.38
2013.09.25 10:07:06.482,1.33203,1.33208,1.00,3.75
2013.09.25 10:07:06.962,1.33206,1.3321,1.00,1.50
2013.09.25 10:07:07.512,1.33207,1.33211,1.00,1.00
2013.09.25 10:07:08.143,1.33206,1.33211,1.00,1.13
2013.09.25 10:07:08.972,1.33205,1.33211,1.00,1.13
2013.09.25 10:07:12.212,1.33205,1.3321,1.13,1.00
2013.09.25 10:07:12.572,1.33204,1.33206,1.50,1.00
2013.09.25 10:07:12.632,1.33204,1.33207,1.50,1.00
2013.09.25 10:07:13.503,1.33203,1.33207,1.00,1.00
2013.09.25 10:07:13.623,1.33203,1.33205,1.00,1.00
2013.09.25 10:07:13.802,1.332,1.33204,1.00,1.00
2013.09.25 10:07:14.342,1.33199,1.33203,1.13,1.00
2013.09.25 10:07:24.012,1.33197,1.33203,1.00,1.50
2013.09.25 10:07:24.662,1.33196,1.33202,2.25,1.00
2013.09.25 10:07:28.373,1.33196,1.33202,1.50,1.00
2013.09.25 10:07:28.932,1.33195,1.332,1.88,1.00
2013.09.25 10:07:29.352,1.33192,1.33198,2.25,1.00
2013.09.25 10:07:29.653,1.33194,1.33199,1.00,1.50
2013.09.25 10:07:30.012,1.33192,1.33197,1.00,1.00
2013.09.25 10:07:31.552,1.33192,1.33198,1.88,1.38
2013.09.25 10:07:32.092,1.33194,1.33198,1.00,1.13
2013.09.25 10:07:33.315,1.33195,1.332,1.88,1.88
2013.09.25 10:07:33.372,1.33197,1.33201,1.00,1.38
2013.09.25 10:07:33.733,1.33199,1.33204,2.25,1.50
2013.09.25 10:07:33.792,1.33201,1.33204,1.00,1.50
2013.09.25 10:07:34.332,1.33202,1.33205,1.00,1.00
2013.09.25 10:07:36.922,1.33199,1.33205,1.88,1.00
2013.09.25 10:07:37.521,1.33199,1.33205,1.88,1.13
2013.09.25 10:07:38.062,1.33197,1.33204,1.88,2.63
2013.09.25 10:07:39.452,1.33199,1.33204,1.00,1.50
2013.09.25 10:07:40.894,1.33197,1.33204,3.38,1.00
2013.09.25 10:07:41.014,1.33197,1.33201,2.63,1.00
2013.09.25 10:07:45.382,1.33197,1.33201,1.50,1.38
2013.09.25 10:07:47.882,1.33195,1.332,1.00,2.63
2013.09.25 10:07:48.062,1.33194,1.33197,1.00,1.00
2013.09.25 10:07:48.422,1.33191,1.33195,1.32,1.50
2013.09.25 10:07:48.543,1.33194,1.33197,1.00,1.00
2013.09.25 10:07:49.052,1.33194,1.33196,1.00,1.00
2013.09.25 10:07:51.506,1.33194,1.33196,1.00,1.60
2013.09.25 10:07:53.312,1.33189,1.33194,1.68,1.13
2013.09.25 10:07:53.372,1.33191,1.33194,1.00,1.13
2013.09.25 10:07:53.854,1.33189,1.33192,1.38,1.00
2013.09.25 10:07:54.032,1.33188,1.33191,1.00,1.00
2013.09.25 10:07:54.572,1.33188,1.33191,1.38,1.00
2013.09.25 10:07:56.962,1.33187,1.33191,1.38,1.00
2013.09.25 10:07:58.693,1.33187,1.33191,1.00,1.00
2013.09.25 10:07:59.499,1.33187,1.33192,1.00,1.00
2013.09.25 10:07:59.564,1.3319,1.33193,1.00,1.50
2013.09.25 10:07:59.802,1.33191,1.33194,1.00,1.00
2013.09.25 10:08:00.672,1.33192,1.33193,1.00,1.00
2013.09.25 10:08:01.722,1.3319,1.33193,1.38,1.00
2013.09.25 10:08:02.263,1.33191,1.33194,1.38,1.00
2013.09.25 10:08:03.663,1.33192,1.33194,1.00,1.00
2013.09.25 10:08:04.643,1.33192,1.33193,1.00,1.00
2013.09.25 10:08:05.199,1.33191,1.33193,1.00,1.00
2013.09.25 10:08:05.412,1.33189,1.33192,1.38,1.00
2013.09.25 10:08:06.470,1.33187,1.3319,1.88,1.00
2013.09.25 10:08:06.593,1.33187,1.33189,1.88,1.00
2013.09.25 10:08:06.653,1.33185,1.33189,2.10,1.50
2013.09.25 10:08:07.192,1.33185,1.33188,1.00,1.00
2013.09.25 10:08:08.862,1.33183,1.33188,1.00,1.00
2013.09.25 10:08:09.102,1.33183,1.33186,1.00,1.00
2013.09.25 10:08:10.102,1.33183,1.33184,1.00,1.00
2013.09.25 10:08:10.582,1.33178,1.33182,1.13,1.00
2013.09.25 10:08:10.702,1.33175,1.33179,2.25,1.00
2013.09.25 10:08:11.470,1.33175,1.3318,1.88,1.00
2013.09.25 10:08:11.534,1.33177,1.3318,1.38,1.00
2013.09.25 10:08:11.712,1.33176,1.3318,1.50,1.00
2013.09.25 10:08:11.772,1.33177,1.33183,1.13,1.00
2013.09.25 10:08:11.952,1.33177,1.33181,1.00,1.00
2013.09.25 10:08:12.685,1.33177,1.33179,1.00,1.00
2013.09.25 10:08:12.862,1.33175,1.33181,1.38,1.50
2013.09.25 10:08:13.043,1.3318,1.33183,1.00,1.00
2013.09.25 10:08:13.712,1.33176,1.33181,1.13,1.00
2013.09.25 10:08:14.962,1.33176,1.33179,1.00,1.00
2013.09.25 10:08:15.322,1.33174,1.33177,1.00,1.50
2013.09.25 10:08:17.131,1.33172,1.33177,3.75,1.50
2013.09.25 10:08:18.182,1.33172,1.33176,3.79,1.00
2013.09.25 10:08:18.602,1.33175,1.33176,1.13,1.00
2013.09.25 10:08:18.842,1.33175,1.33178,1.50,1.00
2013.09.25 10:08:19.382,1.33176,1.33178,1.13,1.00
2013.09.25 10:08:19.682,1.33172,1.33177,4.35,1.00
2013.09.25 10:08:19.802,1.33172,1.33175,2.25,1.00
2013.09.25 10:08:20.343,1.33171,1.33173,1.13,1.00
2013.09.25 10:08:20.707,1.33167,1.33173,2.25,1.13
2013.09.25 10:08:20.893,1.33167,1.3317,2.25,1.00
2013.09.25 10:08:23.603,1.33167,1.3317,1.13,1.00
2013.09.25 10:08:24.192,1.33167,1.3317,1.50,1.00
2013.09.25 10:08:24.552,1.33165,1.33168,1.13,1.00
2013.09.25 10:08:24.672,1.33165,1.33167,1.13,1.00
2013.09.25 10:08:25.992,1.33165,1.33169,1.00,1.00
2013.09.25 10:08:29.442,1.33165,1.33168,1.00,1.00
2013.09.25 10:08:29.503,1.33161,1.33165,2.63,1.00
2013.09.25 10:08:29.742,1.33162,1.33167,1.00,2.25
2013.09.25 10:08:30.773,1.33165,1.33167,1.00,1.50
2013.09.25 10:08:30.892,1.33165,1.33169,1.00,1.50
2013.09.25 10:08:31.074,1.33167,1.33172,1.00,1.13
2013.09.25 10:08:31.253,1.33167,1.3317,1.00,1.00
2013.09.25 10:08:31.802,1.33166,1.33169,1.00,1.00
2013.09.25 10:08:32.912,1.33168,1.33169,1.00,1.00
2013.09.25 10:08:33.032,1.33168,1.33171,1.00,1.00
2013.09.25 10:08:33.582,1.33168,1.33173,1.00,1.00
2013.09.25 10:08:34.702,1.33168,1.3317,1.00,1.00
2013.09.25 10:08:36.383,1.33169,1.33172,1.00,1.50
2013.09.25 10:08:36.622,1.33169,1.33172,1.00,1.50
2013.09.25 10:08:36.862,1.33167,1.33169,1.00,2.25
2013.09.25 10:08:36.922,1.33167,1.33169,1.00,2.25
2013.09.25 10:08:37.102,1.33162,1.33168,1.00,1.38
2013.09.25 10:08:37.162,1.33162,1.33166,1.38,1.00
2013.09.25 10:08:37.765,1.33162,1.33168,1.38,1.88
2013.09.25 10:08:38.092,1.33165,1.33168,1.00,1.50
2013.09.25 10:08:38.212,1.33163,1.33168,1.38,1.50
2013.09.25 10:08:39.402,1.33163,1.33167,1.13,1.50
2013.09.25 10:08:41.202,1.33165,1.33167,1.20,1.13
2013.09.25 10:08:41.826,1.33165,1.33168,1.20,1.13
2013.09.25 10:08:42.722,1.33165,1.3317,2.40,2.63
2013.09.25 10:08:43.084,1.33169,1.33172,1.00,1.00
2013.09.25 10:08:43.402,1.33171,1.33174,1.00,2.63
2013.09.25 10:08:43.762,1.33172,1.33178,1.00,1.88
2013.09.25 10:08:43.882,1.33175,1.33178,1.00,3.00
2013.09.25 10:08:44.003,1.33176,1.3318,1.00,1.00
2013.09.25 10:08:44.183,1.33176,1.33182,1.13,2.25
2013.09.25 10:08:44.362,1.33179,1.33181,1.00,1.00
2013.09.25 10:08:44.722,1.33174,1.3318,1.13,1.00
2013.09.25 10:08:44.842,1.33178,1.33181,1.38,1.00
2013.09.25 10:08:46.722,1.33178,1.33181,2.25,1.50
2013.09.25 10:08:47.262,1.33178,1.3318,1.13,1.00
2013.09.25 10:08:47.852,1.33176,1.33179,1.13,1.00
2013.09.25 10:08:48.214,1.33177,1.3318,1.00,1.00
2013.09.25 10:08:48.913,1.33178,1.3318,1.00,2.25
2013.09.25 10:08:49.422,1.33176,1.33179,1.00,1.50
2013.09.25 10:08:49.963,1.33171,1.33176,1.00,1.00
2013.09.25 10:08:50.322,1.33165,1.33171,1.13,1.00
2013.09.25 10:08:50.382,1.33169,1.3317,1.00,1.00
2013.09.25 10:08:50.502,1.33166,1.33169,1.00,1.00
2013.09.25 10:08:51.022,1.33166,1.33169,1.00,1.00
2013.09.25 10:08:51.202,1.33169,1.33171,1.00,1.13
2013.09.25 10:08:51.442,1.3317,1.33173,1.00,1.00
2013.09.25 10:08:51.622,1.33171,1.33172,1.00,1.00
2013.09.25 10:08:52.134,1.33171,1.33173,1.00,1.13
2013.09.25 10:08:53.072,1.33171,1.33175,1.00,1.50
2013.09.25 10:08:53.612,1.33169,1.33174,1.38,1.88
2013.09.25 10:08:54.247,1.33174,1.33175,1.00,1.00
2013.09.25 10:08:54.962,1.33169,1.33174,1.38,1.00
2013.09.25 10:08:56.882,1.33169,1.33174,1.38,1.00
2013.09.25 10:08:57.513,1.33167,1.3317,2.63,1.00
2013.09.25 10:08:57.573,1.33167,1.3317,1.00,1.32
2013.09.25 10:08:57.634,1.33167,1.33168,1.00,1.00
2013.09.25 10:08:57.992,1.33161,1.33164,1.00,1.00
2013.09.25 10:08:58.173,1.33159,1.33161,1.38,1.00
2013.09.25 10:09:00.819,1.33152,1.33158,1.38,1.00
2013.09.25 10:09:01.362,1.33152,1.33157,1.38,1.00
2013.09.25 10:09:01.422,1.33152,1.33158,2.63,1.00
2013.09.25 10:09:01.542,1.33152,1.33157,2.63,1.00
2013.09.25 10:09:01.843,1.33152,1.33156,1.00,1.00
2013.09.25 10:09:02.022,1.33155,1.33158,1.00,1.50
2013.09.25 10:09:02.382,1.33154,1.33156,1.00,1.00
2013.09.25 10:09:02.742,1.33155,1.3316,1.00,1.00
2013.09.25 10:09:03.244,1.33152,1.33156,1.38,1.00
2013.09.25 10:09:03.304,1.33152,1.33156,1.00,1.00
2013.09.25 10:09:03.363,1.33149,1.33154,3.00,1.00
2013.09.25 10:09:03.602,1.33149,1.33152,1.38,1.00
2013.09.25 10:09:03.912,1.33151,1.33155,1.00,1.50
2013.09.25 10:09:04.092,1.33152,1.33154,1.00,1.00
2013.09.25 10:09:05.204,1.3315,1.33154,1.00,1.00
2013.09.25 10:09:05.323,1.33154,1.33156,1.00,1.13
2013.09.25 10:09:06.012,1.3315,1.33155,1.75,1.00
2013.09.25 10:09:06.253,1.33153,1.33155,1.00,1.00
2013.09.25 10:09:08.943,1.33153,1.33156,1.00,1.00
2013.09.25 10:09:13.115,1.33151,1.33154,1.38,1.00
2013.09.25 10:09:13.753,1.33148,1.33153,1.38,1.00
2013.09.25 10:09:14.292,1.33149,1.33152,1.38,1.00
2013.09.25 10:09:14.416,1.33149,1.33153,1.38,1.00
2013.09.25 10:09:14.592,1.3315,1.33155,1.13,1.50
2013.09.25 10:09:15.883,1.33151,1.33156,1.88,1.00
2013.09.25 10:09:15.942,1.33153,1.33157,1.00,1.00
2013.09.25 10:09:16.243,1.33153,1.33155,2.25,1.00
2013.09.25 10:09:16.303,1.3315,1.33153,3.38,1.00
2013.09.25 10:09:16.842,1.33149,1.33155,2.63,1.00
2013.09.25 10:09:18.022,1.3315,1.33153,1.13,1.00
2013.09.25 10:09:19.113,1.3315,1.33154,1.58,1.50
2013.09.25 10:09:19.234,1.33151,1.33156,1.13,3.00
2013.09.25 10:09:19.294,1.33153,1.33156,1.00,2.25
2013.09.25 10:09:19.475,1.33155,1.33159,1.58,1.88
2013.09.25 10:09:19.653,1.33157,1.33159,1.00,1.88
2013.09.25 10:09:20.192,1.33157,1.3316,1.38,1.13
2013.09.25 10:09:21.092,1.33157,1.33162,1.38,4.50
2013.09.25 10:09:21.572,1.33158,1.33162,1.43,2.25
2013.09.25 10:09:22.148,1.33157,1.33161,1.68,1.00
2013.09.25 10:09:22.772,1.33155,1.33161,1.20,1.00
2013.09.25 10:09:23.012,1.33153,1.33157,1.88,1.38
2013.09.25 10:09:23.433,1.33155,1.33158,1.00,1.13
2013.09.25 10:09:23.492,1.33156,1.33158,1.00,1.13
2013.09.25 10:09:24.271,1.33156,1.33158,1.00,1.13
2013.09.25 10:09:24.361,1.33158,1.33163,1.38,1.00
2013.09.25 10:09:25.712,1.33155,1.33162,1.38,1.00
2013.09.25 10:09:26.082,1.33153,1.33161,3.23,1.00
2013.09.25 10:09:26.202,1.33152,1.3316,3.98,1.00
2013.09.25 10:09:26.262,1.33152,1.3316,1.88,1.00
2013.09.25 10:09:26.622,1.33152,1.3316,2.25,1.00
2013.09.25 10:09:27.182,1.3315,1.33159,3.00,1.88
2013.09.25 10:09:28.374,1.3315,1.33159,2.25,3.38
2013.09.25 10:09:28.433,1.3315,1.33156,1.13,1.00
2013.09.25 10:09:28.792,1.33147,1.33154,3.00,1.00
2013.09.25 10:09:29.873,1.33152,1.33156,1.00,1.13
2013.09.25 10:09:30.112,1.33152,1.33158,1.00,1.13
2013.09.25 10:09:30.172,1.33153,1.33159,1.30,2.63
2013.09.25 10:09:30.413,1.33162,1.33167,1.00,1.50
2013.09.25 10:09:30.954,1.33163,1.33167,1.00,1.00
2013.09.25 10:09:33.102,1.33162,1.33166,1.00,1.13
2013.09.25 10:09:35.722,1.33159,1.33164,1.38,1.00
2013.09.25 10:09:36.082,1.33163,1.33168,1.00,1.00
2013.09.25 10:09:36.142,1.33165,1.33167,1.00,1.13
2013.09.25 10:09:37.152,1.33162,1.33167,2.25,1.50
2013.09.25 10:09:37.273,1.33162,1.33164,1.00,1.00
2013.09.25 10:09:37.902,1.33157,1.33162,1.50,1.00
2013.09.25 10:09:37.962,1.3316,1.33162,1.00,1.00
2013.09.25 10:09:39.332,1.3316,1.33164,1.00,1.13
2013.09.25 10:09:39.959,1.33161,1.33164,1.00,1.00
2013.09.25 10:09:41.032,1.33161,1.33166,1.00,1.73
2013.09.25 10:09:41.212,1.33164,1.33167,1.00,2.85
2013.09.25 10:09:41.963,1.3316,1.33164,1.88,1.00
2013.09.25 10:09:43.053,1.33157,1.33161,1.50,1.00
2013.09.25 10:09:43.112,1.33157,1.3316,1.00,1.00
2013.09.25 10:09:43.172,1.33155,1.33158,1.30,1.00
2013.09.25 10:09:43.474,1.3315,1.33153,2.25,1.00
2013.09.25 10:09:44.026,1.3315,1.33151,1.00,1.00
2013.09.25 10:09:44.433,1.33147,1.33154,1.13,1.00
2013.09.25 10:09:44.992,1.33147,1.33149,1.00,1.00
2013.09.25 10:09:45.112,1.33144,1.33146,1.13,1.00
2013.09.25 10:09:45.292,1.33143,1.33148,1.50,1.00
2013.09.25 10:09:45.532,1.33143,1.3315,1.13,2.29
2013.09.25 10:09:46.033,1.33143,1.3315,1.38,1.05
2013.09.25 10:09:47.162,1.33144,1.3315,1.38,1.00
2013.09.25 10:09:47.702,1.33145,1.33149,1.00,1.00
2013.09.25 10:09:50.052,1.33143,1.33149,1.13,1.00
2013.09.25 10:09:50.112,1.33143,1.33147,1.13,1.00
2013.09.25 10:09:51.742,1.33141,1.33147,1.88,1.00
2013.09.25 10:09:52.103,1.33135,1.33139,1.00,1.13
2013.09.25 10:09:52.282,1.3313,1.33134,1.00,1.00
2013.09.25 10:09:52.793,1.33128,1.33134,1.88,1.00
2013.09.25 10:09:52.853,1.33131,1.33134,1.00,1.00
2013.09.25 10:09:52.914,1.33132,1.3314,1.13,2.63
2013.09.25 10:09:53.033,1.33134,1.3314,1.00,2.63
2013.09.25 10:09:53.572,1.33134,1.3314,1.00,3.38
2013.09.25 10:09:54.076,1.33134,1.33139,1.00,1.13
2013.09.25 10:09:55.442,1.33134,1.33136,1.00,1.00
2013.09.25 10:09:55.622,1.33132,1.33136,1.00,1.50
2013.09.25 10:09:57.042,1.33129,1.33136,1.13,1.50
2013.09.25 10:09:57.684,1.33129,1.33135,1.13,1.00
2013.09.25 10:09:58.513,1.33132,1.33135,1.00,1.00
2013.09.25 10:09:58.694,1.33135,1.3314,1.13,3.38
2013.09.25 10:09:58.992,1.33137,1.3314,1.00,1.13
2013.09.25 10:09:59.292,1.33137,1.33142,1.13,1.88
2013.09.25 10:09:59.712,1.33136,1.33142,1.38,1.50
2013.09.25 10:10:00.013,1.33136,1.33139,1.38,1.88
2013.09.25 10:10:00.682,1.33135,1.3314,1.38,3.00
2013.09.25 10:10:01.552,1.33135,1.3314,1.13,1.00
2013.09.25 10:10:02.472,1.3313,1.33137,2.48,1.00
2013.09.25 10:10:02.534,1.3313,1.33136,2.10,1.50
2013.09.25 10:10:02.654,1.3313,1.33134,1.38,1.00
2013.09.25 10:10:03.012,1.33127,1.33131,1.13,1.00
2013.09.25 10:10:03.072,1.33127,1.33129,1.13,1.50
2013.09.25 10:10:03.372,1.33125,1.33128,2.63,1.00
2013.09.25 10:10:03.552,1.33124,1.33126,1.00,1.00
2013.09.25 10:10:03.733,1.33123,1.33127,1.38,1.50
2013.09.25 10:10:04.122,1.33123,1.33129,1.38,1.50
2013.09.25 10:10:04.662,1.33123,1.33129,1.38,1.00
2013.09.25 10:10:05.202,1.33123,1.33128,1.38,2.25
2013.09.25 10:10:05.504,1.33123,1.3313,1.38,1.50
2013.09.25 10:10:05.682,1.33123,1.33129,1.38,1.50
2013.09.25 10:10:06.234,1.33121,1.3313,2.63,2.25
2013.09.25 10:10:06.293,1.33121,1.33127,1.38,1.00
2013.09.25 10:10:06.793,1.3312,1.33124,1.38,1.88
2013.09.25 10:10:06.973,1.33107,1.33121,1.38,1.88
2013.09.25 10:10:07.093,1.33106,1.33114,1.50,1.00
2013.09.25 10:10:07.513,1.33109,1.33114,1.00,3.00
2013.09.25 10:10:07.753,1.33111,1.33116,1.00,1.13
2013.09.25 10:10:07.872,1.33114,1.33116,1.00,1.13
2013.09.25 10:10:08.632,1.33114,1.33118,1.13,1.13
2013.09.25 10:10:08.752,1.33114,1.3312,1.13,2.25
2013.09.25 10:10:09.615,1.33113,1.3312,1.13,2.25
2013.09.25 10:10:10.152,1.33112,1.33119,1.00,1.50
2013.09.25 10:10:10.676,1.33111,1.33119,2.25,1.50
2013.09.25 10:10:11.523,1.33111,1.33115,1.00,1.00
2013.09.25 10:10:12.240,1.33105,1.33109,1.38,1.88
2013.09.25 10:10:12.313,1.33101,1.3311,1.13,3.00
2013.09.25 10:10:12.834,1.33102,1.33109,1.00,1.50
2013.09.25 10:10:12.896,1.33102,1.33109,1.00,1.88
2013.09.25 10:10:13.072,1.331,1.33107,1.50,1.13
2013.09.25 10:10:13.433,1.33099,1.33104,1.00,1.00
2013.09.25 10:10:13.613,1.33096,1.33104,1.00,2.25
2013.09.25 10:10:13.852,1.33094,1.33104,3.00,3.00
2013.09.25 10:10:13.912,1.33096,1.33104,1.00,2.25
2013.09.25 10:10:14.333,1.33096,1.33104,1.00,2.63
2013.09.25 10:10:14.693,1.33096,1.33098,1.00,1.50
2013.09.25 10:10:15.172,1.33096,1.33101,1.00,1.13
2013.09.25 10:10:15.352,1.33099,1.33104,1.50,1.13
2013.09.25 10:10:15.832,1.33096,1.33103,1.88,1.00
2013.09.25 10:10:16.382,1.33098,1.33103,1.00,1.00
2013.09.25 10:10:17.263,1.331,1.33103,1.00,1.00
2013.09.25 10:10:17.564,1.33103,1.33104,1.00,1.13
2013.09.25 10:10:17.862,1.33098,1.33103,1.00,1.50
2013.09.25 10:10:17.982,1.331,1.33103,1.38,1.50
2013.09.25 10:10:18.403,1.33103,1.33108,1.00,1.50
2013.09.25 10:10:18.872,1.33103,1.33109,1.00,1.13
2013.09.25 10:10:19.412,1.33103,1.33111,1.50,3.00
2013.09.25 10:10:19.932,1.33103,1.33111,1.50,1.88
2013.09.25 10:10:20.553,1.33105,1.33111,1.00,1.88
2013.09.25 10:10:20.853,1.331,1.33107,3.00,1.13
2013.09.25 10:10:21.153,1.331,1.33106,1.50,1.38
2013.09.25 10:10:21.894,1.33102,1.33105,1.00,1.00
2013.09.25 10:10:22.074,1.331,1.33104,2.25,1.00
2013.09.25 10:10:23.343,1.331,1.33106,2.50,1.38
2013.09.25 10:10:23.968,1.331,1.33106,3.00,1.38
2013.09.25 10:10:25.412,1.331,1.33105,2.50,1.00
2013.09.25 10:10:28.172,1.33103,1.33106,1.00,1.00
2013.09.25 10:10:29.678,1.33103,1.33106,1.00,1.38
2013.09.25 10:10:30.915,1.33103,1.33107,1.50,1.50
2013.09.25 10:10:30.974,1.33104,1.33107,1.00,1.50
2013.09.25 10:10:31.334,1.33112,1.33116,1.00,1.50
2013.09.25 10:10:31.453,1.33112,1.33116,1.88,1.00
2013.09.25 10:10:31.772,1.33111,1.33117,1.13,2.63
2013.09.25 10:10:32.502,1.33113,1.33115,1.00,1.00
2013.09.25 10:10:33.062,1.33113,1.33117,1.00,1.88
2013.09.25 10:10:33.582,1.33113,1.33118,1.00,1.38
2013.09.25 10:10:39.842,1.33113,1.33116,1.00,1.00
2013.09.25 10:10:42.904,1.33111,1.33115,2.25,1.00
2013.09.25 10:10:43.023,1.33109,1.33112,3.00,1.00
2013.09.25 10:10:43.083,1.33107,1.33109,1.88,1.00
2013.09.25 10:10:43.623,1.33106,1.33109,1.00,1.00
2013.09.25 10:10:45.062,1.33106,1.3311,1.00,1.13
2013.09.25 10:10:51.002,1.33104,1.3311,3.00,1.13
2013.09.25 10:10:51.123,1.33106,1.33113,1.00,1.75
2013.09.25 10:10:51.362,1.33108,1.33113,1.00,1.00
2013.09.25 10:10:51.603,1.33106,1.3311,2.25,1.00
2013.09.25 10:10:51.782,1.33104,1.3311,2.25,1.13
2013.09.25 10:10:52.142,1.33106,1.3311,1.00,1.13
2013.09.25 10:10:52.322,1.33108,1.33115,1.50,1.00
2013.09.25 10:10:52.932,1.3311,1.33116,1.00,1.50
2013.09.25 10:10:55.273,1.33112,1.33115,1.00,1.00
2013.09.25 10:10:55.454,1.33115,1.3312,1.00,1.88
2013.09.25 10:10:55.573,1.33117,1.3312,1.00,1.13
2013.09.25 10:10:57.122,1.33119,1.33122,1.00,1.00
2013.09.25 10:10:57.542,1.33117,1.33122,3.00,1.00
2013.09.25 10:10:58.042,1.33117,1.33124,1.00,1.00
2013.09.25 10:10:58.473,1.33117,1.3312,1.00,1.00
2013.09.25 10:10:58.713,1.33115,1.3312,1.05,2.63
2013.09.25 10:10:58.892,1.33115,1.33121,1.43,1.00
2013.09.25 10:10:59.432,1.33116,1.33122,1.13,1.00
2013.09.25 10:10:59.933,1.33116,1.33123,1.13,1.00
2013.09.25 10:11:00.472,1.33117,1.33124,1.13,1.00
2013.09.25 10:11:01.992,1.33117,1.33121,1.13,1.00
2013.09.25 10:11:02.293,1.33113,1.33117,1.50,1.00
2013.09.25 10:11:02.832,1.33113,1.33117,1.50,1.00
2013.09.25 10:11:03.073,1.33113,1.33119,1.13,1.00
2013.09.25 10:11:04.413,1.33113,1.33117,1.00,1.00
2013.09.25 10:11:04.714,1.33113,1.33114,1.00,1.00
2013.09.25 10:11:09.532,1.33112,1.33115,1.00,1.00
2013.09.25 10:11:09.892,1.33108,1.33115,2.10,1.50
2013.09.25 10:11:10.152,1.33108,1.33113,2.10,1.00
2013.09.25 10:11:10.692,1.33105,1.33111,1.65,1.00
2013.09.25 10:11:11.052,1.33103,1.33109,1.90,1.00
2013.09.25 10:11:11.112,1.33105,1.33111,1.58,1.50
2013.09.25 10:11:11.663,1.33105,1.33111,1.20,1.50
2013.09.25 10:11:12.176,1.33106,1.33111,1.00,1.00
2013.09.25 10:11:14.033,1.33107,1.33111,1.00,1.00
2013.09.25 10:11:17.512,1.33107,1.33113,1.00,2.63
2013.09.25 10:11:20.087,1.33104,1.33111,3.15,1.00
2013.09.25 10:11:20.874,1.33106,1.33111,1.00,1.00
2013.09.25 10:11:29.672,1.33107,1.33111,1.00,1.00
2013.09.25 10:11:30.262,1.33108,1.33111,1.00,1.00
2013.09.25 10:11:30.323,1.3311,1.33116,1.00,1.73
2013.09.25 10:11:30.442,1.33113,1.33118,1.13,1.50
2013.09.25 10:11:30.502,1.33116,1.3312,1.00,1.38
2013.09.25 10:11:30.862,1.33118,1.33121,1.50,1.00
2013.09.25 10:11:30.922,1.33118,1.33126,1.50,1.88
2013.09.25 10:11:32.862,1.33118,1.3312,1.50,1.88
2013.09.25 10:11:33.375,1.33118,1.3312,1.00,1.50
2013.09.25 10:11:35.842,1.33115,1.3312,2.18,1.50
2013.09.25 10:11:36.202,1.33121,1.33127,1.13,1.50
2013.09.25 10:11:37.547,1.33121,1.33126,1.13,1.00
2013.09.25 10:11:37.732,1.33119,1.33126,1.00,1.38
2013.09.25 10:11:40.062,1.3312,1.33126,1.00,1.38
2013.09.25 10:11:43.662,1.3312,1.33127,1.28,1.38
2013.09.25 10:11:44.774,1.33122,1.33127,1.00,1.38
2013.09.25 10:11:47.832,1.33121,1.33127,1.00,1.13
2013.09.25 10:11:48.192,1.33121,1.33127,1.00,1.38
2013.09.25 10:11:48.705,1.3312,1.33125,1.00,1.13
2013.09.25 10:11:49.842,1.33118,1.33126,1.50,1.38
2013.09.25 10:11:51.593,1.33118,1.33124,1.00,1.13
2013.09.25 10:11:51.653,1.33118,1.33121,1.00,1.00
2013.09.25 10:11:51.713,1.33116,1.33121,1.13,1.00
2013.09.25 10:11:52.363,1.33116,1.33125,1.50,1.75
2013.09.25 10:11:52.482,1.33116,1.33125,2.63,2.63
2013.09.25 10:11:57.042,1.33118,1.33125,1.00,2.63
2013.09.25 10:12:01.573,1.3312,1.33125,1.00,1.00
2013.09.25 10:12:02.972,1.33118,1.33125,1.50,1.00
2013.09.25 10:12:04.552,1.33119,1.33126,1.00,1.88
2013.09.25 10:12:05.864,1.33119,1.33127,1.00,1.75
2013.09.25 10:12:07.492,1.33119,1.33126,1.00,1.13
2013.09.25 10:12:20.452,1.33123,1.33128,1.00,1.00
2013.09.25 10:12:20.572,1.33127,1.33129,1.00,1.50
2013.09.25 10:12:20.632,1.33127,1.33131,1.00,3.38
2013.09.25 10:12:20.692,1.33127,1.33131,1.00,3.00
2013.09.25 10:12:20.813,1.33123,1.33129,1.00,1.13
2013.09.25 10:12:21.357,1.33123,1.33128,1.00,1.50
2013.09.25 10:12:21.654,1.33121,1.33128,1.00,2.25
2013.09.25 10:12:22.417,1.33121,1.33128,1.00,2.25
2013.09.25 10:12:25.422,1.33121,1.33128,1.00,1.38
2013.09.25 10:12:25.962,1.33121,1.33125,1.00,1.88
2013.09.25 10:12:27.813,1.33118,1.33125,1.53,1.88
2013.09.25 10:12:27.932,1.33116,1.33123,2.03,1.00
2013.09.25 10:12:28.052,1.33115,1.33123,3.68,1.00
2013.09.25 10:12:28.173,1.33115,1.3312,3.30,1.00
2013.09.25 10:12:28.353,1.33113,1.33119,1.13,1.00
2013.09.25 10:12:28.772,1.33115,1.3312,1.00,1.00
2013.09.25 10:12:29.962,1.33114,1.3312,1.00,1.00
2013.09.25 10:12:30.543,1.33115,1.33122,1.00,1.30
2013.09.25 10:12:31.055,1.33116,1.33123,1.13,1.00
2013.09.25 10:12:35.573,1.33115,1.33123,1.88,1.00
2013.09.25 10:12:36.209,1.33112,1.33119,1.00,1.00
2013.09.25 10:12:36.523,1.33114,1.33119,1.00,1.00
2013.09.25 10:12:37.040,1.33113,1.3312,1.00,1.88
2013.09.25 10:12:40.444,1.33113,1.33118,1.00,1.00
2013.09.25 10:12:41.473,1.33115,1.33118,1.00,1.00
2013.09.25 10:12:42.603,1.33115,1.3312,1.00,1.13
2013.09.25 10:12:43.115,1.33116,1.33121,1.00,1.38
2013.09.25 10:12:43.235,1.33117,1.33121,1.00,1.00
2013.09.25 10:12:43.413,1.33116,1.33121,1.00,2.26
2013.09.25 10:12:43.472,1.33112,1.33121,4.69,2.26
2013.09.25 10:12:43.653,1.33112,1.33119,1.50,2.13
2013.09.25 10:12:45.432,1.33112,1.33118,1.00,1.00
2013.09.25 10:12:45.552,1.33112,1.33118,1.65,1.00
2013.09.25 10:12:46.733,1.33114,1.33119,1.53,1.00
2013.09.25 10:12:48.484,1.33114,1.3312,1.53,1.00
2013.09.25 10:12:49.103,1.33118,1.33124,1.53,1.00
2013.09.25 10:12:52.212,1.33118,1.33123,1.53,1.00
2013.09.25 10:12:52.747,1.33118,1.33125,2.03,2.48
2013.09.25 10:12:53.355,1.3312,1.33126,2.55,1.50
2013.09.25 10:12:53.474,1.33124,1.33127,1.00,1.00
2013.09.25 10:12:53.534,1.33124,1.33129,1.00,1.88
2013.09.25 10:12:54.133,1.33123,1.33129,1.00,1.88
2013.09.25 10:12:54.674,1.33123,1.33129,1.00,4.35
2013.09.25 10:12:55.212,1.33122,1.33127,1.13,1.00
2013.09.25 10:12:55.722,1.3312,1.33123,1.80,1.00
2013.09.25 10:12:56.083,1.33115,1.33119,1.88,1.00
2013.09.25 10:12:56.505,1.3311,1.33114,1.00,1.00
2013.09.25 10:12:56.743,1.33111,1.33116,1.00,1.00
2013.09.25 10:12:57.113,1.33111,1.33118,1.00,1.00
2013.09.25 10:13:00.062,1.33113,1.3312,1.00,1.13
2013.09.25 10:13:02.373,1.33112,1.33117,1.13,1.00
2013.09.25 10:13:06.073,1.33111,1.33117,1.00,1.00
2013.09.25 10:13:06.433,1.33108,1.33114,1.88,1.00
2013.09.25 10:13:06.793,1.33106,1.33111,1.13,1.00
2013.09.25 10:13:08.562,1.33106,1.33113,1.00,1.50
2013.09.25 10:13:09.532,1.33105,1.33113,2.03,1.50
2013.09.25 10:13:09.653,1.33109,1.33113,1.00,1.00
2013.09.25 10:13:09.773,1.33109,1.33115,1.00,1.13
2013.09.25 10:13:10.073,1.33112,1.33115,1.00,1.00
2013.09.25 10:13:10.253,1.33113,1.33117,1.00,1.00
2013.09.25 10:13:10.814,1.33112,1.33117,1.00,1.00
2013.09.25 10:13:15.004,1.33112,1.33115,1.00,1.00
2013.09.25 10:13:19.743,1.33112,1.33117,1.00,1.00
2013.09.25 10:13:20.404,1.33112,1.33118,1.50,1.00
2013.09.25 10:13:20.962,1.33112,1.33117,1.00,1.00
2013.09.25 10:13:21.333,1.33114,1.33117,1.68,1.00
2013.09.25 10:13:21.454,1.33117,1.33122,1.00,1.00
2013.09.25 10:13:21.813,1.33117,1.3312,1.00,1.00
2013.09.25 10:13:21.993,1.33119,1.33124,1.00,2.10
2013.09.25 10:13:23.634,1.33119,1.33124,1.15,1.35
2013.09.25 10:13:25.313,1.33115,1.33123,1.13,1.13
2013.09.25 10:13:25.493,1.33112,1.33116,1.50,1.88
2013.09.25 10:13:25.674,1.33112,1.33118,1.50,1.00
2013.09.25 10:13:25.733,1.33112,1.33116,1.00,1.00
2013.09.25 10:13:26.093,1.33114,1.3312,1.13,2.25
2013.09.25 10:13:26.274,1.33112,1.3312,1.88,1.00
2013.09.25 10:13:26.393,1.33112,1.33121,1.50,1.35
2013.09.25 10:13:27.394,1.33114,1.33121,1.00,1.35
2013.09.25 10:13:27.633,1.33114,1.33121,1.00,2.48
2013.09.25 10:13:28.963,1.33112,1.33121,3.00,1.30
2013.09.25 10:13:29.023,1.33114,1.33122,1.00,1.50
2013.09.25 10:13:29.382,1.33116,1.33122,1.00,1.30
2013.09.25 10:13:30.403,1.33116,1.33123,1.50,1.13
2013.09.25 10:13:30.831,1.33118,1.33124,1.00,1.00
2013.09.25 10:13:33.243,1.33118,1.33125,1.50,1.75
2013.09.25 10:13:36.363,1.33118,1.3312,1.50,1.00
2013.09.25 10:13:36.603,1.33116,1.33119,1.00,1.00
2013.09.25 10:13:39.913,1.33116,1.33123,2.25,1.50
2013.09.25 10:13:40.332,1.33119,1.33124,1.00,1.88
2013.09.25 10:13:40.915,1.33119,1.33126,1.00,3.00
2013.09.25 10:13:40.983,1.33117,1.33123,1.00,1.13
2013.09.25 10:13:41.162,1.33116,1.33123,1.00,1.38
2013.09.25 10:13:41.463,1.33115,1.33117,1.00,1.00
2013.09.25 10:13:41.523,1.3311,1.33116,1.95,1.00
2013.09.25 10:13:41.702,1.33108,1.33114,1.13,1.00
2013.09.25 10:13:48.073,1.33106,1.33113,1.13,1.00
2013.09.25 10:13:48.312,1.33106,1.33111,1.00,1.00
2013.09.25 10:13:50.412,1.33106,1.33109,1.00,1.00
2013.09.25 10:13:50.972,1.33105,1.33109,1.00,1.00
2013.09.25 10:13:52.276,1.33106,1.33109,1.00,1.00
2013.09.25 10:14:00.154,1.33106,1.33108,1.00,1.13
2013.09.25 10:14:00.274,1.33104,1.33108,1.00,1.13
2013.09.25 10:14:04.693,1.33103,1.33107,1.00,1.13
2013.09.25 10:14:04.813,1.33103,1.33105,1.00,1.13
2013.09.25 10:14:07.953,1.33102,1.33105,1.00,1.13
2013.09.25 10:14:09.173,1.33099,1.33103,1.60,1.00
2013.09.25 10:14:09.233,1.33096,1.33099,1.00,1.00
2013.09.25 10:14:09.353,1.33095,1.33097,1.50,1.00
2013.09.25 10:14:09.653,1.33091,1.33096,1.00,1.13
2013.09.25 10:14:10.183,1.33091,1.33097,1.00,1.50
2013.09.25 10:14:10.733,1.33091,1.33096,1.00,1.88
2013.09.25 10:14:12.222,1.33091,1.33095,1.00,1.00
2013.09.25 10:14:12.343,1.33092,1.33095,1.00,1.00
2013.09.25 10:14:12.462,1.33094,1.33097,1.00,1.13
2013.09.25 10:14:14.353,1.33094,1.33095,1.00,1.00
2013.09.25 10:14:15.763,1.33093,1.33099,1.13,1.38
2013.09.25 10:14:15.823,1.33097,1.33099,1.13,1.38
2013.09.25 10:14:15.943,1.33096,1.331,1.00,2.25
2013.09.25 10:14:16.003,1.33098,1.33103,1.00,1.50
2013.09.25 10:14:16.542,1.33097,1.33102,1.50,1.00
2013.09.25 10:14:16.663,1.33097,1.331,1.50,1.00
2013.09.25 10:14:17.143,1.33097,1.33102,1.13,1.00
2013.09.25 10:14:20.083,1.33099,1.33102,1.00,1.00
2013.09.25 10:14:20.603,1.33093,1.331,2.25,1.13
2013.09.25 10:14:20.722,1.33093,1.33098,1.13,1.13
2013.09.25 10:14:21.934,1.3309,1.33098,1.00,1.50
2013.09.25 10:14:23.112,1.3309,1.33097,1.00,1.88
2013.09.25 10:14:23.413,1.33089,1.33096,1.00,2.25
2013.09.25 10:14:23.534,1.33089,1.33096,1.05,1.88
2013.09.25 10:14:23.593,1.33092,1.33097,1.00,1.88
2013.09.25 10:14:24.193,1.33092,1.33096,1.00,1.38
2013.09.25 10:14:24.253,1.33089,1.33095,1.00,1.00
2013.09.25 10:14:24.873,1.3309,1.33096,1.00,1.00
2013.09.25 10:14:26.703,1.3309,1.33097,1.00,1.50
2013.09.25 10:14:26.765,1.33092,1.33097,1.00,1.50
2013.09.25 10:14:27.126,1.33098,1.33102,1.00,2.25
2013.09.25 10:14:27.304,1.33096,1.33102,1.00,1.00
2013.09.25 10:14:27.363,1.33096,1.331,1.00,1.00
2013.09.25 10:14:27.483,1.33094,1.331,1.00,1.38
2013.09.25 10:14:27.603,1.33091,1.33097,1.00,1.38
2013.09.25 10:14:28.023,1.33094,1.331,1.00,1.38
2013.09.25 10:14:28.143,1.33094,1.331,1.00,1.38
2013.09.25 10:14:28.503,1.33094,1.331,1.00,1.38
2013.09.25 10:14:28.563,1.33094,1.331,1.00,1.38
2013.09.25 10:14:28.743,1.33094,1.33097,1.00,1.00
2013.09.25 10:14:29.283,1.33095,1.33097,1.00,1.00
2013.09.25 10:14:29.403,1.33095,1.331,1.00,1.50
2013.09.25 10:14:29.703,1.33095,1.33101,1.00,1.00
2013.09.25 10:14:30.263,1.33094,1.33101,1.13,1.00
2013.09.25 10:14:33.940,1.33101,1.33104,1.00,1.00
2013.09.25 10:14:34.063,1.33098,1.33104,1.00,1.13
2013.09.25 10:14:34.183,1.33098,1.33102,1.00,1.00
2013.09.25 10:14:34.865,1.33096,1.33102,1.13,1.50
2013.09.25 10:14:41.903,1.33096,1.33104,1.13,1.00
2013.09.25 10:14:43.032,1.33096,1.33103,1.13,1.00
2013.09.25 10:14:43.563,1.33098,1.33105,1.00,2.63
2013.09.25 10:14:45.234,1.33098,1.33102,1.00,1.88
2013.09.25 10:14:45.414,1.33096,1.33101,1.00,1.13
2013.09.25 10:14:49.053,1.33096,1.33099,1.00,2.25
2013.09.25 10:14:49.793,1.33095,1.33099,1.00,3.00
2013.09.25 10:14:50.213,1.33093,1.33098,3.75,1.00
2013.09.25 10:14:50.724,1.33093,1.33099,1.50,2.82
2013.09.25 10:14:56.052,1.33093,1.33098,1.50,1.32
2013.09.25 10:14:56.173,1.3309,1.33095,1.28,2.63
2013.09.25 10:14:56.293,1.33088,1.33094,1.00,1.38
2013.09.25 10:14:56.813,1.33088,1.33094,1.00,1.38
2013.09.25 10:14:57.233,1.33082,1.3309,2.40,1.00
2013.09.25 10:14:57.293,1.33085,1.33093,2.03,1.88
2013.09.25 10:14:57.532,1.33085,1.33093,1.28,3.75
2013.09.25 10:14:58.193,1.33088,1.33093,1.53,2.25
2013.09.25 10:14:58.254,1.33088,1.33093,1.00,2.25
2013.09.25 10:14:58.674,1.33089,1.33094,1.53,2.85
2013.09.25 10:14:59.192,1.33089,1.33094,1.53,3.60
2013.09.25 10:14:59.514,1.33087,1.33094,1.50,4.35
2013.09.25 10:14:59.813,1.33089,1.33096,1.00,3.00
2013.09.25 10:15:00.353,1.33089,1.33096,2.40,2.25
2013.09.25 10:15:00.413,1.33091,1.33097,1.00,1.38
2013.09.25 10:15:00.653,1.33091,1.33097,1.00,1.75
2013.09.25 10:15:01.453,1.33085,1.33089,1.65,1.00
2013.09.25 10:15:01.525,1.33082,1.33089,1.88,1.13
2013.09.25 10:15:01.952,1.33084,1.33089,1.00,1.38
2013.09.25 10:15:02.933,1.33087,1.33091,1.00,1.88
2013.09.25 10:15:03.174,1.33087,1.33092,1.00,1.50
2013.09.25 10:15:03.474,1.33084,1.33092,1.50,2.63
2013.09.25 10:15:04.243,1.3309,1.33092,1.28,1.50
2013.09.25 10:15:04.363,1.3309,1.33094,1.28,2.85
2013.09.25 10:15:04.948,1.3309,1.33094,1.28,2.63
2013.09.25 10:15:05.563,1.33089,1.33092,1.53,1.38
2013.09.25 10:15:05.623,1.33084,1.33087,1.50,1.00
2013.09.25 10:15:05.684,1.33084,1.3309,1.28,1.38
2013.09.25 10:15:05.807,1.33083,1.3309,1.00,1.38
2013.09.25 10:15:05.924,1.33081,1.3309,2.63,1.38
2013.09.25 10:15:06.164,1.33083,1.33091,1.00,4.88
2013.09.25 10:15:07.402,1.33082,1.3309,1.00,1.38
2013.09.25 10:15:07.933,1.33081,1.3309,2.25,1.88
2013.09.25 10:15:12.393,1.33081,1.33087,1.00,1.00
2013.09.25 10:15:17.423,1.33081,1.33085,1.13,1.00
2013.09.25 10:15:17.662,1.33081,1.33087,1.00,1.00
2013.09.25 10:15:20.814,1.33082,1.33087,1.00,1.00
2013.09.25 10:15:20.873,1.33082,1.33089,1.00,1.50
2013.09.25 10:15:21.053,1.33084,1.3309,1.00,1.50
2013.09.25 10:15:22.923,1.33084,1.3309,1.00,1.50
2013.09.25 10:15:23.823,1.33084,1.33091,1.00,3.00
2013.09.25 10:15:24.513,1.33084,1.33091,1.50,3.00
2013.09.25 10:15:31.443,1.33084,1.33091,1.00,2.63
2013.09.25 10:15:31.993,1.33084,1.33091,1.00,3.75
2013.09.25 10:15:34.373,1.33084,1.33091,1.00,3.75
2013.09.25 10:15:34.433,1.33086,1.33091,1.00,1.13
2013.09.25 10:15:34.974,1.33085,1.33089,1.00,1.00
2013.09.25 10:15:35.213,1.33082,1.33087,1.50,1.00
2013.09.25 10:15:35.274,1.3308,1.33083,1.00,1.00
2013.09.25 10:15:35.335,1.3308,1.33083,1.00,1.00
2013.09.25 10:15:35.395,1.33078,1.33082,2.25,1.00
2013.09.25 10:15:35.513,1.33081,1.33088,1.00,2.25
2013.09.25 10:15:35.693,1.33083,1.33088,1.00,1.50
2013.09.25 10:15:35.873,1.33081,1.33088,2.25,1.50
2013.09.25 10:15:36.173,1.33083,1.33088,1.00,1.50
2013.09.25 10:15:36.533,1.33086,1.33091,1.00,1.50
2013.09.25 10:15:36.654,1.33083,1.33089,1.13,1.13
2013.09.25 10:15:36.774,1.33085,1.33089,1.00,1.00
2013.09.25 10:15:37.013,1.33087,1.33092,1.50,1.50
2013.09.25 10:15:37.074,1.3309,1.33094,1.00,1.00
2013.09.25 10:15:37.314,1.3309,1.33096,1.50,3.00
2013.09.25 10:15:38.213,1.3309,1.33096,1.00,2.63
2013.09.25 10:15:38.454,1.33087,1.3309,1.00,4.35
2013.09.25 10:15:38.813,1.33073,1.33077,1.50,1.00
2013.09.25 10:15:38.873,1.33073,1.33076,1.50,1.00
2013.09.25 10:15:39.173,1.3307,1.33076,2.63,1.00
2013.09.25 10:15:39.353,1.33074,1.33075,1.00,1.00
2013.09.25 10:15:39.892,1.33073,1.33075,1.00,1.00
2013.09.25 10:15:40.373,1.33071,1.33077,1.73,1.00
2013.09.25 10:15:40.433,1.3307,1.33075,2.63,1.00
2013.09.25 10:15:41.168,1.33066,1.3307,1.50,1.00
2013.09.25 10:15:41.663,1.33067,1.33072,1.13,1.00
2013.09.25 10:15:42.214,1.33067,1.33073,1.13,1.00
2013.09.25 10:15:44.072,1.33069,1.33073,1.00,1.00
2013.09.25 10:15:44.133,1.33069,1.33076,1.00,3.00
2013.09.25 10:15:44.914,1.33069,1.33076,1.38,2.63
2013.09.25 10:15:45.403,1.33068,1.33073,1.38,1.00
2013.09.25 10:15:45.463,1.33068,1.33076,1.38,1.50
2013.09.25 10:15:45.643,1.33076,1.33079,1.00,1.50
2013.09.25 10:15:45.703,1.33077,1.33084,1.00,2.25
2013.09.25 10:15:45.763,1.33075,1.33079,1.50,1.00
2013.09.25 10:15:46.123,1.33071,1.33077,1.88,1.00
2013.09.25 10:15:46.482,1.33071,1.33075,1.00,1.00
2013.09.25 10:15:47.087,1.33071,1.33077,1.38,1.00
2013.09.25 10:15:49.653,1.33071,1.33079,1.38,1.50
2013.09.25 10:15:50.313,1.33073,1.33079,1.00,1.00
2013.09.25 10:15:50.683,1.33073,1.3308,1.38,1.00
2013.09.25 10:15:51.883,1.33074,1.33082,3.00,1.88
2013.09.25 10:15:51.943,1.33076,1.33079,1.00,1.00
2013.09.25 10:15:52.498,1.33074,1.33079,1.38,1.00
2013.09.25 10:15:53.613,1.33074,1.33079,1.13,1.00
2013.09.25 10:15:54.154,1.33074,1.33078,1.13,1.00
2013.09.25 10:15:55.124,1.33076,1.33078,1.00,1.00
2013.09.25 10:15:55.183,1.33076,1.33081,1.00,1.00
2013.09.25 10:15:55.873,1.33076,1.33078,1.00,1.00
2013.09.25 10:15:56.513,1.33076,1.3308,1.00,1.13
2013.09.25 10:15:56.635,1.33072,1.33075,1.00,1.00
2013.09.25 10:15:57.113,1.3307,1.33074,1.13,1.00
2013.09.25 10:15:58.373,1.33073,1.33075,1.00,1.00
2013.09.25 10:15:58.732,1.33075,1.33079,1.00,1.50
2013.09.25 10:15:59.203,1.33075,1.33078,1.00,1.00
2013.09.25 10:15:59.813,1.33073,1.33077,2.25,1.00
2013.09.25 10:16:00.494,1.33073,1.33077,2.25,1.00
2013.09.25 10:16:00.673,1.33073,1.33079,2.25,1.00
2013.09.25 10:16:00.811,1.33075,1.33079,1.00,1.00
2013.09.25 10:16:01.872,1.33075,1.33078,1.00,1.00
2013.09.25 10:16:01.932,1.33073,1.33078,1.13,1.00
2013.09.25 10:16:01.992,1.33073,1.33075,1.00,1.00
2013.09.25 10:16:02.113,1.33071,1.33075,1.88,1.00
2013.09.25 10:16:02.648,1.3307,1.33075,2.25,1.00
2013.09.25 10:16:04.514,1.3307,1.33075,2.25,1.38
2013.09.25 10:16:11.840,1.33071,1.33077,1.00,1.50
2013.09.25 10:16:13.982,1.33071,1.33078,1.00,1.75
2013.09.25 10:16:14.104,1.33071,1.33078,1.00,1.75
2013.09.25 10:16:15.763,1.33071,1.33072,1.00,1.00
2013.09.25 10:16:16.932,1.33071,1.33076,1.00,1.38
2013.09.25 10:16:19.133,1.33071,1.33076,1.00,1.38
2013.09.25 10:16:19.693,1.33071,1.33076,1.00,1.38
2013.09.25 10:16:20.863,1.33074,1.33076,1.00,1.00
2013.09.25 10:16:21.404,1.33076,1.33082,1.00,1.00
2013.09.25 10:16:21.903,1.33076,1.33082,1.00,1.38
2013.09.25 10:16:22.083,1.33078,1.33082,1.00,1.00
2013.09.25 10:16:22.146,1.33078,1.33084,1.00,3.00
2013.09.25 10:16:22.263,1.3308,1.33084,1.50,1.88
2013.09.25 10:16:22.323,1.33079,1.33084,1.00,1.88
2013.09.25 10:16:22.443,1.3308,1.33084,1.00,1.88
2013.09.25 10:16:22.803,1.3308,1.33084,1.00,1.50
2013.09.25 10:16:28.773,1.33077,1.33084,1.50,2.63
2013.09.25 10:16:28.833,1.33075,1.33083,3.75,1.50
2013.09.25 10:16:29.353,1.33077,1.33084,1.50,1.88
2013.09.25 10:16:30.294,1.33079,1.33084,1.00,1.50
2013.09.25 10:16:31.063,1.33082,1.33089,1.00,2.25
2013.09.25 10:16:31.123,1.3308,1.33089,2.03,2.25
2013.09.25 10:16:33.323,1.33082,1.33087,1.00,1.38
2013.09.25 10:16:35.023,1.33084,1.33089,1.00,3.00
2013.09.25 10:16:35.793,1.33079,1.33086,2.78,1.50
2013.09.25 10:16:35.973,1.33079,1.33086,3.00,1.50
2013.09.25 10:16:37.843,1.33077,1.33082,1.50,1.38
2013.09.25 10:16:38.203,1.33074,1.33081,1.00,1.38
2013.09.25 10:16:38.928,1.33076,1.33081,1.00,1.38
2013.09.25 10:16:39.769,1.33076,1.33081,1.50,1.38
2013.09.25 10:16:40.093,1.33076,1.33079,1.00,1.38
2013.09.25 10:16:40.213,1.33075,1.33076,1.00,1.00
2013.09.25 10:16:40.333,1.33073,1.33076,1.00,1.00
2013.09.25 10:16:41.873,1.33071,1.33074,1.38,1.00
2013.09.25 10:16:41.993,1.3307,1.33073,1.00,1.38
2013.09.25 10:16:42.234,1.33068,1.33073,1.00,1.38
2013.09.25 10:16:43.793,1.33066,1.33069,1.00,1.00
2013.09.25 10:16:43.913,1.33064,1.33069,1.00,1.50
2013.09.25 10:16:44.214,1.33066,1.33069,1.00,1.00
2013.09.25 10:16:44.753,1.33066,1.33071,1.00,1.38
2013.09.25 10:16:45.063,1.33068,1.33071,1.00,1.38
2013.09.25 10:16:47.303,1.33068,1.33071,1.00,1.00
2013.09.25 10:16:50.423,1.33068,1.33073,1.00,1.30
2013.09.25 10:16:50.603,1.33072,1.33074,1.00,1.00
2013.09.25 10:16:50.663,1.33073,1.33079,1.00,2.25
2013.09.25 10:16:51.143,1.33075,1.33079,1.00,3.38
2013.09.25 10:16:51.673,1.33075,1.3308,1.00,1.38
2013.09.25 10:16:52.668,1.33077,1.33081,1.00,2.63
2013.09.25 10:16:53.203,1.33077,1.33081,1.00,3.38
2013.09.25 10:16:53.724,1.33075,1.33081,1.00,1.88
2013.09.25 10:16:57.643,1.33075,1.3308,1.50,1.38
2013.09.25 10:16:58.963,1.33075,1.33081,1.50,1.88
2013.09.25 10:17:04.303,1.33076,1.33079,1.00,1.88
2013.09.25 10:17:04.901,1.33076,1.33081,1.00,1.88
2013.09.25 10:17:05.863,1.33076,1.33081,1.00,2.25
2013.09.25 10:17:07.238,1.33078,1.33081,1.00,1.88
2013.09.25 10:17:07.355,1.33081,1.33084,1.00,1.00
2013.09.25 10:17:07.414,1.33084,1.33089,1.00,2.63
2013.09.25 10:17:07.474,1.33085,1.33089,1.00,2.63
2013.09.25 10:17:07.654,1.33088,1.33093,1.00,1.75
2013.09.25 10:17:08.418,1.33087,1.33093,1.00,1.75
2013.09.25 10:17:08.943,1.33087,1.33092,1.00,1.13
2013.09.25 10:17:09.485,1.33087,1.33092,1.00,1.38
2013.09.25 10:17:09.544,1.33085,1.33088,1.00,1.00
2013.09.25 10:17:09.903,1.33083,1.33086,1.00,1.13
2013.09.25 10:17:11.053,1.33083,1.33087,1.00,1.38
2013.09.25 10:17:11.113,1.33077,1.33081,1.13,1.00
2013.09.25 10:17:11.173,1.33072,1.3308,1.50,1.00
2013.09.25 10:17:11.354,1.33078,1.33082,1.00,1.38
2013.09.25 10:17:11.533,1.33082,1.33089,1.50,2.25
2013.09.25 10:17:11.593,1.33086,1.33093,1.00,1.75
2013.09.25 10:17:11.713,1.33086,1.33092,1.00,1.50
2013.09.25 10:17:12.254,1.33086,1.33091,1.00,1.13
2013.09.25 10:17:12.494,1.33086,1.33091,1.00,1.38
2013.09.25 10:17:12.674,1.33086,1.33091,1.00,1.13
2013.09.25 10:17:16.873,1.33084,1.33091,1.35,1.13
2013.09.25 10:17:17.883,1.33084,1.33091,1.35,1.38
2013.09.25 10:17:21.264,1.33082,1.33088,2.10,1.00
2013.09.25 10:17:21.683,1.33078,1.33085,4.13,1.00
2013.09.25 10:17:21.864,1.33078,1.33085,3.00,1.50
2013.09.25 10:17:21.923,1.33078,1.33085,2.63,1.88
2013.09.25 10:17:22.832,1.33074,1.3308,1.50,1.00
2013.09.25 10:17:22.896,1.33074,1.33082,1.88,1.50
2013.09.25 10:17:23.273,1.33073,1.3308,1.00,1.00
2013.09.25 10:17:23.693,1.33072,1.3308,2.63,1.38
2013.09.25 10:17:25.303,1.33072,1.3308,1.00,2.25
2013.09.25 10:17:25.483,1.33075,1.33083,1.50,2.63
2013.09.25 10:17:25.664,1.33076,1.33083,1.38,1.00
2013.09.25 10:17:26.204,1.33077,1.33084,1.00,1.13
2013.09.25 10:17:26.773,1.33077,1.33083,1.13,1.00
2013.09.25 10:17:26.953,1.33075,1.33083,1.13,1.00
2013.09.25 10:17:27.073,1.33075,1.33081,1.00,1.00
2013.09.25 10:17:27.833,1.33075,1.33083,1.50,1.13
2013.09.25 10:17:27.893,1.33078,1.33083,1.00,1.13
2013.09.25 10:17:28.193,1.33078,1.33085,1.00,1.13
2013.09.25 10:17:28.844,1.33078,1.33084,1.00,1.13
2013.09.25 10:17:28.905,1.33076,1.33083,1.00,1.00
2013.09.25 10:17:29.443,1.33077,1.33085,1.00,1.13
2013.09.25 10:17:29.625,1.33079,1.33086,1.00,1.50
2013.09.25 10:17:30.543,1.33077,1.33085,2.25,1.00
2013.09.25 10:17:31.054,1.33078,1.33084,1.00,1.13
2013.09.25 10:17:31.174,1.33075,1.33082,2.25,1.00
2013.09.25 10:17:36.543,1.33075,1.33079,1.00,2.63
2013.09.25 10:17:37.201,1.33075,1.33079,1.00,2.63
2013.09.25 10:17:37.764,1.33075,1.33079,1.00,2.63
2013.09.25 10:17:38.674,1.33074,1.33079,1.50,2.63
2013.09.25 10:17:39.033,1.33076,1.33081,1.00,1.38
2013.09.25 10:17:39.093,1.33076,1.33081,1.00,1.38
2013.09.25 10:17:39.635,1.33075,1.3308,2.63,1.88
2013.09.25 10:17:40.985,1.33071,1.3308,1.50,2.25
2013.09.25 10:17:41.283,1.33075,1.33078,1.00,2.25
2013.09.25 10:17:41.784,1.33075,1.33078,1.50,1.13
2013.09.25 10:17:41.904,1.33077,1.3308,1.00,1.38
2013.09.25 10:17:41.965,1.33077,1.33081,1.50,1.00
2013.09.25 10:17:42.444,1.33077,1.33085,1.50,1.38
2013.09.25 10:17:42.503,1.33079,1.33085,1.13,1.00
2013.09.25 10:17:42.863,1.33086,1.33093,1.00,1.13
2013.09.25 10:17:43.043,1.33089,1.33094,1.00,1.38
2013.09.25 10:17:43.163,1.33089,1.33095,1.00,1.00
2013.09.25 10:17:43.683,1.33089,1.33096,2.25,1.88
2013.09.25 10:17:46.334,1.33091,1.33096,1.00,1.88
2013.09.25 10:17:50.327,1.33091,1.33099,1.50,2.25
2013.09.25 10:17:52.024,1.33091,1.33096,1.00,1.00
2013.09.25 10:17:52.084,1.33089,1.33096,1.13,1.00
2013.09.25 10:17:57.373,1.33089,1.33096,1.50,2.63
2013.09.25 10:17:57.673,1.33087,1.33095,1.50,1.50
2013.09.25 10:17:59.543,1.33087,1.33093,1.00,1.13
2013.09.25 10:18:00.053,1.33086,1.33093,1.00,1.13
2013.09.25 10:18:00.173,1.33085,1.33088,1.00,1.00
2013.09.25 10:18:00.353,1.33082,1.33085,1.50,1.00
2013.09.25 10:18:00.953,1.33082,1.33088,1.50,1.13
2013.09.25 10:18:01.503,1.33083,1.33088,1.00,1.13
2013.09.25 10:18:01.923,1.33081,1.33088,2.63,1.13
2013.09.25 10:18:02.713,1.3308,1.33088,2.40,1.13
2013.09.25 10:18:07.233,1.33081,1.33089,1.38,1.13
2013.09.25 10:18:07.854,1.33081,1.33089,1.88,1.88
2013.09.25 10:18:10.743,1.33082,1.33089,1.00,1.50
2013.09.25 10:18:11.261,1.33081,1.33088,1.00,1.13
2013.09.25 10:18:16.773,1.33081,1.33087,1.00,1.00
2013.09.25 10:18:16.953,1.3308,1.33086,1.20,1.38
2013.09.25 10:18:17.573,1.33079,1.33085,1.00,1.13
2013.09.25 10:18:18.203,1.33079,1.33084,1.00,1.00
2013.09.25 10:18:18.729,1.33079,1.33083,1.00,1.00
2013.09.25 10:18:24.313,1.33079,1.33085,1.00,1.88
2013.09.25 10:18:26.634,1.33078,1.33085,1.00,1.88
2013.09.25 10:18:31.033,1.33078,1.33085,1.13,1.88
2013.09.25 10:18:32.343,1.33077,1.33083,1.13,1.00
2013.09.25 10:18:32.464,1.33077,1.33079,1.00,1.00
2013.09.25 10:18:32.583,1.33074,1.33079,1.00,1.50
2013.09.25 10:18:32.883,1.33072,1.33077,3.00,1.00
2013.09.25 10:18:33.373,1.33072,1.33079,3.00,1.50
2013.09.25 10:18:34.064,1.33072,1.33077,3.00,1.00
2013.09.25 10:18:34.393,1.3307,1.33072,1.50,1.00
2013.09.25 10:18:34.933,1.33069,1.33071,1.13,1.00
2013.09.25 10:18:34.993,1.33064,1.33071,3.75,1.50
2013.09.25 10:18:37.834,1.33065,1.33072,1.50,1.13
2013.09.25 10:18:37.893,1.33068,1.33074,1.00,2.25
2013.09.25 10:18:38.073,1.33068,1.33074,1.00,1.13
2013.09.25 10:18:38.613,1.33069,1.33074,1.13,1.00
2013.09.25 10:18:38.673,1.33071,1.33077,1.00,1.38
2013.09.25 10:18:38.973,1.33073,1.33079,1.38,1.00
2013.09.25 10:18:39.605,1.33078,1.33083,1.13,1.13
2013.09.25 10:18:39.663,1.33078,1.33085,1.13,1.00
2013.09.25 10:18:39.963,1.33075,1.33081,2.33,1.00
2013.09.25 10:18:41.193,1.33075,1.33081,1.13,1.00
2013.09.25 10:18:43.673,1.33077,1.33081,1.00,1.00
2013.09.25 10:18:43.733,1.33077,1.33083,1.00,1.00
2013.09.25 10:18:44.684,1.33077,1.33084,1.50,1.00
2013.09.25 10:18:45.004,1.3308,1.33084,1.50,1.00
2013.09.25 10:18:45.123,1.33082,1.33089,1.00,3.00
2013.09.25 10:18:47.024,1.33083,1.33089,1.00,4.13
2013.09.25 10:18:47.610,1.33083,1.33089,1.00,1.88
2013.09.25 10:18:48.365,1.33082,1.33089,1.50,2.63
2013.09.25 10:18:58.513,1.33082,1.33088,1.88,1.00
2013.09.25 10:18:59.394,1.33079,1.33083,1.50,1.00
2013.09.25 10:18:59.754,1.33075,1.33082,4.09,1.00
2013.09.25 10:19:00.353,1.33075,1.33078,1.00,1.00
2013.09.25 10:19:00.414,1.33072,1.33077,1.50,1.00
2013.09.25 10:19:00.594,1.33071,1.33079,1.88,1.00
2013.09.25 10:19:00.833,1.33072,1.33077,1.50,1.00
2013.09.25 10:19:02.593,1.3307,1.33077,4.50,1.00
2013.09.25 10:19:02.713,1.33072,1.3308,1.50,1.00
2013.09.25 10:19:02.773,1.33075,1.33083,1.38,2.63
2013.09.25 10:19:03.714,1.33077,1.33084,1.38,1.38
2013.09.25 10:19:04.823,1.33077,1.33084,1.38,1.00
2013.09.25 10:19:05.354,1.33077,1.33084,1.00,4.13
2013.09.25 10:19:05.414,1.33077,1.33078,1.00,1.00
2013.09.25 10:19:05.475,1.33073,1.33076,1.50,1.00
2013.09.25 10:19:06.146,1.33065,1.3307,1.88,1.00
2013.09.25 10:19:06.447,1.33065,1.3307,3.75,1.00
2013.09.25 10:19:06.805,1.33066,1.33074,1.50,1.00
2013.09.25 10:19:06.865,1.33067,1.33074,1.50,1.00
2013.09.25 10:19:08.214,1.33068,1.33075,2.25,1.00
2013.09.25 10:19:08.743,1.33068,1.33075,3.00,1.00
2013.09.25 10:19:09.103,1.33068,1.33073,1.38,1.00
2013.09.25 10:19:13.053,1.33068,1.33072,2.25,1.00
2013.09.25 10:19:13.173,1.33066,1.33069,1.00,1.00
2013.09.25 10:19:14.004,1.33061,1.33067,2.63,1.00
2013.09.25 10:19:14.544,1.33062,1.33068,1.38,1.00
2013.09.25 10:19:15.473,1.33062,1.33068,2.40,1.00
2013.09.25 10:19:15.593,1.33067,1.33073,1.00,1.00
2013.09.25 10:19:15.653,1.33067,1.33071,1.00,1.00
2013.09.25 10:19:16.013,1.33066,1.33068,1.50,1.00
2013.09.25 10:19:16.354,1.3306,1.33065,1.73,1.50
2013.09.25 10:19:16.893,1.3306,1.33062,1.00,1.00
2013.09.25 10:19:17.194,1.33058,1.3306,1.00,1.00
2013.09.25 10:19:17.733,1.33055,1.3306,1.13,1.00
2013.09.25 10:19:17.973,1.33058,1.33064,1.75,1.00
2013.09.25 10:19:18.551,1.33062,1.33065,1.00,1.00
2013.09.25 10:19:21.504,1.33056,1.3306,3.75,1.50
2013.09.25 10:19:21.684,1.33054,1.33059,6.75,1.00
2013.09.25 10:19:22.223,1.33054,1.33063,4.50,1.00
2013.09.25 10:19:23.273,1.33054,1.33058,4.50,1.88
2013.09.25 10:19:23.603,1.33054,1.33062,4.50,2.10
2013.09.25 10:19:24.143,1.33055,1.33061,1.13,1.57
2013.09.25 10:19:24.704,1.33055,1.33061,1.13,1.00
2013.09.25 10:19:26.424,1.33055,1.33061,1.13,1.38
2013.09.25 10:19:26.606,1.33055,1.33059,1.13,1.38
2013.09.25 10:19:31.283,1.33054,1.33059,3.75,1.38
2013.09.25 10:19:32.463,1.33054,1.33055,3.75,1.00
2013.09.25 10:19:32.583,1.33054,1.33057,4.88,1.13
2013.09.25 10:19:34.227,1.33053,1.33057,3.75,1.32
2013.09.25 10:19:34.413,1.33054,1.33056,4.13,1.00
2013.09.25 10:19:34.773,1.33054,1.33059,4.88,1.88
2013.09.25 10:19:35.293,1.33054,1.33059,4.88,1.88
2013.09.25 10:19:36.273,1.33052,1.33057,1.00,2.82
2013.09.25 10:19:36.453,1.33054,1.33057,3.75,2.63
2013.09.25 10:19:37.003,1.33054,1.33056,3.75,1.00
2013.09.25 10:19:39.153,1.33049,1.33055,2.05,1.00
2013.09.25 10:19:49.274,1.33052,1.33055,3.75,1.88
2013.09.25 10:19:49.635,1.33052,1.33055,3.75,1.00
2013.09.25 10:19:49.758,1.33054,1.33055,3.75,1.00
2013.09.25 10:19:50.055,1.3305,1.33056,2.63,1.13
2013.09.25 10:19:50.414,1.33052,1.33054,1.00,1.00
2013.09.25 10:19:50.954,1.33048,1.33053,1.38,1.00
2013.09.25 10:19:51.013,1.33048,1.33053,1.38,1.00
2013.09.25 10:19:51.074,1.33046,1.33052,3.75,1.13
2013.09.25 10:19:51.133,1.33046,1.33052,3.75,1.13
2013.09.25 10:19:51.493,1.33046,1.33051,1.88,1.00
2013.09.25 10:19:51.553,1.33046,1.3305,1.13,1.13
2013.09.25 10:19:51.614,1.33037,1.33044,1.13,2.13
2013.09.25 10:19:51.734,1.33038,1.3304,1.13,1.00
2013.09.25 10:19:52.273,1.33032,1.33041,2.63,1.00
2013.09.25 10:19:52.845,1.33036,1.33041,1.50,1.00
2013.09.25 10:19:53.393,1.33034,1.33041,2.63,1.00
2013.09.25 10:19:53.573,1.33036,1.33043,1.88,1.13
2013.09.25 10:19:54.113,1.33038,1.33045,1.00,4.73
2013.09.25 10:19:55.093,1.33038,1.33043,1.00,1.13
2013.09.25 10:19:56.463,1.33037,1.33045,1.00,4.92
2013.09.25 10:19:57.153,1.33038,1.33045,1.00,1.88
2013.09.25 10:19:58.665,1.33038,1.33045,1.13,1.50
2013.09.25 10:19:58.984,1.33034,1.33039,1.13,1.50
2013.09.25 10:19:59.104,1.33036,1.33042,1.00,2.25
2013.09.25 10:19:59.164,1.33036,1.33042,1.38,2.25
2013.09.25 10:19:59.750,1.33038,1.33045,1.38,2.05
2013.09.25 10:19:59.860,1.3304,1.33046,1.88,1.38
2013.09.25 10:20:00.416,1.3304,1.33046,1.38,1.13
2013.09.25 10:20:00.814,1.33043,1.33047,1.00,1.00
2013.09.25 10:20:01.354,1.33043,1.3305,1.00,1.38
2013.09.25 10:20:01.974,1.33042,1.33047,1.13,1.00
2013.09.25 10:20:02.333,1.33038,1.33045,1.38,1.50
2013.09.25 10:20:02.753,1.33038,1.33042,2.25,1.00
2013.09.25 10:20:02.993,1.33036,1.33043,1.88,2.07
2013.09.25 10:20:03.173,1.33036,1.33041,1.13,1.00
2013.09.25 10:20:03.534,1.33043,1.33046,1.00,1.38
2013.09.25 10:20:03.593,1.33043,1.33046,1.00,1.00
2013.09.25 10:20:03.653,1.33042,1.33044,1.00,1.00
2013.09.25 10:20:03.773,1.33041,1.33045,1.00,1.00
2013.09.25 10:20:04.733,1.33041,1.33043,1.00,1.00
2013.09.25 10:20:04.854,1.33039,1.33043,1.13,1.00
2013.09.25 10:20:05.443,1.3304,1.33043,1.00,1.00
2013.09.25 10:20:05.693,1.33041,1.33048,1.00,1.50
2013.09.25 10:20:05.814,1.33044,1.33047,1.00,1.00
2013.09.25 10:20:06.234,1.33042,1.33047,1.13,1.00
2013.09.25 10:20:06.475,1.33042,1.33049,1.00,2.63
2013.09.25 10:20:06.595,1.33045,1.33049,1.00,1.50
2013.09.25 10:20:07.595,1.33045,1.33046,1.00,1.00
2013.09.25 10:20:07.953,1.33044,1.33048,1.00,1.00
2013.09.25 10:20:09.583,1.33046,1.33048,1.00,1.00
2013.09.25 10:20:09.643,1.33046,1.3305,1.00,1.50
2013.09.25 10:20:10.448,1.33047,1.33049,1.00,1.00
2013.09.25 10:20:10.518,1.33045,1.33049,1.00,1.00
2013.09.25 10:20:11.334,1.33043,1.33049,1.13,1.00
2013.09.25 10:20:12.083,1.33045,1.33049,1.00,1.00
2013.09.25 10:20:12.443,1.33047,1.3305,1.88,1.00
2013.09.25 10:20:12.504,1.33047,1.33053,1.88,1.13
2013.09.25 10:20:12.806,1.33049,1.33053,1.00,1.13
2013.09.25 10:20:13.164,1.33052,1.33054,1.00,1.00
2013.09.25 10:20:13.226,1.33054,1.33058,1.13,1.88
2013.09.25 10:20:13.285,1.33057,1.3306,1.00,1.50
2013.09.25 10:20:13.344,1.33057,1.3306,1.50,1.50
2013.09.25 10:20:13.404,1.33058,1.3306,1.00,1.50
2013.09.25 10:20:14.244,1.33059,1.33064,1.00,1.00
2013.09.25 10:20:14.765,1.3306,1.33064,1.00,1.00
2013.09.25 10:20:15.183,1.33062,1.33064,1.00,1.00
2013.09.25 10:20:15.243,1.33062,1.33069,1.50,3.00
2013.09.25 10:20:15.364,1.33065,1.33069,1.00,1.50
2013.09.25 10:20:15.665,1.33063,1.33065,1.00,1.00
2013.09.25 10:20:15.784,1.3306,1.33065,1.00,1.00
2013.09.25 10:20:16.984,1.3306,1.33065,1.00,1.38
2013.09.25 10:20:17.515,1.3306,1.33063,1.00,1.00
2013.09.25 10:20:19.594,1.3306,1.33064,1.00,1.00
2013.09.25 10:20:19.714,1.33063,1.33066,1.00,1.13
2013.09.25 10:20:19.954,1.33061,1.33066,1.00,1.00
2013.09.25 10:20:20.073,1.33061,1.33064,1.00,1.00
2013.09.25 10:20:20.434,1.33058,1.3306,1.13,1.00
2013.09.25 10:20:21.785,1.3306,1.33062,1.00,1.00
2013.09.25 10:20:23.024,1.33057,1.33062,1.00,1.00
2013.09.25 10:20:23.265,1.33055,1.33062,2.10,1.00
2013.09.25 10:20:23.384,1.33058,1.33064,1.00,1.88
2013.09.25 10:20:23.686,1.33052,1.33058,1.50,1.00
2013.09.25 10:20:23.745,1.33052,1.33056,1.88,1.00
2013.09.25 10:20:23.804,1.33052,1.33056,1.88,1.00
2013.09.25 10:20:23.983,1.33052,1.33057,1.00,1.00
2013.09.25 10:20:25.644,1.33051,1.33056,1.38,1.00
2013.09.25 10:20:26.003,1.33053,1.3306,1.00,3.38
2013.09.25 10:20:27.193,1.33055,1.3306,1.00,1.00
2013.09.25 10:20:32.964,1.33056,1.33061,1.00,1.00
2013.09.25 10:20:33.265,1.33058,1.33063,1.00,1.00
2013.09.25 10:20:42.867,1.33058,1.33062,1.00,1.00
2013.09.25 10:20:43.223,1.33054,1.33058,1.38,1.13
2013.09.25 10:20:43.736,1.33054,1.33059,1.38,1.38
2013.09.25 10:20:45.083,1.33054,1.33057,1.00,1.00
2013.09.25 10:20:45.625,1.33054,1.33056,1.38,1.00
2013.09.25 10:20:45.683,1.33054,1.33058,1.38,1.13
2013.09.25 10:20:46.664,1.3305,1.33056,2.63,1.00
2013.09.25 10:20:46.783,1.3305,1.33056,1.50,2.25
2013.09.25 10:20:47.323,1.3305,1.33056,1.38,2.25
2013.09.25 10:20:48.725,1.3305,1.33056,1.38,2.25
2013.09.25 10:20:49.235,1.3305,1.33056,1.88,1.00
2013.09.25 10:20:50.394,1.3305,1.33056,1.38,1.00
2013.09.25 10:20:51.803,1.3305,1.33056,1.38,1.00
2013.09.25 10:20:51.923,1.33048,1.33053,1.38,1.00
2013.09.25 10:20:52.043,1.3305,1.33055,1.00,1.00
2013.09.25 10:20:52.650,1.3305,1.33056,2.63,1.00
2013.09.25 10:20:53.214,1.33052,1.33058,1.00,1.00
2013.09.25 10:20:54.005,1.33054,1.33058,1.38,1.00
2013.09.25 10:20:54.183,1.33054,1.3306,1.88,1.00
2013.09.25 10:20:54.784,1.33054,1.33061,1.88,1.88
2013.09.25 10:20:55.253,1.33055,1.33062,1.38,1.50
2013.09.25 10:20:56.153,1.33058,1.33062,1.00,1.00
2013.09.25 10:20:56.513,1.33058,1.33064,1.13,1.88
2013.09.25 10:20:57.345,1.33057,1.3306,1.38,1.00
2013.09.25 10:20:57.763,1.33057,1.33062,1.13,1.13
2013.09.25 10:20:59.663,1.33057,1.33061,1.00,1.50
2013.09.25 10:21:00.335,1.33057,1.33061,1.00,2.63
2013.09.25 10:21:00.455,1.33057,1.33064,1.00,1.88
2013.09.25 10:21:00.573,1.33057,1.33061,1.00,1.00
2013.09.25 10:21:00.634,1.33055,1.33061,1.73,1.50
2013.09.25 10:21:00.874,1.33054,1.33059,1.38,1.13
2013.09.25 10:21:02.003,1.3305,1.33054,1.48,2.25
2013.09.25 10:21:02.063,1.3305,1.33055,1.00,1.00
2013.09.25 10:21:02.123,1.3305,1.33057,1.00,1.50
2013.09.25 10:21:02.424,1.33051,1.3306,3.38,1.88
2013.09.25 10:21:03.414,1.33053,1.33058,1.88,1.13
2013.09.25 10:21:03.717,1.33051,1.33056,1.38,1.13
2013.09.25 10:21:03.837,1.33048,1.33054,1.38,2.63
2013.09.25 10:21:04.014,1.33047,1.3305,1.50,1.00
2013.09.25 10:21:04.629,1.33047,1.33049,1.50,1.00
2013.09.25 10:21:04.815,1.33041,1.33047,1.38,2.25
2013.09.25 10:21:04.933,1.33039,1.33045,2.63,1.13
2013.09.25 10:21:05.474,1.33037,1.33044,1.38,1.00
2013.09.25 10:21:05.903,1.33036,1.33043,3.00,1.00
2013.09.25 10:21:06.084,1.33036,1.33041,1.38,1.50
2013.09.25 10:21:06.643,1.3304,1.33043,1.00,1.30
2013.09.25 10:21:07.004,1.33046,1.33048,1.00,1.00
2013.09.25 10:21:07.063,1.33046,1.3305,1.00,1.13
2013.09.25 10:21:07.613,1.33043,1.3305,1.38,1.50
2013.09.25 10:21:09.203,1.33046,1.3305,1.13,1.50
2013.09.25 10:21:09.953,1.33045,1.3305,1.00,2.25
2013.09.25 10:21:14.693,1.33045,1.33049,1.00,1.00
2013.09.25 10:21:15.573,1.33045,1.33049,1.38,1.00
2013.09.25 10:21:15.693,1.33047,1.33051,1.00,1.00
2013.09.25 10:21:23.753,1.33046,1.3305,1.38,1.00
2013.09.25 10:21:33.007,1.33049,1.3305,1.00,1.00
2013.09.25 10:21:33.081,1.33051,1.33055,1.00,1.00
2013.09.25 10:21:36.883,1.33049,1.33055,4.13,1.00
2013.09.25 10:21:39.063,1.33051,1.33055,1.00,1.00
2013.09.25 10:21:49.413,1.33052,1.33059,1.13,1.00
2013.09.25 10:21:49.533,1.33055,1.33059,1.00,1.00
2013.09.25 10:21:49.653,1.33055,1.33062,1.13,1.00
2013.09.25 10:21:50.391,1.33055,1.3306,1.13,1.00
2013.09.25 10:21:52.593,1.33055,1.33058,1.13,1.00
2013.09.25 10:21:56.353,1.33052,1.33056,2.25,1.00
2013.09.25 10:21:56.713,1.33054,1.33057,1.13,1.00
2013.09.25 10:21:59.094,1.33056,1.33058,1.00,1.00
2013.09.25 10:21:59.274,1.33059,1.33062,1.50,1.00
2013.09.25 10:21:59.393,1.33059,1.33064,1.88,1.00
2013.09.25 10:22:00.544,1.33059,1.33062,1.88,1.00
2013.09.25 10:22:00.723,1.33055,1.33059,1.13,1.00
2013.09.25 10:22:01.264,1.33056,1.33059,1.00,1.00
2013.09.25 10:22:01.793,1.33055,1.33059,1.13,1.00
2013.09.25 10:22:01.915,1.33055,1.33057,1.13,1.00
2013.09.25 10:22:02.753,1.3305,1.33058,2.03,1.00
2013.09.25 10:22:03.135,1.33053,1.33056,1.38,1.00
2013.09.25 10:22:03.684,1.33049,1.33054,1.38,1.00
2013.09.25 10:22:04.955,1.33048,1.33052,3.00,1.00
2013.09.25 10:22:05.610,1.33047,1.33052,1.38,1.00
2013.09.25 10:22:05.682,1.33044,1.33048,1.88,1.00
2013.09.25 10:22:06.944,1.33044,1.33048,1.88,1.00
2013.09.25 10:22:08.143,1.33044,1.33049,1.00,1.00
2013.09.25 10:22:12.747,1.33044,1.3305,1.13,2.25
2013.09.25 10:22:14.657,1.33046,1.3305,1.00,2.25
2013.09.25 10:22:24.203,1.33047,1.3305,1.00,1.50
2013.09.25 10:22:26.173,1.33044,1.33048,1.53,1.13
2013.09.25 10:22:26.234,1.33045,1.33048,1.00,1.13
2013.09.25 10:22:26.473,1.33042,1.33047,1.00,1.50
2013.09.25 10:22:26.653,1.33039,1.33045,1.75,1.00
2013.09.25 10:22:26.774,1.33042,1.33047,1.00,2.63
2013.09.25 10:22:29.826,1.33042,1.33047,1.88,1.00
2013.09.25 10:22:29.886,1.33046,1.33049,1.00,2.25
2013.09.25 10:22:30.244,1.3305,1.33055,1.13,1.00
2013.09.25 10:22:30.805,1.3305,1.33056,1.13,2.63
2013.09.25 10:22:31.607,1.3305,1.33055,1.13,1.00
2013.09.25 10:22:34.116,1.33051,1.33055,1.00,1.00
2013.09.25 10:22:37.866,1.33053,1.33055,1.00,1.00
2013.09.25 10:22:38.223,1.3305,1.33055,1.20,1.50
2013.09.25 10:22:38.283,1.33048,1.33052,1.75,1.00
2013.09.25 10:22:38.404,1.33048,1.33055,2.25,1.50
2013.09.25 10:22:38.464,1.3305,1.33053,1.13,1.00
2013.09.25 10:22:44.244,1.33051,1.33053,1.00,1.00
2013.09.25 10:22:44.304,1.33051,1.33056,1.00,1.00
2013.09.25 10:22:46.333,1.33049,1.33056,1.38,1.50
2013.09.25 10:22:46.393,1.33049,1.33054,1.38,1.88
2013.09.25 10:23:04.125,1.33047,1.33053,1.38,1.00
2013.09.25 10:23:04.635,1.33047,1.33052,1.38,1.00
2013.09.25 10:23:05.393,1.33047,1.33053,1.38,1.50
2013.09.25 10:23:05.824,1.33046,1.33051,1.38,1.00
2013.09.25 10:23:06.215,1.33045,1.33051,1.13,1.50
2013.09.25 10:23:06.274,1.33042,1.33048,3.23,1.00
2013.09.25 10:23:08.859,1.33044,1.33052,1.38,1.13
2013.09.25 10:23:08.926,1.33047,1.33053,1.38,1.00
2013.09.25 10:23:16.184,1.3305,1.33056,1.13,1.88
2013.09.25 10:23:16.304,1.33054,1.33059,1.00,2.63
2013.09.25 10:23:16.363,1.33054,1.33058,1.00,1.50
2013.09.25 10:23:16.723,1.33055,1.33058,1.00,1.13
2013.09.25 10:23:16.903,1.33057,1.33062,1.00,1.88
2013.09.25 10:23:17.454,1.33058,1.33063,1.00,1.38
2013.09.25 10:23:17.973,1.33058,1.33063,1.00,1.00
2013.09.25 10:23:18.593,1.33058,1.33064,1.00,2.25
2013.09.25 10:23:20.043,1.33059,1.33064,1.00,2.25
2013.09.25 10:23:21.106,1.3306,1.33064,1.00,2.25
2013.09.25 10:23:22.464,1.33058,1.33061,1.88,1.00
2013.09.25 10:23:22.594,1.33056,1.33059,2.63,1.00
2013.09.25 10:23:22.833,1.33053,1.33059,1.00,1.00
2013.09.25 10:23:23.373,1.33054,1.33059,1.50,1.00
2013.09.25 10:23:35.815,1.33054,1.33057,1.50,1.00
2013.09.25 10:23:35.993,1.33052,1.33057,2.63,1.00
2013.09.25 10:23:39.854,1.33052,1.33056,1.00,1.00
2013.09.25 10:23:39.914,1.3305,1.33056,1.13,1.00
2013.09.25 10:23:41.445,1.33049,1.33055,1.88,1.00
2013.09.25 10:23:41.625,1.33052,1.33058,1.00,1.00
2013.09.25 10:23:43.064,1.33051,1.33058,1.88,1.00
2013.09.25 10:23:48.123,1.3305,1.33057,1.88,1.00
2013.09.25 10:23:48.674,1.33051,1.33056,1.38,1.00
2013.09.25 10:23:49.175,1.33051,1.33056,1.00,1.00
2013.09.25 10:23:53.133,1.3305,1.33056,1.13,1.00
2013.09.25 10:24:00.523,1.33051,1.33057,1.00,1.00
2013.09.25 10:24:00.824,1.33052,1.33057,1.38,1.00
2013.09.25 10:24:01.584,1.33052,1.33057,1.13,1.00
2013.09.25 10:24:02.091,1.33052,1.33058,1.88,1.00
2013.09.25 10:24:07.584,1.33052,1.33056,1.00,1.00
2013.09.25 10:24:08.124,1.33051,1.33056,1.00,1.00
2013.09.25 10:24:08.844,1.3305,1.33056,1.00,1.00
2013.09.25 10:24:13.406,1.33049,1.33056,3.00,1.00
2013.09.25 10:24:13.763,1.33049,1.33053,2.25,1.00
2013.09.25 10:24:14.284,1.3305,1.33053,1.00,1.00
2013.09.25 10:24:14.466,1.33051,1.33057,1.00,1.88
2013.09.25 10:24:14.975,1.33051,1.33058,1.35,1.13
2013.09.25 10:24:20.733,1.33052,1.33058,1.00,1.00
2013.09.25 10:24:25.804,1.33051,1.33058,2.10,1.13
2013.09.25 10:24:26.624,1.33051,1.33058,2.48,1.00
2013.09.25 10:24:27.324,1.33051,1.33058,1.73,1.50
2013.09.25 10:24:27.864,1.33053,1.3306,1.88,1.38
2013.09.25 10:24:28.403,1.33053,1.3306,1.88,1.38
2013.09.25 10:24:28.904,1.33053,1.3306,1.88,1.00
2013.09.25 10:24:30.524,1.33053,1.3306,1.50,1.13
2013.09.25 10:24:33.004,1.33055,1.33061,1.00,1.50
2013.09.25 10:24:33.124,1.33055,1.33062,1.50,1.88
2013.09.25 10:24:34.104,1.33055,1.33062,1.50,1.50
2013.09.25 10:24:34.805,1.33055,1.33062,1.50,1.50
2013.09.25 10:24:37.984,1.33056,1.33062,1.13,1.00
2013.09.25 10:24:38.535,1.33057,1.33062,1.13,1.00
2013.09.25 10:24:40.151,1.33057,1.33064,1.88,1.00
2013.09.25 10:24:43.503,1.33057,1.33063,1.50,1.00
2013.09.25 10:24:44.785,1.33057,1.33064,1.00,1.00
2013.09.25 10:24:44.906,1.33059,1.33065,1.35,1.00
2013.09.25 10:24:45.265,1.3306,1.33068,1.50,3.00
2013.09.25 10:24:45.784,1.33061,1.33068,1.35,1.00
2013.09.25 10:24:46.754,1.33059,1.33066,3.98,1.00
2013.09.25 10:24:47.113,1.33058,1.33063,3.60,1.00
2013.09.25 10:24:59.914,1.33057,1.33063,1.00,1.00
2013.09.25 10:25:04.334,1.33057,1.33064,1.00,1.88
2013.09.25 10:25:04.837,1.33057,1.33063,1.00,1.00
2013.09.25 10:25:10.345,1.33058,1.33063,1.00,1.00
2013.09.25 10:25:12.354,1.33058,1.33064,1.50,1.00
2013.09.25 10:25:19.323,1.33058,1.33066,1.00,3.00
2013.09.25 10:25:25.031,1.33058,1.33065,1.88,1.00
2013.09.25 10:25:27.773,1.33058,1.33063,1.00,1.00
2013.09.25 10:25:27.834,1.33058,1.33065,1.00,2.25
2013.09.25 10:25:28.468,1.33061,1.33065,1.00,1.50
2013.09.25 10:25:29.062,1.33062,1.33066,1.00,1.00
2013.09.25 10:25:30.254,1.33061,1.33066,1.35,1.00
2013.09.25 10:25:32.950,1.33061,1.33065,1.35,1.00
2013.09.25 10:25:33.247,1.33057,1.33063,2.63,1.00
2013.09.25 10:25:35.255,1.33057,1.33063,1.50,1.00
2013.09.25 10:25:36.764,1.3306,1.33066,1.00,1.00
2013.09.25 10:25:37.244,1.33062,1.33066,1.00,1.00
2013.09.25 10:25:37.953,1.33061,1.33066,3.00,1.00
2013.09.25 10:25:44.824,1.33062,1.33066,1.13,1.00
2013.09.25 10:25:45.457,1.33061,1.33066,3.94,1.00
2013.09.25 10:25:47.384,1.33063,1.33066,1.30,1.00
2013.09.25 10:25:47.444,1.33065,1.3307,1.00,1.13
2013.09.25 10:25:47.564,1.33067,1.33073,1.00,1.88
2013.09.25 10:25:47.624,1.33067,1.33072,1.50,1.00
2013.09.25 10:25:47.807,1.3307,1.33074,1.00,2.25
2013.09.25 10:25:48.045,1.33072,1.33076,1.88,1.00
2013.09.25 10:25:48.164,1.33075,1.33076,1.00,1.00
2013.09.25 10:25:48.224,1.33075,1.33079,1.00,1.38
2013.09.25 10:25:48.404,1.33075,1.3308,1.60,1.88
2013.09.25 10:25:48.644,1.33074,1.3308,2.63,1.50
2013.09.25 10:25:49.184,1.33074,1.3308,1.50,1.13
2013.09.25 10:25:52.427,1.33077,1.33083,1.00,3.19
2013.09.25 10:25:52.544,1.33077,1.33083,1.00,2.44
2013.09.25 10:25:53.074,1.33077,1.33083,1.00,1.50
2013.09.25 10:25:53.194,1.33074,1.3308,1.50,1.00
2013.09.25 10:25:53.734,1.33074,1.3308,1.00,1.38
2013.09.25 10:25:54.144,1.33074,1.33077,1.00,1.00
2013.09.25 10:25:54.563,1.33072,1.33078,1.00,1.00
2013.09.25 10:25:55.170,1.33072,1.33077,1.00,1.00
2013.09.25 10:26:00.503,1.33073,1.3308,1.00,1.50
2013.09.25 10:26:00.564,1.33075,1.33081,1.00,1.13
2013.09.25 10:26:05.704,1.33076,1.33081,1.00,1.00
2013.09.25 10:26:06.544,1.33076,1.33084,1.50,3.00
2013.09.25 10:26:06.664,1.33085,1.33089,1.00,1.13
2013.09.25 10:26:07.214,1.33085,1.33087,1.00,1.00
2013.09.25 10:26:08.838,1.33082,1.33088,2.63,1.00
2013.09.25 10:26:08.955,1.33078,1.33085,1.35,1.00
2013.09.25 10:26:09.494,1.33078,1.33085,1.13,1.00
2013.09.25 10:26:14.046,1.33079,1.33085,1.00,1.00
2013.09.25 10:26:14.865,1.33079,1.33085,2.25,1.00
2013.09.25 10:26:14.925,1.33079,1.33087,3.00,1.00
2013.09.25 10:26:15.436,1.33079,1.33087,2.25,1.00
2013.09.25 10:26:15.495,1.33081,1.33089,2.63,1.00
2013.09.25 10:26:15.864,1.33081,1.3309,2.25,1.00
2013.09.25 10:26:16.224,1.33085,1.33092,1.50,1.13
2013.09.25 10:26:16.584,1.33085,1.33087,1.00,1.00
2013.09.25 10:26:16.944,1.33085,1.33088,1.00,1.00
2013.09.25 10:26:17.754,1.33083,1.33088,1.13,1.88
2013.09.25 10:26:17.814,1.33081,1.33084,1.60,1.00
2013.09.25 10:26:17.874,1.3308,1.33083,1.13,1.00
2013.09.25 10:26:17.934,1.33079,1.33081,1.00,1.00
2013.09.25 10:26:18.474,1.33077,1.33083,2.48,1.50
2013.09.25 10:26:18.924,1.33077,1.33083,1.50,1.50
2013.09.25 10:26:19.830,1.33077,1.33083,2.10,1.50
2013.09.25 10:26:21.254,1.33078,1.33083,1.88,1.00
2013.09.25 10:26:22.883,1.33078,1.33083,1.35,1.50
2013.09.25 10:26:25.798,1.3308,1.33088,2.10,1.00
2013.09.25 10:26:25.856,1.33084,1.33088,1.00,1.00
2013.09.25 10:26:25.975,1.33082,1.33086,2.10,1.88
2013.09.25 10:26:26.034,1.3308,1.33083,1.13,1.00
2013.09.25 10:26:26.094,1.33077,1.33081,2.85,1.00
2013.09.25 10:26:26.154,1.33077,1.33081,1.00,1.00
2013.09.25 10:26:27.018,1.33076,1.33081,1.50,1.00
2013.09.25 10:26:27.544,1.33077,1.33083,1.00,1.50
2013.09.25 10:26:27.604,1.3308,1.33083,1.00,1.50
2013.09.25 10:26:29.594,1.33081,1.33083,1.00,1.50
2013.09.25 10:26:36.805,1.33078,1.33083,4.35,1.50
2013.09.25 10:26:37.166,1.3307,1.33076,1.73,2.63
2013.09.25 10:26:37.704,1.33072,1.33076,1.00,1.88
2013.09.25 10:26:38.384,1.33075,1.33078,1.00,1.50
2013.09.25 10:26:38.625,1.33078,1.33082,1.50,1.69
2013.09.25 10:26:39.199,1.33077,1.33085,1.50,1.38
2013.09.25 10:26:41.444,1.33078,1.33086,1.00,3.38
2013.09.25 10:26:43.704,1.33078,1.33083,1.00,1.38
2013.09.25 10:26:44.684,1.33078,1.33085,1.00,2.25
2013.09.25 10:26:47.875,1.33075,1.33081,1.50,1.00
2013.09.25 10:26:47.935,1.33075,1.33079,1.00,1.00
2013.09.25 10:26:47.995,1.33073,1.33079,1.88,1.00
2013.09.25 10:26:48.116,1.33072,1.33078,1.00,1.38
2013.09.25 10:26:48.482,1.33072,1.33075,1.00,1.00
2013.09.25 10:26:48.784,1.3307,1.33075,1.13,1.00
2013.09.25 10:26:52.515,1.3307,1.33077,1.00,1.00
2013.09.25 10:26:53.054,1.3307,1.33076,1.00,1.00
2013.09.25 10:26:54.224,1.3307,1.33078,1.28,1.88
2013.09.25 10:26:54.613,1.3307,1.33078,1.65,1.50
2013.09.25 10:26:58.465,1.3307,1.33078,2.03,1.38
2013.09.25 10:26:58.804,1.33072,1.33078,1.00,1.38
2013.09.25 10:26:59.164,1.33076,1.3308,1.00,1.38
2013.09.25 10:26:59.224,1.33076,1.33082,1.50,1.50
2013.09.25 10:26:59.344,1.33078,1.33083,1.00,1.50
2013.09.25 10:26:59.465,1.33076,1.33083,3.75,1.13
2013.09.25 10:26:59.584,1.33078,1.33083,1.00,1.13
2013.09.25 10:27:00.164,1.33076,1.33083,3.38,1.00
2013.09.25 10:27:06.504,1.33078,1.33083,2.25,1.00
2013.09.25 10:27:06.864,1.33084,1.3309,1.00,1.50
2013.09.25 10:27:06.924,1.33082,1.33087,1.00,1.00
2013.09.25 10:27:07.464,1.33082,1.33087,1.00,1.38
2013.09.25 10:27:08.416,1.33083,1.33088,1.38,1.38
2013.09.25 10:27:08.596,1.33088,1.33089,1.00,1.00
2013.09.25 10:27:08.655,1.33085,1.33088,1.28,1.00
2013.09.25 10:27:08.835,1.3308,1.33086,3.00,1.00
2013.09.25 10:27:08.954,1.3308,1.33086,1.50,1.00
2013.09.25 10:27:09.588,1.33079,1.33086,1.73,1.00
2013.09.25 10:27:10.194,1.33079,1.33087,1.73,1.00
2013.09.25 10:27:15.254,1.3308,1.33087,1.00,1.00
2013.09.25 10:27:15.664,1.33082,1.33087,1.00,1.00
2013.09.25 10:27:15.844,1.33082,1.33089,1.00,1.00
2013.09.25 10:27:16.354,1.33082,1.33088,1.00,1.00
2013.09.25 10:27:16.864,1.3308,1.33088,3.15,1.00
2013.09.25 10:27:16.925,1.3308,1.33086,1.00,1.00
2013.09.25 10:27:17.504,1.3308,1.33087,1.00,1.13
2013.09.25 10:27:20.254,1.33079,1.33086,1.00,1.00
2013.09.25 10:27:23.426,1.3308,1.33086,1.50,1.00
2013.09.25 10:27:23.869,1.33082,1.33086,1.50,1.00
2013.09.25 10:27:26.041,1.33082,1.33086,1.50,1.00
2013.09.25 10:27:27.726,1.33081,1.33086,1.50,1.00
2013.09.25 10:27:29.564,1.3308,1.33086,1.00,1.00
2013.09.25 10:27:32.024,1.33079,1.33085,3.98,1.00
2013.09.25 10:27:34.185,1.33082,1.33085,1.00,1.00
2013.09.25 10:27:34.794,1.33081,1.33085,1.35,1.00
2013.09.25 10:27:35.334,1.33081,1.33086,3.23,1.00
2013.09.25 10:27:37.714,1.33082,1.33086,3.23,1.00
2013.09.25 10:27:41.277,1.33083,1.33086,1.50,1.00
2013.09.25 10:27:42.575,1.33084,1.33088,1.13,1.00
2013.09.25 10:27:42.665,1.33086,1.33089,1.00,1.00
2013.09.25 10:27:43.026,1.33089,1.33091,1.00,1.50
2013.09.25 10:27:43.324,1.33087,1.33091,1.35,1.13
2013.09.25 10:27:44.151,1.33087,1.3309,2.10,1.00
2013.09.25 10:27:44.693,1.33085,1.3309,1.50,1.50
2013.09.25 10:27:45.114,1.33084,1.3309,1.00,1.50
2013.09.25 10:27:45.625,1.33088,1.33091,1.00,1.13
2013.09.25 10:27:46.204,1.33089,1.33091,1.00,1.13
2013.09.25 10:27:46.733,1.33089,1.33092,1.00,1.88
2013.09.25 10:27:48.223,1.33087,1.33092,1.88,1.50
2013.09.25 10:27:50.043,1.33085,1.33092,7.88,1.50
2013.09.25 10:27:50.883,1.33087,1.33092,1.00,1.88
2013.09.25 10:27:56.223,1.33087,1.33091,1.50,1.00
2013.09.25 10:28:02.144,1.33086,1.33089,3.00,1.00
2013.09.25 10:28:03.516,1.33084,1.33087,1.00,1.13
2013.09.25 10:28:04.074,1.33084,1.33088,1.88,1.13
2013.09.25 10:28:05.313,1.33087,1.33088,1.00,1.00
2013.09.25 10:28:05.433,1.33085,1.33091,3.38,1.38
2013.09.25 10:28:05.955,1.33084,1.3309,1.38,1.00
2013.09.25 10:28:09.483,1.33085,1.3309,1.00,1.00
2013.09.25 10:28:09.543,1.33085,1.3309,2.85,1.00
2013.09.25 10:28:12.983,1.33086,1.3309,1.00,1.00
2013.09.25 10:28:14.323,1.33084,1.3309,2.25,1.50
2013.09.25 10:28:14.874,1.33084,1.33089,2.63,1.50
2013.09.25 10:28:15.385,1.33084,1.33088,1.50,1.00
2013.09.25 10:28:15.445,1.33084,1.33086,1.50,1.00
2013.09.25 10:28:15.504,1.33081,1.33086,2.25,1.00
2013.09.25 10:28:15.624,1.33083,1.33086,1.35,1.50
2013.09.25 10:28:15.743,1.33081,1.33085,1.88,1.50
2013.09.25 10:28:16.283,1.33081,1.33084,1.88,1.00
2013.09.25 10:28:17.506,1.33081,1.33085,1.88,1.00
2013.09.25 10:28:18.474,1.3308,1.33083,1.13,1.00
2013.09.25 10:28:18.593,1.33078,1.33081,1.88,1.00
2013.09.25 10:28:19.013,1.33074,1.33081,2.63,1.00
2013.09.25 10:28:22.023,1.33076,1.33081,1.00,1.00
2013.09.25 10:28:27.204,1.33076,1.33083,1.50,1.38
2013.09.25 10:28:27.564,1.33078,1.33083,1.00,1.38
2013.09.25 10:28:27.884,1.33078,1.33079,1.00,1.00
2013.09.25 10:28:28.124,1.33076,1.33079,1.00,1.00
2013.09.25 10:28:28.184,1.33074,1.33079,1.69,1.38
2013.09.25 10:28:28.739,1.33073,1.33079,1.88,1.38
2013.09.25 10:28:29.095,1.33071,1.33075,1.17,1.00
2013.09.25 10:28:29.154,1.33074,1.33078,1.17,1.38
2013.09.25 10:28:29.693,1.33075,1.33078,1.88,1.00
2013.09.25 10:28:30.693,1.33075,1.33079,1.00,1.00
2013.09.25 10:28:31.173,1.33075,1.33081,1.50,1.13
2013.09.25 10:28:39.567,1.33076,1.33081,1.00,1.13
2013.09.25 10:28:39.649,1.33084,1.33089,1.13,1.88
2013.09.25 10:28:42.043,1.33086,1.33089,1.88,1.00
2013.09.25 10:28:43.954,1.33084,1.33087,1.35,1.50
2013.09.25 10:28:44.255,1.33078,1.33079,1.00,1.00
2013.09.25 10:28:44.434,1.33073,1.33078,4.13,1.00
2013.09.25 10:28:44.735,1.33071,1.33078,1.88,1.38
2013.09.25 10:28:45.094,1.33071,1.33078,2.48,1.38
2013.09.25 10:28:45.633,1.33071,1.33079,1.50,1.38
2013.09.25 10:28:46.158,1.33071,1.33079,1.50,2.25
2013.09.25 10:28:47.404,1.33074,1.3308,1.88,1.13
2013.09.25 10:28:47.764,1.3308,1.33083,1.00,1.00
2013.09.25 10:28:47.883,1.3308,1.33086,1.30,2.25
2013.09.25 10:28:49.435,1.3308,1.33087,2.10,1.00
2013.09.25 10:28:52.936,1.33081,1.33087,1.13,1.50
2013.09.25 10:29:01.424,1.33078,1.33084,2.48,1.00
2013.09.25 10:29:01.543,1.33078,1.33083,2.10,1.13
2013.09.25 10:29:01.664,1.33078,1.33084,2.48,1.88
2013.09.25 10:29:02.204,1.33077,1.33083,2.85,1.50
2013.09.25 10:29:06.413,1.33079,1.33083,3.42,1.00
2013.09.25 10:29:06.593,1.33081,1.33086,1.30,1.13
2013.09.25 10:29:08.975,1.33081,1.33087,1.73,1.50
2013.09.25 10:29:19.034,1.33081,1.33088,1.30,1.38
2013.09.25 10:29:19.734,1.33081,1.33087,1.30,1.13
2013.09.25 10:29:21.613,1.33081,1.33088,1.30,2.25
2013.09.25 10:29:21.853,1.33084,1.33088,1.30,2.25
2013.09.25 10:29:22.395,1.33084,1.33088,1.68,1.00
2013.09.25 10:29:25.803,1.33084,1.33088,1.30,1.00
2013.09.25 10:29:26.535,1.33084,1.33088,1.68,1.00
2013.09.25 10:29:27.053,1.33082,1.33088,1.00,2.25
2013.09.25 10:29:27.556,1.33081,1.33088,2.25,2.25
2013.09.25 10:29:32.405,1.33081,1.33088,1.88,2.25
2013.09.25 10:29:34.213,1.33081,1.33088,1.50,2.25
2013.09.25 10:29:37.393,1.33081,1.33088,1.88,2.25
2013.09.25 10:29:41.373,1.33081,1.33088,1.73,1.88
2013.09.25 10:29:46.933,1.33081,1.33088,1.50,1.88
2013.09.25 10:29:49.964,1.33081,1.33088,1.73,1.88
2013.09.25 10:29:50.773,1.33082,1.33088,2.10,1.88
2013.09.25 10:29:53.444,1.33085,1.33087,1.30,1.00
2013.09.25 10:30:07.063,1.33082,1.33087,2.48,1.38
2013.09.25 10:30:07.853,1.33081,1.33086,2.25,1.13
2013.09.25 10:30:08.033,1.33079,1.33085,2.63,1.00
2013.09.25 10:30:10.653,1.3308,1.33085,1.13,1.00
2013.09.25 10:30:10.894,1.33082,1.33084,1.13,1.00
2013.09.25 10:30:11.254,1.33085,1.33091,1.00,2.63
2013.09.25 10:30:11.493,1.33086,1.33091,1.00,2.25
2013.09.25 10:30:12.033,1.33085,1.33091,1.00,3.38
2013.09.25 10:30:12.333,1.33083,1.33089,1.13,1.00
2013.09.25 10:30:14.646,1.33081,1.33087,3.38,1.00
2013.09.25 10:30:14.954,1.33084,1.33091,3.75,2.63
2013.09.25 10:30:15.134,1.33083,1.33086,1.60,1.00
2013.09.25 10:30:15.193,1.3308,1.33086,2.48,1.00
2013.09.25 10:30:15.748,1.33079,1.33086,1.38,2.44
2013.09.25 10:30:18.206,1.33079,1.33087,2.48,3.94
2013.09.25 10:30:18.743,1.3308,1.33088,1.13,1.75
2013.09.25 10:30:18.983,1.33086,1.33089,1.50,1.38
2013.09.25 10:30:19.104,1.33083,1.3309,2.63,2.82
2013.09.25 10:30:22.153,1.33081,1.3309,1.38,6.57
2013.09.25 10:30:22.795,1.3308,1.33089,1.88,1.25
2013.09.25 10:30:34.024,1.33085,1.3309,1.00,2.25
2013.09.25 10:30:34.264,1.33087,1.3309,1.00,1.50
2013.09.25 10:30:34.804,1.33088,1.3309,1.00,1.50
2013.09.25 10:30:35.083,1.33088,1.33094,1.00,3.00
2013.09.25 10:30:40.974,1.3309,1.33094,1.00,1.00
2013.09.25 10:30:41.093,1.3309,1.331,1.00,1.88
2013.09.25 10:30:42.943,1.3309,1.33095,1.00,1.00
2013.09.25 10:30:48.995,1.3309,1.33095,2.10,1.00
2013.09.25 10:30:50.655,1.3309,1.33097,2.10,2.25
2013.09.25 10:30:50.955,1.33091,1.33095,1.38,1.00
2013.09.25 10:31:03.754,1.33091,1.33097,1.38,1.00
2013.09.25 10:31:10.573,1.33091,1.33098,1.88,1.00
2013.09.25 10:31:16.253,1.33094,1.33098,1.00,1.00
2013.09.25 10:31:16.374,1.33095,1.33101,1.00,3.75
2013.09.25 10:31:16.924,1.33095,1.33101,1.13,1.38
2013.09.25 10:31:17.463,1.33095,1.33101,1.38,1.38
2013.09.25 10:31:17.638,1.33093,1.33098,1.50,1.00
2013.09.25 10:31:18.173,1.33092,1.33098,1.13,1.00
2013.09.25 10:31:22.743,1.33092,1.33098,1.68,1.00
2013.09.25 10:31:27.203,1.33091,1.33096,4.35,1.00
2013.09.25 10:31:28.053,1.33091,1.33098,3.38,1.50
2013.09.25 10:31:28.865,1.33091,1.33096,1.88,1.00
2013.09.25 10:31:34.724,1.33091,1.33098,1.50,1.50
2013.09.25 10:31:36.514,1.33095,1.33099,1.30,1.00
2013.09.25 10:31:36.638,1.33095,1.33101,1.68,1.88
2013.09.25 10:31:36.945,1.33096,1.33102,1.88,1.13
2013.09.25 10:31:37.484,1.33096,1.33101,1.88,1.00
2013.09.25 10:31:50.604,1.33097,1.33102,2.48,1.00
2013.09.25 10:31:50.965,1.33096,1.331,1.38,1.00
2013.09.25 10:31:51.423,1.33096,1.331,1.38,1.00
2013.09.25 10:31:51.933,1.33095,1.33099,1.38,1.00
2013.09.25 10:31:52.152,1.33095,1.33098,1.00,1.00
2013.09.25 10:31:53.885,1.33094,1.33097,1.35,1.00
2013.09.25 10:31:54.244,1.33094,1.33096,1.00,1.00
2013.09.25 10:32:15.373,1.33092,1.33095,1.00,1.00
2013.09.25 10:32:17.014,1.33092,1.33097,1.38,1.25
2013.09.25 10:32:17.133,1.33092,1.33095,1.38,1.00
2013.09.25 10:32:17.452,1.33092,1.33094,1.00,1.00
2013.09.25 10:32:18.554,1.33092,1.33095,1.38,1.00
2013.09.25 10:32:19.883,1.33092,1.33096,1.38,1.00
2013.09.25 10:32:19.943,1.33092,1.33096,1.00,1.13
2013.09.25 10:32:20.005,1.33091,1.33094,1.13,1.00
2013.09.25 10:32:20.543,1.3309,1.33094,1.13,1.00
2013.09.25 10:32:22.284,1.3309,1.33091,1.00,1.00
2013.09.25 10:32:22.404,1.3309,1.33093,1.00,1.50
2013.09.25 10:32:23.017,1.3309,1.33094,1.13,1.00
2013.09.25 10:32:23.555,1.3309,1.33095,1.13,1.50
2013.09.25 10:32:25.425,1.33088,1.33091,1.38,1.00
2013.09.25 10:32:25.663,1.33081,1.33086,2.63,1.00
2013.09.25 10:32:26.183,1.33081,1.33085,1.38,1.00
2013.09.25 10:32:27.136,1.33081,1.33085,1.38,1.00
2013.09.25 10:32:27.653,1.33081,1.33086,1.38,1.00
2013.09.25 10:32:29.424,1.33078,1.33086,3.60,1.50
2013.09.25 10:32:33.784,1.33081,1.33087,1.38,1.00
2013.09.25 10:32:33.963,1.33084,1.3309,1.73,1.50
2013.09.25 10:32:34.667,1.33084,1.3309,1.73,1.50
2013.09.25 10:32:35.234,1.33085,1.3309,2.48,1.50
2013.09.25 10:32:35.473,1.33087,1.33092,1.68,1.00
2013.09.25 10:32:35.984,1.33084,1.33091,1.75,1.00
2013.09.25 10:32:36.284,1.33088,1.33095,1.38,1.88
2013.09.25 10:32:36.979,1.33088,1.33094,1.38,1.50
2013.09.25 10:32:37.164,1.33086,1.33092,1.38,1.00
2013.09.25 10:32:37.465,1.33083,1.33089,1.38,1.00
2013.09.25 10:32:38.004,1.33085,1.3309,1.00,1.13
2013.09.25 10:32:38.554,1.33084,1.3309,1.00,1.00
2013.09.25 10:32:45.973,1.33084,1.33091,1.50,1.13
2013.09.25 10:32:48.336,1.33083,1.3309,5.07,1.13
2013.09.25 10:32:49.224,1.33083,1.33093,5.44,1.00
2013.09.25 10:32:50.444,1.33083,1.3309,4.50,1.13
2013.09.25 10:32:50.803,1.33081,1.33086,2.85,2.27
2013.09.25 10:32:54.896,1.33083,1.33087,1.38,1.15
2013.09.25 10:32:54.954,1.33083,1.33089,1.75,1.50
2013.09.25 10:32:55.513,1.33085,1.3309,1.38,1.50
2013.09.25 10:32:55.754,1.33084,1.33086,1.38,1.00
2013.09.25 10:32:56.055,1.33084,1.33089,1.13,1.38
2013.09.25 10:32:56.294,1.33084,1.3309,2.10,2.63
2013.09.25 10:33:06.264,1.33087,1.33092,1.38,1.00
2013.09.25 10:33:06.504,1.33085,1.3309,1.38,1.38
2013.09.25 10:33:06.891,1.33082,1.33086,1.00,1.00
2013.09.25 10:33:07.444,1.33085,1.33089,1.13,1.13
2013.09.25 10:33:07.953,1.33085,1.33091,1.38,1.38
2013.09.25 10:33:08.663,1.33085,1.33091,1.38,1.00
2013.09.25 10:33:10.433,1.33085,1.33089,1.00,1.00
2013.09.25 10:33:11.454,1.33085,1.33088,1.38,1.00
2013.09.25 10:33:13.294,1.33082,1.33086,1.50,1.00
2013.09.25 10:33:13.814,1.33083,1.33089,1.88,1.88
2013.09.25 10:33:14.418,1.33082,1.33086,1.13,1.00
2013.09.25 10:33:16.423,1.33082,1.33085,1.00,1.00
2013.09.25 10:33:17.569,1.33082,1.33088,2.25,1.88
2013.09.25 10:33:18.174,1.33083,1.33088,1.38,1.13
2013.09.25 10:33:22.855,1.33085,1.33089,1.13,1.88
2013.09.25 10:33:23.154,1.33085,1.33091,1.50,1.13
2013.09.25 10:33:23.664,1.33085,1.33091,3.42,1.13
2013.09.25 10:33:24.204,1.33086,1.33091,1.00,1.00
2013.09.25 10:33:27.014,1.33085,1.3309,1.13,1.00
2013.09.25 10:33:27.134,1.33085,1.33088,1.00,1.00
2013.09.25 10:33:27.374,1.33085,1.3309,1.00,1.13
2013.09.25 10:33:27.433,1.33085,1.33088,1.00,1.00
2013.09.25 10:33:27.554,1.33085,1.3309,1.00,1.88
2013.09.25 10:33:28.094,1.33087,1.33093,1.00,1.88
2013.09.25 10:33:28.634,1.33086,1.33089,1.68,1.00
2013.09.25 10:33:28.753,1.33085,1.33089,1.60,1.00
2013.09.25 10:33:29.285,1.33085,1.33089,1.00,1.50
2013.09.25 10:33:30.165,1.33085,1.3309,1.50,1.00
2013.09.25 10:33:30.818,1.33086,1.33092,1.73,1.00
2013.09.25 10:33:44.914,1.33086,1.33092,1.38,1.00
2013.09.25 10:33:45.364,1.33088,1.33094,1.13,1.50
2013.09.25 10:33:47.274,1.33088,1.33095,1.13,1.00
2013.09.25 10:33:49.023,1.33089,1.33096,1.00,2.63
2013.09.25 10:33:49.525,1.33088,1.33095,1.13,1.00
2013.09.25 10:33:56.281,1.33089,1.33096,1.00,2.63
2013.09.25 10:34:02.215,1.33089,1.33094,1.00,1.00
2013.09.25 10:34:04.294,1.33087,1.33093,1.35,1.00
2013.09.25 10:34:06.785,1.33087,1.33093,2.10,1.00
2013.09.25 10:34:09.624,1.33087,1.33092,1.68,1.00
2013.09.25 10:34:10.164,1.33087,1.33093,1.68,1.00
2013.09.25 10:34:12.615,1.33087,1.33092,1.68,1.00
2013.09.25 10:34:12.675,1.33087,1.33092,1.30,2.63
2013.09.25 10:34:13.095,1.33086,1.33093,1.13,1.13
2013.09.25 10:34:13.155,1.33086,1.33093,2.10,1.13
